{"seq":0,"ts":1781838900000,"agent_id":"baseline-momentum","symbol":"SOLUSDT","side":"sell","price":68.73037607502,"quantity":29.099215139125338,"notional_usd":2000.0,"fee_usd":1.2,"balance_before_usd":10000.0,"balance_after_usd":9998.199859969993,"decision":"ALLOW_CAPPED","cert_hash":"e4d6c27b2b603c902971b7b9959e8aad6a0aae4d322c7ec1a5d09cee8d41d134","prev_hash":"0000000000000000000000000000000000000000000000000000000000000000","record_hash":"36491b24851cadae2bda7bb1b376cd84145f54f44d40afc75b9315860903788e","signature_hex":"53522c58ed393d9eff8dee0d067066327d203022e6e3263607d49e8e6fd6cf95b61f1030d3ca5b8112f2c9783707283c68f275bfea749ab753ae85bba4011900","public_key_hex":"c2f8243b0d573587f285c830a868acd19249d17d59ecbf9329e796dfed6fb630"}
{"seq":1,"ts":1781838960000,"agent_id":"baseline-momentum","symbol":"SOLUSDT","side":"sell","price":68.77836167598001,"quantity":29.078913066033024,"notional_usd":2000.0,"fee_usd":1.2,"balance_before_usd":9996.803097643315,"balance_after_usd":9995.00295761331,"decision":"ALLOW_CAPPED","cert_hash":"706f2ec20b15e5c6438437a14961e39e173299a45b6cc15f2b248f5cf107df0e","prev_hash":"36491b24851cadae2bda7bb1b376cd84145f54f44d40afc75b9315860903788e","record_hash":"58b6b117eac36c9e6dad4c6df3a0c78f3c45a4a3af129af9333fe6ba6c3ef8f0","signature_hex":"e57c57140d02068db1bd7bcb29305c9780a5d6d5142f725506cff4db5e540043c6fbbe5ee2980c878d9af5e604ef52d57c9bb62149feda9847e40f482d42d602","public_key_hex":"c2f8243b0d573587f285c830a868acd19249d17d59ecbf9329e796dfed6fb630"}
{"seq":2,"ts":1781839020000,"agent_id":"baseline-momentum","symbol":"SOLUSDT","side":"sell","price":68.80281986976487,"quantity":14.43359192631582,"notional_usd":993.07182538,"fee_usd":0.5958430952279999,"balance_before_usd":9993.781216921001,"balance_after_usd":9992.937402836717,"decision":"ALLOW","cert_hash":"754aa21e50bba10936e89e1de04a005365cf22cc4a5539213f590c876209f37e","prev_hash":"58b6b117eac36c9e6dad4c6df3a0c78f3c45a4a3af129af9333fe6ba6c3ef8f0","record_hash":"8e9a2f16674a1a7a71f55675e2591dbd992f44a749c02c736a5540c26adedb99","signature_hex":"c2b17e6673fc8cbe7f585357753c419eac58f3ef4894c4a49d4dfc7d3786ac74576fd0d8b298cfab2aeaf7590227099eaf4e2336f90a06804eb13f6f6e210a01","public_key_hex":"c2f8243b0d573587f285c830a868acd19249d17d59ecbf9329e796dfed6fb630"}
{"seq":3,"ts":1778461200000,"agent_id":"baseline-momentum","symbol":"SOLUSDT","side":"buy","price":96.03680432016,"quantity":20.825349345575432,"notional_usd":2000.0,"fee_usd":1.2,"balance_before_usd":10000.0,"balance_after_usd":9998.200139970006,"decision":"ALLOW_CAPPED","cert_hash":"4d9aa0db257d4740ace1ed80b3f616c1bacc92ababa48c79e96dbc4f6e058755","prev_hash":"8e9a2f16674a1a7a71f55675e2591dbd992f44a749c02c736a5540c26adedb99","record_hash":"05ec808f76aeba226a86a74db94389dd90a6a8e11f282f352114afc1217016fc","signature_hex":"a63757fd7f373f55ef43303c01419cad9328ea668802240d3b6996febdb30560d4457e670ccb123cf550fee4ba8fa023c6bcff38766f85fc6e3ce77d904cd903","public_key_hex":"c2f8243b0d573587f285c830a868acd19249d17d59ecbf9329e796dfed6fb630"}
{"seq":4,"ts":1778464800000,"agent_id":"baseline-momentum","symbol":"SOLUSDT","side":"buy","price":95.3035844055,"quantity":20.98556956147999,"notional_usd":2000.0,"fee_usd":1.2,"balance_before_usd":9982.9351588997,"balance_after_usd":9981.135298869707,"decision":"ALLOW_CAPPED","cert_hash":"56bbfbd4ba1e407cb796f79123f7a72100043d75f2b7545169483cc4dfcb56b9","prev_hash":"05ec808f76aeba226a86a74db94389dd90a6a8e11f282f352114afc1217016fc","record_hash":"c02992600961c133e7dcc177c0b21ec8dc0dafaaa3c5fc9a67ed84e8a8f5266d","signature_hex":"1dc801a756c163c5edee23458753e68b8c1288c6a3ffaa060b98d7521a8d8017b81ea372a812eef55e4bb0736f6ec3b37edc87c09891c7c1eb81f27077b25f08","public_key_hex":"c2f8243b0d573587f285c830a868acd19249d17d59ecbf9329e796dfed6fb630"}
{"seq":5,"ts":1778468400000,"agent_id":"baseline-momentum","symbol":"SOLUSDT","side":"buy","price":94.75777181121646,"quantity":10.746793478415869,"notional_usd":1018.34220413,"fee_usd":0.611005322478,"balance_before_usd":9958.515591740988,"balance_after_usd":9957.649115672759,"decision":"ALLOW","cert_hash":"735200884103d012648fb49855ac1ceb99e56ab3363cc5e4206f382d4d59d158","prev_hash":"c02992600961c133e7dcc177c0b21ec8dc0dafaaa3c5fc9a67ed84e8a8f5266d","record_hash":"c4ee9427ef3a280b44ab4c53956850822a8ba1df8f0dfc861e0142d59e0e91f2","signature_hex":"645702f226ac135579e2491fb932b267071c306a05fcf1dea2db201471204392377b9c9beba7d2c896c6ded23315521f8638e138567a9fcbc28d8c6a4bd90b0b","public_key_hex":"c2f8243b0d573587f285c830a868acd19249d17d59ecbf9329e796dfed6fb630"}
{"seq":6,"ts":1778504400000,"agent_id":"baseline-momentum","symbol":"SOLUSDT","side":"sell","price":95.15544670368,"quantity":21.01823983053881,"notional_usd":2000.0,"fee_usd":1.2,"balance_before_usd":9981.300086246221,"balance_after_usd":9979.499946216216,"decision":"ALLOW_CAPPED","cert_hash":"c040a086d63f99f2ba334ed4bfa76cd5e67d21f81c4fcf540c8f7c12d0f0c1f0","prev_hash":"c4ee9427ef3a280b44ab4c53956850822a8ba1df8f0dfc861e0142d59e0e91f2","record_hash":"caf6266e5e5f7e101a1192107a55c545a3366c17b4c78534417a2955925a4cfe","signature_hex":"fcba221f14877fbdd53ef86c4c5f33a1be88879615a5324e4617e68721edf15a1830edbcbcb0bf7f5552ec85adf6ada9ab9540caa0cbd1665cc16d95f4f4290e","public_key_hex":"c2f8243b0d573587f285c830a868acd19249d17d59ecbf9329e796dfed6fb630"}
{"seq":7,"ts":1778508000000,"agent_id":"baseline-momentum","symbol":"SOLUSDT","side":"sell","price":95.07547070208001,"quantity":21.035920045739463,"notional_usd":2000.0,"fee_usd":1.2,"balance_before_usd":9976.976788411821,"balance_after_usd":9975.176648381814,"decision":"ALLOW_CAPPED","cert_hash":"f673882501dd385e6027167d886c6bf9d3fef1194b237293adc97b5379c2d8a7","prev_hash":"caf6266e5e5f7e101a1192107a55c545a3366c17b4c78534417a2955925a4cfe","record_hash":"6ac346dc56171135f902b59d8645f63643c47b283b8d3e8a6490e4ad44567fd1","signature_hex":"d45c60643edfe3979eaf0e09dbdcf2c38739bcf3e354913af8b6658ad37c54f0705c2667b4b44ac3ed4fd66c2db3fffd37458f76d9576724edf15c041cde1101","public_key_hex":"c2f8243b0d573587f285c830a868acd19249d17d59ecbf9329e796dfed6fb630"}
{"seq":8,"ts":1778515200000,"agent_id":"baseline-momentum","symbol":"SOLUSDT","side":"buy","price":97.3041844455,"quantity":20.554100642200012,"notional_usd":2000.0,"fee_usd":1.2,"balance_before_usd":9997.979860879272,"balance_after_usd":9996.180000849277,"decision":"ALLOW_CAPPED","cert_hash":"14d6eecc900caa668cd5480630a3734f3d22cf446d4c2edb3db551c6041ac637","prev_hash":"6ac346dc56171135f902b59d8645f63643c47b283b8d3e8a6490e4ad44567fd1","record_hash":"05f3ffbc289f2a257626256833025ab908258f508ad2beca67a1edadf8dad070","signature_hex":"5c9bd021ff2c928df8dc01c69aa2771dfe8f9e5aa9cfaab079c508e1bddb916911acd233c5ee442701f25228790d101235cebd10eae19045c726c5d012368a0d","public_key_hex":"c2f8243b0d573587f285c830a868acd19249d17d59ecbf9329e796dfed6fb630"}
{"seq":9,"ts":1778518800000,"agent_id":"baseline-momentum","symbol":"SOLUSDT","side":"buy","price":97.75117203205784,"quantity":20.15336863678654,"notional_usd":1970.01540464,"fee_usd":1.1820092427839999,"balance_before_usd":10010.06277180795,"balance_after_usd":10008.292847849221,"decision":"ALLOW","cert_hash":"07ee05851c38b3f455ab680bf073b902179bb254593c620e071af71cdc90f01a","prev_hash":"05f3ffbc289f2a257626256833025ab908258f508ad2beca67a1edadf8dad070","record_hash":"0b900c5589e403e473f06fd5918773892cc899b0a6b5f132ad122a91344c8356","signature_hex":"ae983bed5e825147ac11641f0cc7f8d08752c393b66947378ad76a7da4e6b12d3c06df5be637f9c3b4e8b65a6d6ba52eb6077987872b487a219c3b5679d24a02","public_key_hex":"c2f8243b0d573587f285c830a868acd19249d17d59ecbf9329e796dfed6fb630"}
{"seq":10,"ts":1778583600000,"agent_id":"baseline-momentum","symbol":"SOLUSDT","side":"sell","price":94.9165183989,"quantity":21.07114792806368,"notional_usd":2000.0,"fee_usd":1.2,"balance_before_usd":9866.079840343446,"balance_after_usd":9864.27970031344,"decision":"ALLOW_CAPPED","cert_hash":"724be628970057fe8e4b637726cad7335239142771d551211c7a8fb81940b610","prev_hash":"0b900c5589e403e473f06fd5918773892cc899b0a6b5f132ad122a91344c8356","record_hash":"dbe69d48bde323767fb433b25c78aa647bf05860fd28a13ce43bbf48e5ff6bfa","signature_hex":"5a73b6becec90ffa93ee6886e69df62ae091f0e0a0eff9b4bea8499d030290680702c210d702e8521a27468b47e02c1206da03e5dd2f4a6d2c3f4e6fc91a4b0b","public_key_hex":"c2f8243b0d573587f285c830a868acd19249d17d59ecbf9329e796dfed6fb630"}
{"seq":11,"ts":1778587200000,"agent_id":"baseline-momentum","symbol":"SOLUSDT","side":"sell","price":95.15344730364001,"quantity":21.018681473703076,"notional_usd":2000.0,"fee_usd":1.2,"balance_before_usd":9871.422850418287,"balance_after_usd":9869.622710388281,"decision":"ALLOW_CAPPED","cert_hash":"b328eeab9b6cc5ffaf6345892b7b1e9869693a1186af48cac4b478a43830fe33","prev_hash":"dbe69d48bde323767fb433b25c78aa647bf05860fd28a13ce43bbf48e5ff6bfa","record_hash":"1d86d963801a23c7868d1c38f353d308c2642a5ac2322669c5183584a15cae7e","signature_hex":"d727471cab4514b18092d508ff53062a391e56fb869608572323a338031a3752b018dc31d4191e6f45e3e0c3f2259a69cfddf4bec0aa065e5781d606179cd506","public_key_hex":"c2f8243b0d573587f285c830a868acd19249d17d59ecbf9329e796dfed6fb630"}
{"seq":12,"ts":1778590800000,"agent_id":"baseline-momentum","symbol":"SOLUSDT","side":"sell","price":94.64260059342001,"quantity":21.13213275480354,"notional_usd":2000.0,"fee_usd":1.2,"balance_before_usd":9864.961781078824,"balance_after_usd":9863.161641048817,"decision":"ALLOW_CAPPED","cert_hash":"1fb0f3944cf689e2059d71d06a9d43ac59c271290a7435c0cd67b3daa1a33f4d","prev_hash":"1d86d963801a23c7868d1c38f353d308c2642a5ac2322669c5183584a15cae7e","record_hash":"c3d05c02aabd619c1e374a9ffb7fd7eb4cf9ec2239a872d9fdac9420d4b48bf2","signature_hex":"7cdf78429647474035dea357f30f3461512c56d37a9ab8f06a5922d824fffc023e1a5fe1e2ace0d72f00bed2525958475c9343e6f9a3812fe2a9e4a90de1db03","public_key_hex":"c2f8243b0d573587f285c830a868acd19249d17d59ecbf9329e796dfed6fb630"}
{"seq":13,"ts":1778594400000,"agent_id":"baseline-momentum","symbol":"SOLUSDT","side":"sell","price":94.49864379054,"quantity":21.164324902197322,"notional_usd":2000.0,"fee_usd":1.2,"balance_before_usd":9864.891216461867,"balance_after_usd":9863.091076431858,"decision":"ALLOW_CAPPED","cert_hash":"7da628dc93e22e0b516194b1d72029898749736643fd89128096bc32a961f3b4","prev_hash":"c3d05c02aabd619c1e374a9ffb7fd7eb4cf9ec2239a872d9fdac9420d4b48bf2","record_hash":"49cd39e553ccdd428b75b1bfc46033089d02fbe65ad1568f5ec28e72c55cb883","signature_hex":"3ac2099a81b4c6e1b00ab3f4376d1b84feb2c861c8e65899b0a350586b1cca90ffcc429a2d845b307e1a0a15182014572edc427a221af0ddc48b9caca3344106","public_key_hex":"c2f8243b0d573587f285c830a868acd19249d17d59ecbf9329e796dfed6fb630"}
{"seq":14,"ts":1778598000000,"agent_id":"baseline-momentum","symbol":"SOLUSDT","side":"sell","price":93.80464895988776,"quantity":19.51046640356395,"notional_usd":1830.17245203,"fee_usd":1.098103471218,"balance_before_usd":9886.147885794919,"balance_after_usd":9884.516150774485,"decision":"ALLOW","cert_hash":"df6106d76722b232c18e5a284bdb24299faa0b71c26c7c4eba48588f9ca186b6","prev_hash":"49cd39e553ccdd428b75b1bfc46033089d02fbe65ad1568f5ec28e72c55cb883","record_hash":"25570e253dc1fe4aeb6d77624ee7efb2a4161e8c9dda7fd53b04a75bd4d2977c","signature_hex":"6e1d380a5db55e713e0fc235fe483f3801753689a848f79e6ae6caa05b612c1b2f643b66c7a9898269a913486b7863f9de42f3e666ce205f18717372a7a7cb0e","public_key_hex":"c2f8243b0d573587f285c830a868acd19249d17d59ecbf9329e796dfed6fb630"}
{"seq":15,"ts":1778662800000,"agent_id":"baseline-momentum","symbol":"SOLUSDT","side":"buy","price":95.70770561357999,"quantity":20.896958998003807,"notional_usd":2000.0,"fee_usd":1.2,"balance_before_usd":9787.205604372328,"balance_after_usd":9785.405744342332,"decision":"ALLOW_CAPPED","cert_hash":"4239dabdf651317d57adb2abd1222f337e2da845b063e6bac9be2ef55bb5bc12","prev_hash":"25570e253dc1fe4aeb6d77624ee7efb2a4161e8c9dda7fd53b04a75bd4d2977c","record_hash":"cf3734a3915a858ac06cb4bd6e5d4caeb7db60b357114e537892dec580d93b97","signature_hex":"468e24fe3f5e4f139100f5704992d690ee12179375304b9e3db4e254392e23cdd6a1bc128a54ff504f24e68337883a05e3231b606b741ddf37904d153cc5c707","public_key_hex":"c2f8243b0d573587f285c830a868acd19249d17d59ecbf9329e796dfed6fb630"}
{"seq":16,"ts":1778677200000,"agent_id":"baseline-momentum","symbol":"SOLUSDT","side":"sell","price":92.23032444516001,"quantity":21.684841856858007,"notional_usd":2000.0,"fee_usd":1.2,"balance_before_usd":9894.155135667435,"balance_after_usd":9892.354995637428,"decision":"ALLOW_CAPPED","cert_hash":"701719e06271b84317ea12121314259bc433797aeba1c0662c5cef97b3925e10","prev_hash":"cf3734a3915a858ac06cb4bd6e5d4caeb7db60b357114e537892dec580d93b97","record_hash":"0a47c24ad78967d806feb203f51da11fc88fb388dc07557ea90cc38575311df9","signature_hex":"901eeb94d72d1b2e7cb8360e49736ce7f078d55fc006d6e853d98879a469af4f536e6c97e7b06fcf37a000b4d4621b125a0ade53f6753fea9d2096d477790f04","public_key_hex":"c2f8243b0d573587f285c830a868acd19249d17d59ecbf9329e796dfed6fb630"}
{"seq":17,"ts":1778727600000,"agent_id":"baseline-momentum","symbol":"SOLUSDT","side":"sell","price":89.87911294642514,"quantity":2.248635495551345,"notional_usd":202.10536368,"fee_usd":0.12126321820800001,"balance_before_usd":10018.552725935322,"balance_after_usd":10018.38899261804,"decision":"ALLOW","cert_hash":"88458e7756af2df6b24ada64e4379bddaeed49dc36a33b28131e9314928a0ac9","prev_hash":"0a47c24ad78967d806feb203f51da11fc88fb388dc07557ea90cc38575311df9","record_hash":"f0ffa998b7a230d702db1902367414e4350726a945a8a447eb8bb819c65d5194","signature_hex":"d1bcd6414cf3df8c2c0637fc62bf330d2d95ed6a6d4eedf5b04431c01880bb771f7e4ef217dd4ba39820d5eaef26d36281e4ff1d602d212b17a05d1e8ee5f602","public_key_hex":"c2f8243b0d573587f285c830a868acd19249d17d59ecbf9329e796dfed6fb630"}
{"seq":18,"ts":1778767200000,"agent_id":"baseline-momentum","symbol":"SOLUSDT","side":"buy","price":92.25767084460001,"quantity":21.678414181611252,"notional_usd":2000.0,"fee_usd":1.2,"balance_before_usd":9888.444705551443,"balance_after_usd":9886.644845521449,"decision":"ALLOW_CAPPED","cert_hash":"233ff61e27ab60499f43da91f3c872cc6658a0ea2db98c737fb285f1085eb7c7","prev_hash":"f0ffa998b7a230d702db1902367414e4350726a945a8a447eb8bb819c65d5194","record_hash":"7134da9ac5e23c69ed88690d7fc17b65bdf6d5f5e9a3b19830054f011f0359d2","signature_hex":"fc5347dfa09bfef1d0ba4dcfe4e62523451a38e3d83b8b64db4191e04f719a281c629b70bc76de451eeebb6e40c190c1d764ee52e3ed31986e3a298353fefe0c","public_key_hex":"c2f8243b0d573587f285c830a868acd19249d17d59ecbf9329e796dfed6fb630"}
{"seq":19,"ts":1778770800000,"agent_id":"baseline-momentum","symbol":"SOLUSDT","side":"buy","price":93.14393666232,"quantity":21.472143777331567,"notional_usd":2000.0,"fee_usd":1.2,"balance_before_usd":9856.482006961054,"balance_after_usd":9854.68214693106,"decision":"ALLOW_CAPPED","cert_hash":"f124dc633b54778d2900221e8c64b65c38bdcad8e1e496cc25c1992b9abbc030","prev_hash":"7134da9ac5e23c69ed88690d7fc17b65bdf6d5f5e9a3b19830054f011f0359d2","record_hash":"8c0ca2e601f96b42914f7460ede76d3753ba51c81c85a3a7412bfb76ce91c5cc","signature_hex":"42f3eaded0687cd95a98d2906bc321f39edcc69ae9516f1a3c2316599acb5043abdea890e9cda8248692e489b867cb3a1e32bdeaf69b2bfd034a00f8f041450b","public_key_hex":"c2f8243b0d573587f285c830a868acd19249d17d59ecbf9329e796dfed6fb630"}
{"seq":20,"ts":1778774400000,"agent_id":"baseline-momentum","symbol":"SOLUSDT","side":"buy","price":93.32199006587999,"quantity":21.431176066735336,"notional_usd":2000.0,"fee_usd":1.2,"balance_before_usd":9852.444385742669,"balance_after_usd":9850.644525712674,"decision":"ALLOW_CAPPED","cert_hash":"a863b236330fc24474b8baf2d508353ecc7096e5e9de99136a1affa594e4c880","prev_hash":"8c0ca2e601f96b42914f7460ede76d3753ba51c81c85a3a7412bfb76ce91c5cc","record_hash":"01ac3e6a3c7bfb90e38bf219d2d0d40241222a8db0efb44f4332cc32c737a4e9","signature_hex":"bbe3e312b77ca3f6f15d8b08f8bd161bb7beb5a1bf25e3b17474fb2f785f07bcfb52ebeb6ab711bb3228f4a30f8f2dca1c14a2f2f2e8c855b7e106784a9c7b05","public_key_hex":"c2f8243b0d573587f285c830a868acd19249d17d59ecbf9329e796dfed6fb630"}
{"seq":21,"ts":1778778000000,"agent_id":"baseline-momentum","symbol":"SOLUSDT","side":"buy","price":93.00489495954001,"quantity":21.50424449025034,"notional_usd":2000.0,"fee_usd":1.2,"balance_before_usd":9847.836069285588,"balance_after_usd":9846.036209255593,"decision":"ALLOW_CAPPED","cert_hash":"e612dc21d317eaf0c4e7885d8027a0adbf93c7a459dc85c71e78e380d51538aa","prev_hash":"01ac3e6a3c7bfb90e38bf219d2d0d40241222a8db0efb44f4332cc32c737a4e9","record_hash":"203bcac3d972d709b037846ebc48da3b393e51dd31ce1d3e0fd855b77d335e64","signature_hex":"ac11c189979825183cb80f741aad705ec561b20b4875792ecb332ecf401f9c82f90d49cf56a9121c2fd4def37b38da014c17756662a34b45211d8b1d576e9a01","public_key_hex":"c2f8243b0d573587f285c830a868acd19249d17d59ecbf9329e796dfed6fb630"}
{"seq":22,"ts":1778781600000,"agent_id":"baseline-momentum","symbol":"SOLUSDT","side":"buy","price":93.43102276806,"quantity":21.40616618277792,"notional_usd":2000.0,"fee_usd":1.2,"balance_before_usd":9858.971157591213,"balance_after_usd":9857.17129756122,"decision":"ALLOW_CAPPED","cert_hash":"74f08c5d8f7f13ea044247681b0d887ed067a776880011bfbffbee727ef6c854","prev_hash":"203bcac3d972d709b037846ebc48da3b393e51dd31ce1d3e0fd855b77d335e64","record_hash":"467445bc9ba601cd9bc95ae51ec8be724d45435ce836c8b68a249762fae343de","signature_hex":"87e864195dceb3d853b74772d1e64c60aeae841f2eb4f6b4e42bca5a5a3a5081dd2846899c7930895907f328a73da7b23c87f466abd0c4fef8ed40efd7f56a04","public_key_hex":"c2f8243b0d573587f285c830a868acd19249d17d59ecbf9329e796dfed6fb630"}
{"seq":23,"ts":1778839200000,"agent_id":"baseline-momentum","symbol":"SOLUSDT","side":"sell","price":91.40657162868,"quantity":21.8802648908503,"notional_usd":2000.0,"fee_usd":1.2,"balance_before_usd":9755.236374955697,"balance_after_usd":9753.43623492569,"decision":"ALLOW_CAPPED","cert_hash":"d29bd71e38837ab9a43c0767ec55eebf55621c000adf1f6269b26e94b94c6185","prev_hash":"467445bc9ba601cd9bc95ae51ec8be724d45435ce836c8b68a249762fae343de","record_hash":"09bfe473d8a80425b91ec026f5b116cdf964483a7f51f678839f1798a77e781d","signature_hex":"c8767906dbc30ca25a72dc12266277e7d97f171ec7928d53a9bc9fc66f21aaf11266b67144d0e0c00f3e2e60c1df091f54996bc0c4d3ffdb25d3a3119de27c02","public_key_hex":"c2f8243b0d573587f285c830a868acd19249d17d59ecbf9329e796dfed6fb630"}
{"seq":24,"ts":1778842800000,"agent_id":"baseline-momentum","symbol":"SOLUSDT","side":"sell","price":91.20063342456,"quantity":21.9296722500768,"notional_usd":2000.0,"fee_usd":1.2,"balance_before_usd":9747.278971191154,"balance_after_usd":9745.478831161146,"decision":"ALLOW_CAPPED","cert_hash":"6b45deacc059ee6b1f703d69bf602569cc9b6c23b553a2c68454983b07929639","prev_hash":"09bfe473d8a80425b91ec026f5b116cdf964483a7f51f678839f1798a77e781d","record_hash":"9c118717b76af87cf627174a0090e58062f30684281827139010c4995d22d475","signature_hex":"3e55676915f8ff4beb0c09deef9d8dd971705a4dfbd57b11f67da3352e85c651407fac3c5c3a18569a175f51cd9ebc604b0c5cd061fac7b25c58c61fb1e39b04","public_key_hex":"c2f8243b0d573587f285c830a868acd19249d17d59ecbf9329e796dfed6fb630"}
{"seq":25,"ts":1778846400000,"agent_id":"baseline-momentum","symbol":"SOLUSDT","side":"sell","price":90.61980771294002,"quantity":22.070230013458865,"notional_usd":2000.0,"fee_usd":1.2,"balance_before_usd":9740.854095836668,"balance_after_usd":9739.053955806663,"decision":"ALLOW_CAPPED","cert_hash":"60085dd334760ee34996eddce34c4335e1f47f4b30175aae18ce09b0f2ababe5","prev_hash":"9c118717b76af87cf627174a0090e58062f30684281827139010c4995d22d475","record_hash":"038307ec8df3fbd0daafd97ca41d3f42dd695ca67e2ab2417e04d153c2aed31c","signature_hex":"f4cf4371ac496b209c3ce367b8dd79e98d63b51196a518b4caf4992b3332f71ca8ecb30c7927fcf15fe7774e3116fc8452474d89531db8c5c37a220fa0de4201","public_key_hex":"c2f8243b0d573587f285c830a868acd19249d17d59ecbf9329e796dfed6fb630"}
{"seq":26,"ts":1778850000000,"agent_id":"baseline-momentum","symbol":"SOLUSDT","side":"sell","price":88.83134437716001,"quantity":22.514575390285692,"notional_usd":2000.0,"fee_usd":1.2,"balance_before_usd":9764.297233280962,"balance_after_usd":9762.497093250955,"decision":"ALLOW_CAPPED","cert_hash":"21784f4535794a8b86e5d69cbacc8c7952ba957c272c46d07591448b87aa9cf5","prev_hash":"038307ec8df3fbd0daafd97ca41d3f42dd695ca67e2ab2417e04d153c2aed31c","record_hash":"85231b0917cd965e96ebc0e7dd5f9509d3c662f02ff6018084146a9fefd32b69","signature_hex":"852cb46156f2596ea0c4ee34d307b1b89adaf4070f484685884b3661cc7289daf7eef9e4f3ee3d7418da88210b1abc2f86c93c23230dd36ec66f9f93a5173608","public_key_hex":"c2f8243b0d573587f285c830a868acd19249d17d59ecbf9329e796dfed6fb630"}
{"seq":27,"ts":1778853600000,"agent_id":"baseline-momentum","symbol":"SOLUSDT","side":"sell","price":88.99299624117823,"quantity":18.181743721887496,"notional_usd":1618.0478507,"fee_usd":0.9708287104200001,"balance_before_usd":9756.637117591032,"balance_after_usd":9755.21167694563,"decision":"ALLOW","cert_hash":"6ca842dadc7b8a18a6051553bd9cb0000c2cdd75c9fc516ede9ec91c7706fe46","prev_hash":"85231b0917cd965e96ebc0e7dd5f9509d3c662f02ff6018084146a9fefd32b69","record_hash":"f932678a1675263360cbaa4aefa5f71613b78067722b4e84c1a1c9c477562b7a","signature_hex":"58f886eb48be77884ffdf3aacc28a6db52a324cc72c8e604b7c16a7b49830c505f16838875948911fac4ac4ccb8f6241ba8501b602c7d247574c93fadd930907","public_key_hex":"c2f8243b0d573587f285c830a868acd19249d17d59ecbf9329e796dfed6fb630"}
{"seq":28,"ts":1778922000000,"agent_id":"baseline-momentum","symbol":"SOLUSDT","side":"sell","price":85.97873869176425,"quantity":2.8749984161337525,"notional_usd":247.18873756,"fee_usd":0.148313242536,"balance_before_usd":9920.782390158387,"balance_after_usd":9920.581575683595,"decision":"ALLOW","cert_hash":"eac886371b78fc3205984cbfa665e7a5cb3e66e7bbc63d2fa2d9965b2af3fdd9","prev_hash":"f932678a1675263360cbaa4aefa5f71613b78067722b4e84c1a1c9c477562b7a","record_hash":"1ada2b7353deb06681b7361df58a5214c98046dcb2e6e54dd77bfbb07d8ca241","signature_hex":"b86f3286492cdde65ce4beff7625b4cac64465ea38f61daa3c9c0b62452f108a9f71cb489b25f8520eae4dd79137494d56679f1ee72d5151c41e0a69e7e36f03","public_key_hex":"c2f8243b0d573587f285c830a868acd19249d17d59ecbf9329e796dfed6fb630"}
{"seq":29,"ts":1778994000000,"agent_id":"baseline-momentum","symbol":"SOLUSDT","side":"buy","price":86.9010642375,"quantity":23.014677870158348,"notional_usd":2000.0,"fee_usd":1.2,"balance_before_usd":9869.937139652582,"balance_after_usd":9868.137279622588,"decision":"ALLOW_CAPPED","cert_hash":"33c5ed44a6c1d200c6f9056ea82a88ac5f984fb0ca323cf957214871a77c3e80","prev_hash":"1ada2b7353deb06681b7361df58a5214c98046dcb2e6e54dd77bfbb07d8ca241","record_hash":"8a2ca886746fdda0219a3454b408b50362761ab2899ea971799aa18ba07b1fe1","signature_hex":"d2106c3173d6ef91d1d2a8265a4d2cb26ae4025099b8d3eb00dbcf17f48a0b27060d90b3929e9d9e38635eebe4dbf1c7f1c18eb5d1aa6ad77c3dcb2a2c08e108","public_key_hex":"c2f8243b0d573587f285c830a868acd19249d17d59ecbf9329e796dfed6fb630"}
{"seq":30,"ts":1778997600000,"agent_id":"baseline-momentum","symbol":"SOLUSDT","side":"buy","price":86.83504443618,"quantity":23.032175695722866,"notional_usd":2000.0,"fee_usd":1.2,"balance_before_usd":9870.425295823985,"balance_after_usd":9868.62543579399,"decision":"ALLOW_CAPPED","cert_hash":"f2c7cebb26300f74b8124a9786efb0fab46c7d3c6e7de14b841f69cce60e08e8","prev_hash":"8a2ca886746fdda0219a3454b408b50362761ab2899ea971799aa18ba07b1fe1","record_hash":"940c7fc87e707e144d8284afad03d66b6855ef6b94ff1dad2ce00431bd48229b","signature_hex":"f3edd382d05b578c0c4baab4806290b8785b2368b404dec2eccb20c89f9448084502f2372887c06c3f67eb607f12c0267248cccf43fc9bce0b86e1a5aad2ec02","public_key_hex":"c2f8243b0d573587f285c830a868acd19249d17d59ecbf9329e796dfed6fb630"}
{"seq":31,"ts":1779001200000,"agent_id":"baseline-momentum","symbol":"SOLUSDT","side":"buy","price":86.97608673900001,"quantity":22.99482622162169,"notional_usd":2000.0,"fee_usd":1.2,"balance_before_usd":9866.984937955012,"balance_after_usd":9865.185077925016,"decision":"ALLOW_CAPPED","cert_hash":"39d6ed9fba24015808963a3ff2c646ee5d42250273544a4ca18f5639ab6de2c1","prev_hash":"940c7fc87e707e144d8284afad03d66b6855ef6b94ff1dad2ce00431bd48229b","record_hash":"57974f35f2f79d2cd8597c05531eb1af3a79aceac7f7d1cf24672ac1b355a5ed","signature_hex":"3ce324f26672d5dc50cf13b69ca1b07ab4ec57efa1ef088952d666ecf7b0ccdb809eb8a9ab596b1531868dfe32adcd2d43541d158ec6e05157c217d8db8cff0d","public_key_hex":"c2f8243b0d573587f285c830a868acd19249d17d59ecbf9329e796dfed6fb630"}
{"seq":32,"ts":1779051600000,"agent_id":"baseline-momentum","symbol":"SOLUSDT","side":"buy","price":86.92407113796,"quantity":23.008586388294393,"notional_usd":2000.0,"fee_usd":1.2,"balance_before_usd":9864.59435325672,"balance_after_usd":9862.794493226726,"decision":"ALLOW_CAPPED","cert_hash":"8a7c2d0fcd882cb83bf25058c0527178febca0e6c98a9ec0022d6df925035093","prev_hash":"57974f35f2f79d2cd8597c05531eb1af3a79aceac7f7d1cf24672ac1b355a5ed","record_hash":"9cdd8109106d48dbcf8b8493f224b1786c097bb624396c3f13ded3d84da4d44a","signature_hex":"45d5769e56f6f092d4cbd5a5ef7e53f21369590d5bf345753bf5b8742d3395bbf3d4804c6e109c295589968c22aca950ba806081e5f63b5e36c96dedbc99620f","public_key_hex":"c2f8243b0d573587f285c830a868acd19249d17d59ecbf9329e796dfed6fb630"}
{"seq":33,"ts":1779058800000,"agent_id":"baseline-momentum","symbol":"SOLUSDT","side":"sell","price":85.14545040342,"quantity":23.489217456998347,"notional_usd":2000.0,"fee_usd":1.2,"balance_before_usd":9803.439789492788,"balance_after_usd":9801.63964946278,"decision":"ALLOW_CAPPED","cert_hash":"f73a78d04e3d52784d22a284361867ecdb46ee4583145f3190c7d1d1a5b5c2a9","prev_hash":"9cdd8109106d48dbcf8b8493f224b1786c097bb624396c3f13ded3d84da4d44a","record_hash":"6625902d8eebbd471196c2bbaf80838cbb8fd9812c9479a07273f1db40de0144","signature_hex":"abd492fac646ba2ff338f6de360ef3315b75761b3a4242130309a1022c1234a24634ef8f0fd6d60257757d77d83e1fcf63163cb5e595ea9caa2abe74bf165c01","public_key_hex":"c2f8243b0d573587f285c830a868acd19249d17d59ecbf9329e796dfed6fb630"}
{"seq":34,"ts":1779062400000,"agent_id":"baseline-momentum","symbol":"SOLUSDT","side":"sell","price":85.27541140602,"quantity":23.453419538223542,"notional_usd":2000.0,"fee_usd":1.2,"balance_before_usd":9803.053979094595,"balance_after_usd":9801.253839064588,"decision":"ALLOW_CAPPED","cert_hash":"716e5f2439e8f29c003362d6d139c82045d5ac4fa2c833f8554df8106b1945b6","prev_hash":"6625902d8eebbd471196c2bbaf80838cbb8fd9812c9479a07273f1db40de0144","record_hash":"e00ffd610f60f779225c479b977445d2cb994741627387b979ba418235a9faf2","signature_hex":"baa74af1f640db2b59afa4397b44dd3a7152de161cf1b22541d54f3e903bd6359ff1023ebf310406b8a84751400d22f6d6ff05e7039c5be8e252210346dfc00a","public_key_hex":"c2f8243b0d573587f285c830a868acd19249d17d59ecbf9329e796dfed6fb630"}
{"seq":35,"ts":1779066000000,"agent_id":"baseline-momentum","symbol":"SOLUSDT","side":"sell","price":84.91351999877999,"quantity":23.553375246117877,"notional_usd":2000.0,"fee_usd":1.2,"balance_before_usd":9805.80561288576,"balance_after_usd":9804.005472855753,"decision":"ALLOW_CAPPED","cert_hash":"ff7bf228ddc225f390a4bb5786cf603d51c9c5021d9cb301b7ee27b9bfdd2b07","prev_hash":"e00ffd610f60f779225c479b977445d2cb994741627387b979ba418235a9faf2","record_hash":"4dcaf9fde5a6a155b513bcdb5e0f15f5b9495b0a19eabf871746c3ca9cc97c71","signature_hex":"f2dbd7623e9d5e3f624ff09770ffc82ee23595f60218592fb067d20a2927c654d29c7e7b1e34469721c4a32e04243adfab353fc30c90993aa0104c917ef16700","public_key_hex":"c2f8243b0d573587f285c830a868acd19249d17d59ecbf9329e796dfed6fb630"}
{"seq":36,"ts":1779069600000,"agent_id":"baseline-momentum","symbol":"SOLUSDT","side":"sell","price":84.82023334978413,"quantity":21.674980356378363,"notional_usd":1838.47689168,"fee_usd":1.1030861350080001,"balance_before_usd":9807.401442447093,"balance_after_usd":9805.761539655163,"decision":"ALLOW","cert_hash":"fd283be94d1b24a419a592e6a7c3a31a7b6b414e3fb2643df6e979f0cc1adcc2","prev_hash":"4dcaf9fde5a6a155b513bcdb5e0f15f5b9495b0a19eabf871746c3ca9cc97c71","record_hash":"b672c750bbc6745d0da4f54acd22a7e22df6b3d5dab866281fbac88830c2bcc3","signature_hex":"59e69d43a9336e54e00c0682c1319ee4c7c2fe45e25ef42c9cc668fa5c41d8d6deb20c9503f94bdf443d15d273d4f84c801fc6905a3f2ee2a3542a2a41bb620c","public_key_hex":"c2f8243b0d573587f285c830a868acd19249d17d59ecbf9329e796dfed6fb630"}
{"seq":37,"ts":1779166800000,"agent_id":"baseline-momentum","symbol":"SOLUSDT","side":"buy","price":85.16954490288,"quantity":23.4825723476699,"notional_usd":2000.0,"fee_usd":1.2,"balance_before_usd":9788.478647041258,"balance_after_usd":9786.678787011264,"decision":"ALLOW_CAPPED","cert_hash":"1b99af730ed3f52a06a3d86a2cc32ceb5921300adf509f8b0e9fe0d8c7afd583","prev_hash":"b672c750bbc6745d0da4f54acd22a7e22df6b3d5dab866281fbac88830c2bcc3","record_hash":"b63d16a65cacaaaf2bf711456d993b60a1cb70245525c0a921afc51eb2f776a7","signature_hex":"5a36749c31e36c913d1d9c812d2710521338bb102adace4b724bf336760d6b480c7eef3bb2f49f2871074a987de1fd16d54cd56ed4dabe5582447f99d013cd0f","public_key_hex":"c2f8243b0d573587f285c830a868acd19249d17d59ecbf9329e796dfed6fb630"}
{"seq":38,"ts":1779170400000,"agent_id":"baseline-momentum","symbol":"SOLUSDT","side":"buy","price":85.24456740437999,"quantity":23.461905677959216,"notional_usd":2000.0,"fee_usd":1.2,"balance_before_usd":9784.104806204754,"balance_after_usd":9782.30494617476,"decision":"ALLOW_CAPPED","cert_hash":"0907287c3817b1332b79ce3d63020f6b0d8fb0e3484c3870dd0666716060c79c","prev_hash":"b63d16a65cacaaaf2bf711456d993b60a1cb70245525c0a921afc51eb2f776a7","record_hash":"a8c967e0fa2e4579693673994b05e37c959ceeed3c06134fccb8540f4e2d8508","signature_hex":"9966ee5547dc0ddadfa5c58139cbd4b7d70a9fb2b452cefaa35039c1e8449505b3c06b2204b5fbc5b30c4c2b241664218dcfede80b67de423a34a002ec11bb06","public_key_hex":"c2f8243b0d573587f285c830a868acd19249d17d59ecbf9329e796dfed6fb630"}
{"seq":39,"ts":1779184800000,"agent_id":"baseline-momentum","symbol":"SOLUSDT","side":"buy","price":84.6853996932,"quantity":23.616821875383962,"notional_usd":2000.0,"fee_usd":1.2,"balance_before_usd":9788.374477845298,"balance_after_usd":9786.574617815304,"decision":"ALLOW_CAPPED","cert_hash":"75cf541b4ab0de95775bbd2bde6c7b5edca4ec8863891e287ce1151d30b3907a","prev_hash":"a8c967e0fa2e4579693673994b05e37c959ceeed3c06134fccb8540f4e2d8508","record_hash":"56455eae1cddbdcac3cfccf920518f4bade2b0a22696d4155b244c3a17ea79a8","signature_hex":"3937480d0451228e288e8d6bd13ac3b88aae63dfce50ea8d52f581ab18abdb91fc400bddb9d5be0f0376260fb23c3f6dde9650a47c381ffae67edf747b304804","public_key_hex":"c2f8243b0d573587f285c830a868acd19249d17d59ecbf9329e796dfed6fb630"}
{"seq":40,"ts":1779202800000,"agent_id":"baseline-momentum","symbol":"SOLUSDT","side":"sell","price":84.29970418650001,"quantity":23.724875660006,"notional_usd":2000.0,"fee_usd":1.2,"balance_before_usd":9782.30035835401,"balance_after_usd":9780.500218324003,"decision":"ALLOW_CAPPED","cert_hash":"21ef020fb4d9d98da5168bce665a3712d9bfef227933b15667a721dc6f925c96","prev_hash":"56455eae1cddbdcac3cfccf920518f4bade2b0a22696d4155b244c3a17ea79a8","record_hash":"28ea8af34f52ff64bf518c89504aa2291b1a3406bbce8fb84c0170309f97d036","signature_hex":"2a60cb8b522feab8d293706a718bec69d151f067ab35ca101994b01596d2aed85e6cb6d9236ed54fb566bca86e5688fde671ae3286bb6ed3b9748432d2954e0b","public_key_hex":"c2f8243b0d573587f285c830a868acd19249d17d59ecbf9329e796dfed6fb630"}
{"seq":41,"ts":1779210000000,"agent_id":"baseline-momentum","symbol":"SOLUSDT","side":"sell","price":84.61660909284,"quantity":23.636021597197683,"notional_usd":2000.0,"fee_usd":1.2,"balance_before_usd":9777.024030498678,"balance_after_usd":9775.223890468671,"decision":"ALLOW_CAPPED","cert_hash":"f76e17e6ddcd848882c39fb779b8b42ce8b05f84467723e61a73768370d4dee0","prev_hash":"28ea8af34f52ff64bf518c89504aa2291b1a3406bbce8fb84c0170309f97d036","record_hash":"c5fdf8e66fa6b3c8609e750c1e80aaa080bb860dccd29ae53b72561d8a92c03b","signature_hex":"6f0bf07a74d02d197724958ebf0dccd68d15dc46b6f9a55981063d9536988ee597c143c81ecbb1937acc93fd16a21258280a3c5d86215e47169c936900257003","public_key_hex":"c2f8243b0d573587f285c830a868acd19249d17d59ecbf9329e796dfed6fb630"}
{"seq":42,"ts":1779213600000,"agent_id":"baseline-momentum","symbol":"SOLUSDT","side":"sell","price":84.31280732108851,"quantity":23.420110106523577,"notional_usd":1974.61523085,"fee_usd":1.1847691385099999,"balance_before_usd":9785.74287226103,"balance_after_usd":9783.968087808535,"decision":"ALLOW","cert_hash":"2f7a217ecc83a9cfbc04e8285be90147d483777ce9d623e1d9d719dfa5ef9e3e","prev_hash":"c5fdf8e66fa6b3c8609e750c1e80aaa080bb860dccd29ae53b72561d8a92c03b","record_hash":"709779a36e87d503bdbd0ec8022147c602007b652d1e623d91dd7a9e525bc5f9","signature_hex":"65b8c4b72d969abb9833e3f650a130b5f30eac05432485b16735e7aff70cde5a6e7d40504c7f9859fa04e577597151a7409de88d8245166f37c87d78ea67cd03","public_key_hex":"c2f8243b0d573587f285c830a868acd19249d17d59ecbf9329e796dfed6fb630"}
{"seq":43,"ts":1779271200000,"agent_id":"baseline-momentum","symbol":"SOLUSDT","side":"buy","price":84.95047919849999,"quantity":23.543127936061307,"notional_usd":2000.0,"fee_usd":1.2,"balance_before_usd":9749.909159780891,"balance_after_usd":9748.109299750897,"decision":"ALLOW_CAPPED","cert_hash":"7e8496358b1e51418b120065a88ac8e75b00b553b3588c6775858eba708462bc","prev_hash":"709779a36e87d503bdbd0ec8022147c602007b652d1e623d91dd7a9e525bc5f9","record_hash":"70d7b9b7711414ccd4d51e05415b48c9fa696b447152337091879c171f2fd915","signature_hex":"fbdd8aa73515a5b48d8b2b7b92bed44a1b0baf881d1457cac36815d2c5f5769bb674f9f3cade5f3f2550e4729d50f3e15e7fb69aef908d44d62a682008ef010b","public_key_hex":"c2f8243b0d573587f285c830a868acd19249d17d59ecbf9329e796dfed6fb630"}
{"seq":44,"ts":1779285600000,"agent_id":"baseline-momentum","symbol":"SOLUSDT","side":"buy","price":85.82674201602,"quantity":23.302760340438994,"notional_usd":2000.0,"fee_usd":1.2,"balance_before_usd":9717.905786888958,"balance_after_usd":9716.105926858963,"decision":"ALLOW_CAPPED","cert_hash":"d928bf0eac5e97cb50e85d3a82a87d8964420c936d274eec1d9e3e7831b6556c","prev_hash":"70d7b9b7711414ccd4d51e05415b48c9fa696b447152337091879c171f2fd915","record_hash":"974063d43a217549db9daf064f4398109236739978c0f392f65a3e8e8ae882cd","signature_hex":"8e117a8b04195aa0da1651fc248a22cb4d7d826328ffff983af5ffee4d99344124b4679fde060d340b909da35922de119eed40bfe112a76ee9eb834ec5ae0b0d","public_key_hex":"c2f8243b0d573587f285c830a868acd19249d17d59ecbf9329e796dfed6fb630"}
{"seq":45,"ts":1779289200000,"agent_id":"baseline-momentum","symbol":"SOLUSDT","side":"buy","price":85.90276481753999,"quantity":23.282137708233943,"notional_usd":2000.0,"fee_usd":1.2,"balance_before_usd":9715.256540551793,"balance_after_usd":9713.456680521796,"decision":"ALLOW_CAPPED","cert_hash":"7b64c8d63ab929ad22bdf756d9948b3089f3f05ed44309807817888cca39ada5","prev_hash":"974063d43a217549db9daf064f4398109236739978c0f392f65a3e8e8ae882cd","record_hash":"30cc0897ca35742ab5dc9246ed61daa9e392c5576e8c7d90b15d334807afd1f3","signature_hex":"0fe2dcd7e7303d099e024ba66e8057a87256a0b3428d5951154625a9abe924972f74dc4eddc808ee223f3a9c6042cead04133e32890c23ce983ba6ad9add560c","public_key_hex":"c2f8243b0d573587f285c830a868acd19249d17d59ecbf9329e796dfed6fb630"}
{"seq":46,"ts":1779292800000,"agent_id":"baseline-momentum","symbol":"SOLUSDT","side":"buy","price":86.46493342877999,"quantity":23.13076435370616,"notional_usd":2000.0,"fee_usd":1.2,"balance_before_usd":9720.260253695003,"balance_after_usd":9718.46039366501,"decision":"ALLOW_CAPPED","cert_hash":"80b7e57c875f4c860e4baa7728846cdd877141280b7eaccb3146adfa29ba908b","prev_hash":"30cc0897ca35742ab5dc9246ed61daa9e392c5576e8c7d90b15d334807afd1f3","record_hash":"e765db6afbd6fb8a4701eb597efe41675c244be00d71d13f3641664f7d37992a","signature_hex":"fe3505e3c6d03bc4ae96dd6d764916fb86d9734a60b042d89ec579bdb66943433af1667aceae4eca9ed5c40320404e8d014f07725e5a6e2e597d757da7910e07","public_key_hex":"c2f8243b0d573587f285c830a868acd19249d17d59ecbf9329e796dfed6fb630"}
{"seq":47,"ts":1779296400000,"agent_id":"baseline-momentum","symbol":"SOLUSDT","side":"buy","price":86.50513566390067,"quantity":20.954559226897388,"notional_usd":1812.6769887,"fee_usd":1.08760619322,"balance_before_usd":9719.905101089102,"balance_after_usd":9718.290788137969,"decision":"ALLOW","cert_hash":"37e72a24e6cf76987a6449316dc88262581ebd31179a42114cd59371f803ddd8","prev_hash":"e765db6afbd6fb8a4701eb597efe41675c244be00d71d13f3641664f7d37992a","record_hash":"61efbb0c524d2dc6479d48181386a339db88af488fb36f7b33d55d2d3ec4fd38","signature_hex":"a5614f0250b412b0a91476f08af7f1430aa9e3d7787d8cfa1c2568cd430679acf1d80eb6b083324c8c42ffcf4d51686a3d7d1ea656ecf7cea67950fae0a5d000","public_key_hex":"c2f8243b0d573587f285c830a868acd19249d17d59ecbf9329e796dfed6fb630"}
{"seq":48,"ts":1779364800000,"agent_id":"baseline-momentum","symbol":"SOLUSDT","side":"sell","price":85.69328601438,"quantity":23.33905131919418,"notional_usd":2000.0,"fee_usd":1.2,"balance_before_usd":9675.5291893045,"balance_after_usd":9673.729049274492,"decision":"ALLOW_CAPPED","cert_hash":"865cd8502be5530e949cfaa80665927208a2d34821f7fb852c057899a497f901","prev_hash":"61efbb0c524d2dc6479d48181386a339db88af488fb36f7b33d55d2d3ec4fd38","record_hash":"97a6962c91acc343a8ed571b51146c5eba6a11b0859530f136ae2ddd8c0f0e79","signature_hex":"40799af8b25f70b4da7a952f2d1626a14422448028de7dada272ea330790df71da4bd7bd19359a63e1319a0c0fe4846abacf9081676ab99c3a9ed87ce3389206","public_key_hex":"c2f8243b0d573587f285c830a868acd19249d17d59ecbf9329e796dfed6fb630"}
{"seq":49,"ts":1779382800000,"agent_id":"baseline-momentum","symbol":"SOLUSDT","side":"buy","price":87.60723319812193,"quantity":22.717472971657152,"notional_usd":1990.2149523,"fee_usd":1.19412897138,"balance_before_usd":9734.899984112264,"balance_after_usd":9733.10990317159,"decision":"ALLOW","cert_hash":"b16fb0e3dc2edbcf0f712836e615592a4b1c8088714aba5c89a00520d209d466","prev_hash":"97a6962c91acc343a8ed571b51146c5eba6a11b0859530f136ae2ddd8c0f0e79","record_hash":"17517c5152fb41a8cbdbd32946fb44ad8e93d68d2320f6de0ac85a0af2236bd8","signature_hex":"709f6599c7090d7be9bca2d9a5c9e7c7def1a0640ae66129d07c21bbcc79cbbf410ceb6b684561144f6e21f7149706434f03f895c720cae9d2b6628b395ea90f","public_key_hex":"c2f8243b0d573587f285c830a868acd19249d17d59ecbf9329e796dfed6fb630"}
{"seq":50,"ts":1779462000000,"agent_id":"baseline-momentum","symbol":"SOLUSDT","side":"sell","price":86.6939857344,"quantity":23.06965106123162,"notional_usd":2000.0,"fee_usd":1.2,"balance_before_usd":9685.264350728534,"balance_after_usd":9683.464210698528,"decision":"ALLOW_CAPPED","cert_hash":"a0aaf90358a8ecce7971c3c0f99470e0544140d7921ae815c0efdc4e67bff215","prev_hash":"17517c5152fb41a8cbdbd32946fb44ad8e93d68d2320f6de0ac85a0af2236bd8","record_hash":"4ea8ab3d56ee0522f6e8d3d412a36843e7646a8756a45b0adedad4b70be8fa9e","signature_hex":"28ba4454ca8e48696c4c7fcb57a82f69b7d549ad3cd4ea7bb7d9048405f650c9c9f0090219d2ed8716bc88e354384838f4fcf83e57acc95c420c84d4ebf50508","public_key_hex":"c2f8243b0d573587f285c830a868acd19249d17d59ecbf9329e796dfed6fb630"}
{"seq":51,"ts":1779469200000,"agent_id":"baseline-momentum","symbol":"SOLUSDT","side":"sell","price":86.58101963214001,"quantity":23.099751059729652,"notional_usd":2000.0,"fee_usd":1.2,"balance_before_usd":9679.791699821217,"balance_after_usd":9677.991559791211,"decision":"ALLOW_CAPPED","cert_hash":"ff67f4fdda3e791d0145d8911cfeef5cf6a2632d66ec837f13c6a61dc62861bc","prev_hash":"4ea8ab3d56ee0522f6e8d3d412a36843e7646a8756a45b0adedad4b70be8fa9e","record_hash":"b6215be408c8e2f0c0626c99b6dd423a76e1c31513150eecdbfc6e9eb2cfa086","signature_hex":"ec465e569f7ff81f44b73db307905d864941055306542bd6e11d7fd55129ba833a74becf8c86bb0e3e3c88d198e4652a87e5918bb27483f0a828e858b65e700d","public_key_hex":"c2f8243b0d573587f285c830a868acd19249d17d59ecbf9329e796dfed6fb630"}
{"seq":52,"ts":1779472800000,"agent_id":"baseline-momentum","symbol":"SOLUSDT","side":"sell","price":85.38337900818001,"quantity":23.42376260148235,"notional_usd":2000.0,"fee_usd":1.2,"balance_before_usd":9666.729946242018,"balance_after_usd":9664.929806212012,"decision":"ALLOW_CAPPED","cert_hash":"f2358a34b6363e1b0f46e3700e0ae0e4b780b1d8c3075e5ddb49b4a23b465923","prev_hash":"b6215be408c8e2f0c0626c99b6dd423a76e1c31513150eecdbfc6e9eb2cfa086","record_hash":"56d312a3db33d580a77c643010a375c32b2ea8e71719a42ec912aefc0d363a66","signature_hex":"0778cbb79d44b476fccee5944121ad006575924411bc6d6a79988a58dba9ca09004d9348f9a572b63191bec4f6a495bacbca3fd55c4a8e709fae1cf2ad5d7c08","public_key_hex":"c2f8243b0d573587f285c830a868acd19249d17d59ecbf9329e796dfed6fb630"}
{"seq":53,"ts":1779476400000,"agent_id":"baseline-momentum","symbol":"SOLUSDT","side":"sell","price":84.47365198998,"quantity":23.676021491733703,"notional_usd":2000.0,"fee_usd":1.2,"balance_before_usd":9677.69111604767,"balance_after_usd":9675.890976017663,"decision":"ALLOW_CAPPED","cert_hash":"de8a6376b568f94b19c03c7ef9f59c1b847f7496b38f5c52060421131b26b6cb","prev_hash":"56d312a3db33d580a77c643010a375c32b2ea8e71719a42ec912aefc0d363a66","record_hash":"dba3f248c47408926b21943f7bd67c838adddec78f7bad8c5fed402ab94a8306","signature_hex":"f6123a4e37813fa6a9d56d60feddefc8b198c7fd2da4ef1e761a56816603baa7533f7a41aa98badca4c78452739229cf7f9a598b645ee64e910c725f20be9d02","public_key_hex":"c2f8243b0d573587f285c830a868acd19249d17d59ecbf9329e796dfed6fb630"}
{"seq":54,"ts":1779480000000,"agent_id":"baseline-momentum","symbol":"SOLUSDT","side":"sell","price":84.92710133959919,"quantity":19.155491659426954,"notional_usd":1626.82038137,"fee_usd":0.976092228822,"balance_before_usd":9658.850829637777,"balance_after_usd":9657.416946818976,"decision":"ALLOW","cert_hash":"0320f4180fbb74ac805a1b6c90070aedee5422acf135f9dec7dc2aec96d11982","prev_hash":"dba3f248c47408926b21943f7bd67c838adddec78f7bad8c5fed402ab94a8306","record_hash":"e10890583850ac054ec1b7dc1bc075c9b743c179a6dc64ba54142a6acc85223d","signature_hex":"aab7c4dd5028dd53f9209045348ae45cf6bf0a1be65a525ee9684ff93553654f7904e80ac63a9d431cccf330f8add13d99ce590c7034125d7d3d5932b7c1ea0f","public_key_hex":"c2f8243b0d573587f285c830a868acd19249d17d59ecbf9329e796dfed6fb630"}
{"seq":55,"ts":1779519600000,"agent_id":"baseline-momentum","symbol":"SOLUSDT","side":"sell","price":82.1806012136889,"quantity":2.8426137101694473,"notional_usd":233.60770372,"fee_usd":0.140164622232,"balance_before_usd":9813.938570631337,"balance_after_usd":9813.748947980595,"decision":"ALLOW","cert_hash":"505796a7412a99a64b98c56992ba55dcce032bb58ca21c464c600299cfcc8c30","prev_hash":"e10890583850ac054ec1b7dc1bc075c9b743c179a6dc64ba54142a6acc85223d","record_hash":"25bc9889bde249272f0463d06081516ef0a682485d1eb6703c9a9bc582bd218e","signature_hex":"286f7c82560a5f4cf563389a0f35d9ed58017d1fc6bcbe63b8c3dd470732758f05be33ac652aa792214e06c02267e8616e5d85cf88dda48e2e0a99d3eadc6508","public_key_hex":"c2f8243b0d573587f285c830a868acd19249d17d59ecbf9329e796dfed6fb630"}
{"seq":56,"ts":1779566400000,"agent_id":"baseline-momentum","symbol":"SOLUSDT","side":"buy","price":87.05310984054,"quantity":22.974480792972365,"notional_usd":2000.0,"fee_usd":1.2,"balance_before_usd":9525.469506733834,"balance_after_usd":9523.66964670384,"decision":"ALLOW_CAPPED","cert_hash":"b0b9c175f66ed9a6de0bea42a6a45fb046f4112a75a0bb8582c51f5d88d14072","prev_hash":"25bc9889bde249272f0463d06081516ef0a682485d1eb6703c9a9bc582bd218e","record_hash":"03e511f2d13bcb0bec194971b37bc75989ef5056cadde9ad7cefb665042deb9e","signature_hex":"b711ecf796763526c27b42b1e4131ceca150d1952c3441e66066ac4cb94f9f23eb65325be603ef85449f28517408e431e00e2657943aff58735f55b9e2a67a06","public_key_hex":"c2f8243b0d573587f285c830a868acd19249d17d59ecbf9329e796dfed6fb630"}
{"seq":57,"ts":1779570000000,"agent_id":"baseline-momentum","symbol":"SOLUSDT","side":"buy","price":86.2608722247,"quantity":23.18548315614317,"notional_usd":2000.0,"fee_usd":1.2,"balance_before_usd":9552.754312972222,"balance_after_usd":9550.954452942227,"decision":"ALLOW_CAPPED","cert_hash":"cd485afeadeaa7d8f81fdcaf6bfa468442bf3a7786e5d3df260585736b2c85e7","prev_hash":"03e511f2d13bcb0bec194971b37bc75989ef5056cadde9ad7cefb665042deb9e","record_hash":"8fd6ae631d0914338b9f7dbcee0471015df0ab632f4b6c4791c80a242e55bdc6","signature_hex":"24db997924e58d673c00bd022257bac149011eb6577aeb55c951c5d43a158ab2c2ecb1bea315989f51bc114ebe43c058bcd7ef8b941884a23036d4eb7c1b8c05","public_key_hex":"c2f8243b0d573587f285c830a868acd19249d17d59ecbf9329e796dfed6fb630"}
{"seq":58,"ts":1779573600000,"agent_id":"baseline-momentum","symbol":"SOLUSDT","side":"buy","price":85.78773031524,"quantity":23.31335719747681,"notional_usd":2000.0,"fee_usd":1.2,"balance_before_usd":9557.357728430767,"balance_after_usd":9555.557868400772,"decision":"ALLOW_CAPPED","cert_hash":"dd68fbeb9481bed33844e1d182f8626b4987ce1b2f05212a64f278ce37a656ff","prev_hash":"8fd6ae631d0914338b9f7dbcee0471015df0ab632f4b6c4791c80a242e55bdc6","record_hash":"a70f99f1c6a847b9948e51430bf4f9f127b9f4e3ee435b8f4b46b84131880015","signature_hex":"3df59212e8ac762b3543e807df36a05c6aa5d4e250b058b59a5150ea58e2e153ac9f409c07a0002a002f38ca92b595eded17299b510ca2482d3e5844a089e00d","public_key_hex":"c2f8243b0d573587f285c830a868acd19249d17d59ecbf9329e796dfed6fb630"}
{"seq":59,"ts":1779577200000,"agent_id":"baseline-momentum","symbol":"SOLUSDT","side":"buy","price":85.73671501422,"quantity":23.327229176768515,"notional_usd":2000.0,"fee_usd":1.2,"balance_before_usd":9555.059303779717,"balance_after_usd":9553.259443749725,"decision":"ALLOW_CAPPED","cert_hash":"bcdd9a4fee53aae80facd6e60da9906ef53b421c684bbe9fee18dd39bfcaf239","prev_hash":"a70f99f1c6a847b9948e51430bf4f9f127b9f4e3ee435b8f4b46b84131880015","record_hash":"84ee76b408a996ab69832e00ddbd5763d6c8689008b7c24d41c89408679d14ab","signature_hex":"de78e79760b88a326bc884ec2b0377130a214194225e96d26725166704c9bff9012523aa126f5c400813986e2be18b8af431a76032bb6667d1c3ef50441d5000","public_key_hex":"c2f8243b0d573587f285c830a868acd19249d17d59ecbf9329e796dfed6fb630"}
{"seq":60,"ts":1779580800000,"agent_id":"baseline-momentum","symbol":"SOLUSDT","side":"buy","price":85.86548416437476,"quantity":22.560902607286963,"notional_usd":1937.20282556,"fee_usd":1.162321695336,"balance_before_usd":9557.529731531491,"balance_after_usd":9555.792464085669,"decision":"ALLOW","cert_hash":"6fdcee244767c26a7906a9e919fcfef74b5ff3de008513295ab64354a60b9369","prev_hash":"84ee76b408a996ab69832e00ddbd5763d6c8689008b7c24d41c89408679d14ab","record_hash":"e8175972d42f1af72f960d1dd1085172e668ae88eec2dde47e0dca12da9cbe75","signature_hex":"7734fdc9e19a14d9c6d9fc2b268d5b8630476e81dc1a21ad0190b56bcecf27b3c468cdb961e916b5d1b4f3920343fdb08bc1ac94b75eb7daf661bdadd2c47c00","public_key_hex":"c2f8243b0d573587f285c830a868acd19249d17d59ecbf9329e796dfed6fb630"}
{"seq":61,"ts":1779638400000,"agent_id":"baseline-momentum","symbol":"SOLUSDT","side":"sell","price":85.58031991212,"quantity":23.369858888746187,"notional_usd":2000.0,"fee_usd":1.2,"balance_before_usd":9542.767109457473,"balance_after_usd":9540.966969427467,"decision":"ALLOW_CAPPED","cert_hash":"f51223c1207268ba639a05d7479f06de22e55504a732bb5e7b287b56c909ce17","prev_hash":"e8175972d42f1af72f960d1dd1085172e668ae88eec2dde47e0dca12da9cbe75","record_hash":"d237baf226fd1097341a064ac869002e5c074209281aabb10230047e20cab55f","signature_hex":"1bf06c468b6af48b9b8414b8243d2a786dd2999f8964f5b5781bf6032009d5a54668c190024617f97de583e5bd3dd96ec3f2e114ea74fd82e5079337751fd503","public_key_hex":"c2f8243b0d573587f285c830a868acd19249d17d59ecbf9329e796dfed6fb630"}
{"seq":62,"ts":1779652800000,"agent_id":"baseline-momentum","symbol":"SOLUSDT","side":"sell","price":84.70858149467999,"quantity":23.61035877015137,"notional_usd":2000.0,"fee_usd":1.2,"balance_before_usd":9512.806558020398,"balance_after_usd":9511.006417990391,"decision":"ALLOW_CAPPED","cert_hash":"4f61ab0ba930b58a7121d2adba2ffb716c3e445ca369ff0bc66c6bda5863fc24","prev_hash":"d237baf226fd1097341a064ac869002e5c074209281aabb10230047e20cab55f","record_hash":"4044d864899070162945aa5ff7ff40c33feafe314997c5c36ea302d99542da03","signature_hex":"5da5fd8e3077fa22c92bef88dbee4008adcce9a015c2b161308b4c2c035d776d7bcf274dc305014ffb0d4421f192a75942930ff041b4effdb2a4f852b027b407","public_key_hex":"c2f8243b0d573587f285c830a868acd19249d17d59ecbf9329e796dfed6fb630"}
{"seq":63,"ts":1779656400000,"agent_id":"baseline-momentum","symbol":"SOLUSDT","side":"sell","price":83.87183257794001,"quantity":23.845907958925896,"notional_usd":2000.0,"fee_usd":1.2,"balance_before_usd":9503.738168616195,"balance_after_usd":9501.938028586188,"decision":"ALLOW_CAPPED","cert_hash":"1c14d311a495c521a581e3a156ab69205bcdfa84d341a5483b09f634f73aa87b","prev_hash":"4044d864899070162945aa5ff7ff40c33feafe314997c5c36ea302d99542da03","record_hash":"834dcb95ec0c2b4fe29cc6f854c7ff1a2765835a4c79c54a022464af22f81697","signature_hex":"f2e7c3e990318598c8e196d1bd9ea36c403b15a30ab2c8ff63205e2c4b00de7034eb8114168a991a133093f5ee777649b0d47a587a00ff0bf7bb7862d8d06a0d","public_key_hex":"c2f8243b0d573587f285c830a868acd19249d17d59ecbf9329e796dfed6fb630"}
{"seq":64,"ts":1779660000000,"agent_id":"baseline-momentum","symbol":"SOLUSDT","side":"sell","price":84.91152059874,"quantity":23.553929854244984,"notional_usd":2000.0,"fee_usd":1.2,"balance_before_usd":9486.169322957847,"balance_after_usd":9484.36918292784,"decision":"ALLOW_CAPPED","cert_hash":"84434d91ebd5a188185100832d3368ed324d6371b029b2b2ab3df21142989edc","prev_hash":"834dcb95ec0c2b4fe29cc6f854c7ff1a2765835a4c79c54a022464af22f81697","record_hash":"70a6a6a993d829c4b831dd5dddd20f7f148def4d18bc1aa0a19c5fa567a17e38","signature_hex":"691b14df67da5449bee9b7f0a91310704cbae86f3a118cd8b09e11fb8a832423d27453e2d4ac7a3314e3cfa3a8cb40a594cc2dfd33342322b0f685bd5c16dd0f","public_key_hex":"c2f8243b0d573587f285c830a868acd19249d17d59ecbf9329e796dfed6fb630"}
{"seq":65,"ts":1779670800000,"agent_id":"baseline-momentum","symbol":"SOLUSDT","side":"sell","price":84.78384364053066,"quantity":17.235605466834834,"notional_usd":1461.30087895,"fee_usd":0.87678052737,"balance_before_usd":9489.402282012434,"balance_after_usd":9488.126387609203,"decision":"ALLOW","cert_hash":"49e0c0339bbd53040740cc1e560ba8ea4e4dba6da308bf63f19c9e24ba3ac539","prev_hash":"70a6a6a993d829c4b831dd5dddd20f7f148def4d18bc1aa0a19c5fa567a17e38","record_hash":"9c855841100051d171d4323eb9b2d507200beed8d0763f82cf90b3e788a4fac7","signature_hex":"ad9cdd95a319001555ee1e9c663d01d900e6d30bb17621451c7bba2c400bbf4e4d47544f552cb773b8ac2188b76fee83000211a8a2618b88c6715e1c35040f00","public_key_hex":"c2f8243b0d573587f285c830a868acd19249d17d59ecbf9329e796dfed6fb630"}
{"seq":66,"ts":1779703200000,"agent_id":"baseline-momentum","symbol":"SOLUSDT","side":"buy","price":86.05881162066001,"quantity":23.239921192681948,"notional_usd":2000.0,"fee_usd":1.2,"balance_before_usd":9419.52953932446,"balance_after_usd":9417.729679294463,"decision":"ALLOW_CAPPED","cert_hash":"1d77524ea4f43b8a7e12ceeae3849e2750957b79d782c35e24937d445ded4b3e","prev_hash":"9c855841100051d171d4323eb9b2d507200beed8d0763f82cf90b3e788a4fac7","record_hash":"da6bfa503a58891794792744a3f258c38a7313134a2890e2e8c8d717d66cc724","signature_hex":"8636f5a1dbead1b224443fbeb6a4adb6f8732df4275415f73ec342e95d325d13299c6d8db92160c60085325193e0a0d27185a9cb8bae809fe6b9e6baaf6d4100","public_key_hex":"c2f8243b0d573587f285c830a868acd19249d17d59ecbf9329e796dfed6fb630"}
{"seq":67,"ts":1779717600000,"agent_id":"baseline-momentum","symbol":"SOLUSDT","side":"buy","price":86.33489442618,"quantity":23.165604281940542,"notional_usd":2000.0,"fee_usd":1.2,"balance_before_usd":9408.701213916735,"balance_after_usd":9406.90135388674,"decision":"ALLOW_CAPPED","cert_hash":"eb44368bb9a326e862767cad8cacc7b2b2f9ef587dbba2c258edd5694bccfcac","prev_hash":"da6bfa503a58891794792744a3f258c38a7313134a2890e2e8c8d717d66cc724","record_hash":"49c623387b7638778eb35ad951231b6dbcabf999ff478a808c5ab3a9f07be093","signature_hex":"4c72a447d02fbcd9c20e8542f22c7321b14f3d48e66128cbbd0c58c7ee09d46467fee765a249fce2af0a7c8c1cb52f6ce77702c29dbb004dc0d73c00b454ae01","public_key_hex":"c2f8243b0d573587f285c830a868acd19249d17d59ecbf9329e796dfed6fb630"}
{"seq":68,"ts":1779721200000,"agent_id":"baseline-momentum","symbol":"SOLUSDT","side":"buy","price":86.23486442418,"quantity":23.192475727244325,"notional_usd":2000.0,"fee_usd":1.2,"balance_before_usd":9407.85597656642,"balance_after_usd":9406.056116536425,"decision":"ALLOW_CAPPED","cert_hash":"3955a1884f5679658cfb5190b60ad8d4cf2d37023422ff4c298aaac1a702c7cb","prev_hash":"49c623387b7638778eb35ad951231b6dbcabf999ff478a808c5ab3a9f07be093","record_hash":"eb1e348665b95b5d7068528280d6e529f039a459399e0a96e19b38d6005a9fdd","signature_hex":"4e2815e9dd6d63c5101678e3de39a9ba3e0b600b69dce096efd3cf6c6560ad08a262bec7e2814d9ecda94727d7e669e3409fc7dc2ef7bd7cd199908fd9817f0c","public_key_hex":"c2f8243b0d573587f285c830a868acd19249d17d59ecbf9329e796dfed6fb630"}
{"seq":69,"ts":1779724800000,"agent_id":"baseline-momentum","symbol":"SOLUSDT","side":"buy","price":86.25186952451999,"quantity":23.187903184306432,"notional_usd":2000.0,"fee_usd":1.2,"balance_before_usd":9406.288102768242,"balance_after_usd":9404.488242738249,"decision":"ALLOW_CAPPED","cert_hash":"b8c96ffe6c7feefc28274e132ce401fe8403bd89f37e3b1566d546adfdf7a1ad","prev_hash":"eb1e348665b95b5d7068528280d6e529f039a459399e0a96e19b38d6005a9fdd","record_hash":"f6c3a12135e2c95f498d867514c4a1c5179590246f224ceacb47eca58cb464f6","signature_hex":"f1c4919dbe2d75d80c6e30747f74d2243a42a21c069c819ca963ee781e368ba7f7d45de276371a28c26b74a084d2d4d53f6c8b37766bf9bfb4bd80b229a8c601","public_key_hex":"c2f8243b0d573587f285c830a868acd19249d17d59ecbf9329e796dfed6fb630"}
{"seq":70,"ts":1779728400000,"agent_id":"baseline-momentum","symbol":"SOLUSDT","side":"buy","price":86.11479995032977,"quantity":17.751522703086138,"notional_usd":1528.66882639,"fee_usd":0.9172012958340001,"balance_before_usd":9399.515632202756,"balance_after_usd":9398.175945548312,"decision":"ALLOW","cert_hash":"e9f3d0dd0b4058def68e1c71ff50dd74fd7f69f38f146d69a3afcf344d5a47af","prev_hash":"f6c3a12135e2c95f498d867514c4a1c5179590246f224ceacb47eca58cb464f6","record_hash":"aecc5b64ed9a7cde037b82c59c7889a250f46ec4b9a8abee51f5b57ac28dbb39","signature_hex":"c65ae3c84abcee82d60e1b952c10468402dde008788f5c982127b24356eaa9dea1278c2f091917ce5474c4821790798dee77397b8b5e8d34c84bc481b8961b00","public_key_hex":"c2f8243b0d573587f285c830a868acd19249d17d59ecbf9329e796dfed6fb630"}
{"seq":71,"ts":1779753600000,"agent_id":"baseline-momentum","symbol":"SOLUSDT","side":"sell","price":84.31869848688,"quantity":23.71953120589498,"notional_usd":2000.0,"fee_usd":1.2,"balance_before_usd":9302.814771641522,"balance_after_usd":9301.014631611517,"decision":"ALLOW_CAPPED","cert_hash":"3d4767bfe9945dd99d7ab4d02f0cd136c99e00156dda6d9ab28dc2cc35b48b41","prev_hash":"aecc5b64ed9a7cde037b82c59c7889a250f46ec4b9a8abee51f5b57ac28dbb39","record_hash":"fca29ffd9e36417abe1daf0998f8213ae604981705b3e418640299836ffb9246","signature_hex":"f6610dc1f1b1a89cb7673fbd2c70e83fba8d302ccb4caa138c47e26f6b50f6b57e473d6388c49c66f53dfc7195804d7c9e7f325403ac06a99fe61dbda56b4803","public_key_hex":"c2f8243b0d573587f285c830a868acd19249d17d59ecbf9329e796dfed6fb630"}
{"seq":72,"ts":1779757200000,"agent_id":"baseline-momentum","symbol":"SOLUSDT","side":"sell","price":84.03278428116,"quantity":23.800234838207025,"notional_usd":2000.0,"fee_usd":1.2,"balance_before_usd":9292.186914538499,"balance_after_usd":9290.38677450849,"decision":"ALLOW_CAPPED","cert_hash":"e997005b2a592041d4426b64e1db0ad5aebfd173a956c53c1f946c9cb2e56fd9","prev_hash":"fca29ffd9e36417abe1daf0998f8213ae604981705b3e418640299836ffb9246","record_hash":"2ce8ceeb8cf626c9a0a801aee6661e001ceab05ab85c1199c206042fe942bfa3","signature_hex":"5a199c1a01b119eb94b5a1186314c986b0b7749e416c327c4aba8840500786fb2d52b637a68cff7297203f6c24c816a265a4fe213aba284bd3400c4bf189e104","public_key_hex":"c2f8243b0d573587f285c830a868acd19249d17d59ecbf9329e796dfed6fb630"}
{"seq":73,"ts":1779760800000,"agent_id":"baseline-momentum","symbol":"SOLUSDT","side":"sell","price":83.94780977946,"quantity":23.824326152811096,"notional_usd":2000.0,"fee_usd":1.2,"balance_before_usd":9289.78617226272,"balance_after_usd":9287.986032232715,"decision":"ALLOW_CAPPED","cert_hash":"3e0f0c3f417ff5203a5b7a77e19e7fe4e5e767d80c77bf5887cd0834b49855a8","prev_hash":"2ce8ceeb8cf626c9a0a801aee6661e001ceab05ab85c1199c206042fe942bfa3","record_hash":"49de0551d0254c09084cd289256d6aa489b4c5f0a2d9cbca5a1b96e5a5aa7c30","signature_hex":"9c70525be04f6cbe476ffa7e8db51f19a1272201ceb8aa427174002529b0e172fce38e39f40392f47bcb40c55ddef81600fdcd4f28859e3261f39e84636d8005","public_key_hex":"c2f8243b0d573587f285c830a868acd19249d17d59ecbf9329e796dfed6fb630"}
{"seq":74,"ts":1779764400000,"agent_id":"baseline-momentum","symbol":"SOLUSDT","side":"sell","price":84.14275128336001,"quantity":23.769130073543458,"notional_usd":2000.0,"fee_usd":1.2,"balance_before_usd":9284.718140843797,"balance_after_usd":9282.91800081379,"decision":"ALLOW_CAPPED","cert_hash":"8caa00be01c3e3fe96d1b4ef7c633f6eaec083682693124cbcaa8971e615873b","prev_hash":"49de0551d0254c09084cd289256d6aa489b4c5f0a2d9cbca5a1b96e5a5aa7c30","record_hash":"1b3a17fb718f7ac9d25e52529daa5bf6eea479909fc886e71d7748524011e0d2","signature_hex":"2a32308c73b6518ebaa818d3bff40b687fd5e21daf4a9fd8f6b4bdd8642a42697c4af25dcc14e04e6910cbecdc93a9d8398ff2ccf2396252258112634c161a0a","public_key_hex":"c2f8243b0d573587f285c830a868acd19249d17d59ecbf9329e796dfed6fb630"}
{"seq":75,"ts":1779768000000,"agent_id":"baseline-momentum","symbol":"SOLUSDT","side":"sell","price":84.30098920255593,"quantity":14.482792469924933,"notional_usd":1220.91373163,"fee_usd":0.7325482389779999,"balance_before_usd":9276.636230958637,"balance_after_usd":9275.584904908179,"decision":"ALLOW","cert_hash":"31417f1bfc8df47a2e26c1d8b94e3fb62dc7640fc521649920cf3b94b989ed99","prev_hash":"1b3a17fb718f7ac9d25e52529daa5bf6eea479909fc886e71d7748524011e0d2","record_hash":"147dc561d41d6658625107059b2556f773db8163048fa86331ee8fc28bf19f9a","signature_hex":"f483dc2059993114bd9c0fa449e3bdd6afe8ade7f86e2f4cdb766a0e1619e295f97c13b39c1fd7554a942eea503082d7b0c571a6b454ce6389c17e0cf33eb701","public_key_hex":"c2f8243b0d573587f285c830a868acd19249d17d59ecbf9329e796dfed6fb630"}
{"seq":76,"ts":1779894000000,"agent_id":"baseline-momentum","symbol":"SOLUSDT","side":"buy","price":84.42232078794,"quantity":23.690417194568603,"notional_usd":2000.0,"fee_usd":1.2,"balance_before_usd":9271.514139753912,"balance_after_usd":9269.714279723918,"decision":"ALLOW_CAPPED","cert_hash":"3ce6258113306b2f07d809ff1a5a437e79183053f75046999e5fb9a823445603","prev_hash":"147dc561d41d6658625107059b2556f773db8163048fa86331ee8fc28bf19f9a","record_hash":"fd042902af403b151f51b776bb682f3988a8a17551560cfee85a5f5ebd601db9","signature_hex":"713bcc2c38144174d77bee185445f26bc2cf79f75793a9ba0462dd115328b9f847ce67dc3e12d79056fb263ab558c75e32ac827708448bb7e28a2c43c589b10d","public_key_hex":"c2f8243b0d573587f285c830a868acd19249d17d59ecbf9329e796dfed6fb630"}
{"seq":77,"ts":1779915600000,"agent_id":"baseline-momentum","symbol":"SOLUSDT","side":"sell","price":82.41227054874001,"quantity":24.268230770527868,"notional_usd":2000.0,"fee_usd":1.2,"balance_before_usd":9331.10132827072,"balance_after_usd":9329.301188240714,"decision":"ALLOW_CAPPED","cert_hash":"95fdb8bc26e305476dcb4cbaca6c5af7ce7adae7d9907f928c4be8c93ce68328","prev_hash":"fd042902af403b151f51b776bb682f3988a8a17551560cfee85a5f5ebd601db9","record_hash":"407f006f2ffc039066e8a66830ba3123f57b43e7fb635e2c9e097c6e76c28edc","signature_hex":"5832359ea8e85d0e0f99f55e243f76e244b3100d992bc5d8a10d6b0c61489c545f6b2abe54ce11333a2c628e94b63e32e49af299e973f8995537ceb0d851620f","public_key_hex":"c2f8243b0d573587f285c830a868acd19249d17d59ecbf9329e796dfed6fb630"}
{"seq":78,"ts":1779937200000,"agent_id":"baseline-momentum","symbol":"SOLUSDT","side":"sell","price":80.64794072256345,"quantity":2.8504546315797485,"notional_usd":229.88329616,"fee_usd":0.137929977696,"balance_before_usd":9427.803396240037,"balance_after_usd":9427.616839565959,"decision":"ALLOW","cert_hash":"ea366ef0397b8adf5cd332122eaf340b8f34e60c9152e16dde00013149c50ea3","prev_hash":"407f006f2ffc039066e8a66830ba3123f57b43e7fb635e2c9e097c6e76c28edc","record_hash":"9741daee757a6c280d709627c2e6280a292272a55a535e4eba5c318d7acdafde","signature_hex":"2f3b945ef3da38c5f523704b7c1451c898e1a220cde2b7addddd810c3fb04a06bd1fecdc3850f4e71ea6b3b65dff05bb9ea8b71ea7ef968f3bd93a5ae1c2a20c","public_key_hex":"c2f8243b0d573587f285c830a868acd19249d17d59ecbf9329e796dfed6fb630"}
{"seq":79,"ts":1780009200000,"agent_id":"baseline-momentum","symbol":"SOLUSDT","side":"buy","price":82.09562294141999,"quantity":24.3618347524705,"notional_usd":2000.0,"fee_usd":1.2,"balance_before_usd":9345.452156535082,"balance_after_usd":9343.652296505088,"decision":"ALLOW_CAPPED","cert_hash":"f4823ca9ffb65b4e77b46a10f9ec0947c92a22e05e96c8f613e0fca87eec6d8b","prev_hash":"9741daee757a6c280d709627c2e6280a292272a55a535e4eba5c318d7acdafde","record_hash":"4c1f7145e3dea793a04333ba848d997d697ef3bd398da94c330a495ab42f2038","signature_hex":"beaf00801e05913c7378b23e006d0411ba3d79a8c0660803851c683bb43c0134d7641c579107161b9d4bc0b85ad53a5870c6355320bd8704c5fbf6c84116370f","public_key_hex":"c2f8243b0d573587f285c830a868acd19249d17d59ecbf9329e796dfed6fb630"}
{"seq":80,"ts":1780012800000,"agent_id":"baseline-momentum","symbol":"SOLUSDT","side":"buy","price":82.30368534557999,"quantity":24.30024842268387,"notional_usd":2000.0,"fee_usd":1.2,"balance_before_usd":9336.564327642547,"balance_after_usd":9334.764467612553,"decision":"ALLOW_CAPPED","cert_hash":"0a410beb6f6e8bd1b380e8df7435a625a38b959faa5ab03201915cedd842e634","prev_hash":"4c1f7145e3dea793a04333ba848d997d697ef3bd398da94c330a495ab42f2038","record_hash":"7815b0254c6bf8cb77eee5971e408d640db8fdd8fe3df8c44a36eddc7d0ab36c","signature_hex":"3177fc37d472f3b3c7d8514cad10e0a46f109b9fef6e607a48b3b1b6d8dd5740e51ceff71bc724eb860b1ed6213d5d75e1cfbe1a0849ce36ab067a772c6bc700","public_key_hex":"c2f8243b0d573587f285c830a868acd19249d17d59ecbf9329e796dfed6fb630"}
{"seq":81,"ts":1780016400000,"agent_id":"baseline-momentum","symbol":"SOLUSDT","side":"buy","price":82.18665024324,"quantity":24.33485236447514,"notional_usd":2000.0,"fee_usd":1.2,"balance_before_usd":9335.908321032279,"balance_after_usd":9334.108461002284,"decision":"ALLOW_CAPPED","cert_hash":"4e11bb4144d772c12ebfa77432e3ac09616bd8b2a761c2064632a224a3f9ce94","prev_hash":"7815b0254c6bf8cb77eee5971e408d640db8fdd8fe3df8c44a36eddc7d0ab36c","record_hash":"ed80ef53d8f7dfd76183a144809299dd576db2144d27c422d023c8d6eb1d0372","signature_hex":"fb9c28f1cb8350816a9e9dc2a41c0a88dc5f1893fdc506e6fd7d2a8802e9ac7cd2da826241e889c08c462b9184366e762beede5c5592282f6c45eef6d1112d02","public_key_hex":"c2f8243b0d573587f285c830a868acd19249d17d59ecbf9329e796dfed6fb630"}
{"seq":82,"ts":1780020000000,"agent_id":"baseline-momentum","symbol":"SOLUSDT","side":"buy","price":81.54845883048,"quantity":24.52529488212068,"notional_usd":2000.0,"fee_usd":1.2,"balance_before_usd":9324.820248114986,"balance_after_usd":9323.020388084991,"decision":"ALLOW_CAPPED","cert_hash":"1dab17d09e9ff7542d314cc785e514305c46c0ec35ed435e58424d22d00aef67","prev_hash":"ed80ef53d8f7dfd76183a144809299dd576db2144d27c422d023c8d6eb1d0372","record_hash":"04d253bd7bf5edf1bc02311f4c624b75265316fcacf69743964c216f3747861c","signature_hex":"5780508f08b0c329fc8071f707d56bf6920c3c7d477cf1bf41ff30c0e06bd084712de8178df04ed2d399caee4c28958f84812f5028ce3034db4a8e3fcb87700c","public_key_hex":"c2f8243b0d573587f285c830a868acd19249d17d59ecbf9329e796dfed6fb630"}
{"seq":83,"ts":1780027200000,"agent_id":"baseline-momentum","symbol":"SOLUSDT","side":"buy","price":81.91339076797598,"quantity":17.92240697004509,"notional_usd":1468.08512564,"fee_usd":0.8808510753839999,"balance_before_usd":9337.36407746604,"balance_after_usd":9336.081929934619,"decision":"ALLOW","cert_hash":"33ea21e3dd81e94df3000d3417404f064f66fd46c08d2dbeb236fd60e0ef75e6","prev_hash":"04d253bd7bf5edf1bc02311f4c624b75265316fcacf69743964c216f3747861c","record_hash":"7e28dc8e5ff66326e98d3510e8825338c236bd0f0521f576c6cdb4c193a8e2a9","signature_hex":"bab695c9a2816e9261a0edc3716c08f0051fbd0f39961ecaaad9601b5f9d1a577dde7471c6a7741b7f4d25a98be5cd29d4c4b80ca6ecef60bcb5a6fd29330201","public_key_hex":"c2f8243b0d573587f285c830a868acd19249d17d59ecbf9329e796dfed6fb630"}
{"seq":84,"ts":1780059600000,"agent_id":"baseline-momentum","symbol":"SOLUSDT","side":"sell","price":81.37258252794001,"quantity":24.578303131933684,"notional_usd":2000.0,"fee_usd":1.2,"balance_before_usd":9307.920951479326,"balance_after_usd":9306.120811449318,"decision":"ALLOW_CAPPED","cert_hash":"4663cdfb0e85e3c29ad7b32b4432352ffbd3d828fc3074f593d36d8b9ac64fe0","prev_hash":"7e28dc8e5ff66326e98d3510e8825338c236bd0f0521f576c6cdb4c193a8e2a9","record_hash":"3f4e2ad134c2c434ecc92961a714510f66808fff0168899a2ce57e15163d1b60","signature_hex":"0064d1261ff5bfff2e480850fdb03667982cb88c0ebcee26899d6aadcc5f9c6c99c08ef870fa6df5f6b1ba58edd24bba1579597a4d3f777fc49468ba69a8c903","public_key_hex":"c2f8243b0d573587f285c830a868acd19249d17d59ecbf9329e796dfed6fb630"}
{"seq":85,"ts":1780063200000,"agent_id":"baseline-momentum","symbol":"SOLUSDT","side":"sell","price":81.26761402584,"quantity":24.610049451729644,"notional_usd":2000.0,"fee_usd":1.2,"balance_before_usd":9302.71590020569,"balance_after_usd":9300.915760175685,"decision":"ALLOW_CAPPED","cert_hash":"8edfd677abf5ccab7add0ee0dc1c8e9e9038bb8b2156bf8f7bf89889e8e49bb3","prev_hash":"3f4e2ad134c2c434ecc92961a714510f66808fff0168899a2ce57e15163d1b60","record_hash":"808b220af0b0d07d23e88fb9d1df2d7386c2c9ae600bf61d4ff320648e966748","signature_hex":"f696c89d6a4e406991730cd3ecf58262f9b32a871b641e6c03db500412c11a54a591347a7c645649c3089203dad379fee9467586cf98d6f5631c463015dfc80b","public_key_hex":"c2f8243b0d573587f285c830a868acd19249d17d59ecbf9329e796dfed6fb630"}
{"seq":86,"ts":1780070400000,"agent_id":"baseline-momentum","symbol":"SOLUSDT","side":"buy","price":82.91386835777999,"quantity":24.121417075486573,"notional_usd":2000.0,"fee_usd":1.2,"balance_before_usd":9313.400589830551,"balance_after_usd":9311.600729800557,"decision":"ALLOW_CAPPED","cert_hash":"a20c866af7a9410debc0402e5d5dda579a7afac72965dfa980890ff82f2c566c","prev_hash":"808b220af0b0d07d23e88fb9d1df2d7386c2c9ae600bf61d4ff320648e966748","record_hash":"d34516617fbd0ee6388c97dfbc6c4f3464af5d4d229bc172aee1e283859a3318","signature_hex":"9f3864412da248ca0bf009accda9eb059ca3bf6eb7ba96072c6c275e1099d96479cc44257b6c1fd07e80f2b71b027967fddcae29bce9affdeb9f7e3670a0da0f","public_key_hex":"c2f8243b0d573587f285c830a868acd19249d17d59ecbf9329e796dfed6fb630"}
{"seq":87,"ts":1780102800000,"agent_id":"baseline-momentum","symbol":"SOLUSDT","side":"buy","price":82.8098371557,"quantity":24.151719997221797,"notional_usd":2000.0,"fee_usd":1.2,"balance_before_usd":9308.279064050188,"balance_after_usd":9306.479204020196,"decision":"ALLOW_CAPPED","cert_hash":"26bca2f17100b8b9e3f73408718d4d31eb4de6a8d4ddddafd1713ba0260223fd","prev_hash":"d34516617fbd0ee6388c97dfbc6c4f3464af5d4d229bc172aee1e283859a3318","record_hash":"46322a1a96a2812187d39cb218a6bcee0668f939dffd2be4cdeeeb61c4b820f5","signature_hex":"ea91d05c4fc7b1b5fece65afe82448245617c91c0be96dd9dbfddece81d548db0c2d6fe13cd105e5363283eb2fb2a8026b04c71946c6daa7f9bdcb45528b990a","public_key_hex":"c2f8243b0d573587f285c830a868acd19249d17d59ecbf9329e796dfed6fb630"}
{"seq":88,"ts":1780236000000,"agent_id":"baseline-momentum","symbol":"SOLUSDT","side":"sell","price":81.89942443848001,"quantity":24.420196035716103,"notional_usd":2000.0,"fee_usd":1.2,"balance_before_usd":9258.185013380782,"balance_after_usd":9256.384873350777,"decision":"ALLOW_CAPPED","cert_hash":"e40e9d4d884d30586cfdbb1986496e25948e42c4cc3b31ce0410c6202bfef613","prev_hash":"46322a1a96a2812187d39cb218a6bcee0668f939dffd2be4cdeeeb61c4b820f5","record_hash":"9c793ace0b606562b96d75de07cd4a1164d71344ee972d3eb393664e35759263","signature_hex":"03fb693beb33439a4e5d093c0a19f62c849d5c3250bc284f298f9be3a509546e0c95a20bf506f14d698bdc74fe92779906814ae79a6cb771dae70263b0899208","public_key_hex":"c2f8243b0d573587f285c830a868acd19249d17d59ecbf9329e796dfed6fb630"}
{"seq":89,"ts":1780239600000,"agent_id":"baseline-momentum","symbol":"SOLUSDT","side":"sell","price":81.80745203663999,"quantity":24.447650552717842,"notional_usd":2000.0,"fee_usd":1.2,"balance_before_usd":9253.47117652099,"balance_after_usd":9251.671036490985,"decision":"ALLOW_CAPPED","cert_hash":"95fb583bc54a9ff0d259da873201edb8f5310cd5c21251922345f5bc9d891a99","prev_hash":"9c793ace0b606562b96d75de07cd4a1164d71344ee972d3eb393664e35759263","record_hash":"342c4ca28f8e3d424981f005965cf308db818b4eea24d0b03a21d95e9541e84e","signature_hex":"fa37a694796e8547f1d65ec32b66a89548650d07328fea2a9f3bc42d35a0c9c116de29013b7055f9460b37a9bfa515c2d5460063c10acdf8bf108eef96f0b306","public_key_hex":"c2f8243b0d573587f285c830a868acd19249d17d59ecbf9329e796dfed6fb630"}
{"seq":90,"ts":1780243200000,"agent_id":"baseline-momentum","symbol":"SOLUSDT","side":"sell","price":81.52453693098002,"quantity":24.532491385915286,"notional_usd":2000.0,"fee_usd":1.2,"balance_before_usd":9249.626936784043,"balance_after_usd":9247.826796754036,"decision":"ALLOW_CAPPED","cert_hash":"0828057d0d169011ecf159df76060f236b2c1ac530aa8ffb0d7bf9f7822f4e3b","prev_hash":"342c4ca28f8e3d424981f005965cf308db818b4eea24d0b03a21d95e9541e84e","record_hash":"5a8a336a02b700332a88b15ba644c64a51bd2b394dd95defa144aa66803f069b","signature_hex":"980759725ec07b435dad487d5e80b2077eb31c2b0f95ac73c7e7d6437cbb6f59d0d6ae2d8b8ea48aec94d29e0219c7a78ca548333bbd93cbeb8f6f332b67cf0f","public_key_hex":"c2f8243b0d573587f285c830a868acd19249d17d59ecbf9329e796dfed6fb630"}
{"seq":91,"ts":1780246800000,"agent_id":"baseline-momentum","symbol":"SOLUSDT","side":"sell","price":81.8054526366,"quantity":24.448248075644706,"notional_usd":2000.0,"fee_usd":1.2,"balance_before_usd":9242.96282044721,"balance_after_usd":9241.162680417205,"decision":"ALLOW_CAPPED","cert_hash":"858c6c6c8e2b1942cafd3fcfa6acf0a9e2946f62051ea65d1b61ffb716838845","prev_hash":"5a8a336a02b700332a88b15ba644c64a51bd2b394dd95defa144aa66803f069b","record_hash":"7dd55e8d1afb86cc9904e5f95dbc53a6fb8724a6623c406e07f84afdfabf727a","signature_hex":"d48169af9e168fd1c38e619a02fc9dcc26c5acde063970d365f1313ec5672589dc724c3012700aae8a709a5e998baec6a96b69e767deb22c929a2225ecf8aa03","public_key_hex":"c2f8243b0d573587f285c830a868acd19249d17d59ecbf9329e796dfed6fb630"}
{"seq":92,"ts":1780250400000,"agent_id":"baseline-momentum","symbol":"SOLUSDT","side":"sell","price":81.69571149691645,"quantity":14.81865759153948,"notional_usd":1210.62077537,"fee_usd":0.726372465222,"balance_before_usd":9245.881308687016,"balance_after_usd":9244.839469183962,"decision":"ALLOW","cert_hash":"77641e7029f8faeb5c471c3b3cc2f39321dab7d7be55ef13535a6c94af54e3ea","prev_hash":"7dd55e8d1afb86cc9904e5f95dbc53a6fb8724a6623c406e07f84afdfabf727a","record_hash":"0d06ef6067d457ed2ba6f02d5a711ba5093b49d304dca8e5f2f16520ed5b70b0","signature_hex":"1e6554c0fd8d8c59f19283585a619a11062722517f006554545a8da21238799a34edc32735c978d39acbba55fcc114d73922b656bbe02efdbb44c4af45fbf405","public_key_hex":"c2f8243b0d573587f285c830a868acd19249d17d59ecbf9329e796dfed6fb630"}
{"seq":93,"ts":1780390800000,"agent_id":"baseline-momentum","symbol":"SOLUSDT","side":"sell","price":79.05030171172079,"quantity":2.8343335467216737,"notional_usd":224.05492202,"fee_usd":0.134432953212,"balance_before_usd":9394.767008394481,"balance_after_usd":9394.585246922627,"decision":"ALLOW","cert_hash":"9abcf286b87d5aec94bad60e2ea85ab2a2f88eb4ea9adaa556c6d5782664a175","prev_hash":"0d06ef6067d457ed2ba6f02d5a711ba5093b49d304dca8e5f2f16520ed5b70b0","record_hash":"e42cf2671c15d6123a8adffe2785a846849bf28ed39ec6b85b7b895d68755035","signature_hex":"17b529c9b2be5bcb3235ecdc8d87003ce23fe88e19d1accb4e6715034edbf2bac8f440c3af80e5c9e1041205c910e0fe8a0e69acad869b668058bb3b40d8650c","public_key_hex":"c2f8243b0d573587f285c830a868acd19249d17d59ecbf9329e796dfed6fb630"}
{"seq":94,"ts":1780412400000,"agent_id":"baseline-momentum","symbol":"SOLUSDT","side":"sell","price":76.31080411424152,"quantity":3.1979747994092484,"notional_usd":244.04002848,"fee_usd":0.14642401708799999,"balance_before_usd":9557.37073874133,"balance_after_usd":9557.172520689732,"decision":"ALLOW","cert_hash":"fb915566002df576a5fb53d5f7a48465ff4a5e75a5545a9a9314732f1c75ad0d","prev_hash":"e42cf2671c15d6123a8adffe2785a846849bf28ed39ec6b85b7b895d68755035","record_hash":"6763ccd0530a12442f9feda969dd37d247c6eeec0c47d927701a2475bdd9ac1e","signature_hex":"a060bb27bb651d9edee573072a57c642352636db4065b860ba3d2d7195bca1653e88f77a93b746d6570a2229e0b97f16e39101f65562b42311f0d63a76181109","public_key_hex":"c2f8243b0d573587f285c830a868acd19249d17d59ecbf9329e796dfed6fb630"}
{"seq":95,"ts":1780437600000,"agent_id":"baseline-momentum","symbol":"SOLUSDT","side":"sell","price":73.59934092642,"quantity":3.4584745037931053,"notional_usd":254.54144409,"fee_usd":0.152724866454,"balance_before_usd":9726.967418788186,"balance_after_usd":9726.760537415004,"decision":"ALLOW","cert_hash":"c18686d819d699e8ce803ac455aa63444b73a5b5a429e7ec77fac96c8c3e1207","prev_hash":"6763ccd0530a12442f9feda969dd37d247c6eeec0c47d927701a2475bdd9ac1e","record_hash":"5a3d049ae62ac17b8faccbe2aa430886440ec72b89545f43791f60e66c535b30","signature_hex":"0946a0ba932a01c58859e1de20b8ee98eb4723be5347e8a533a6cba5f421c05bf429fc81a6666195696826c994813f830fa7902fc6e158f69995e66bdbb6f109","public_key_hex":"c2f8243b0d573587f285c830a868acd19249d17d59ecbf9329e796dfed6fb630"}
{"seq":96,"ts":1780516800000,"agent_id":"baseline-momentum","symbol":"SOLUSDT","side":"sell","price":71.15290484776087,"quantity":3.405934131410607,"notional_usd":242.34210717,"fee_usd":0.145405264302,"balance_before_usd":9888.42700699146,"balance_after_usd":9888.23018863293,"decision":"ALLOW","cert_hash":"f1aa02869d213a28a18ee8e7dbdb31121ba10d19c4f7bb6e7755ff030a8e7f1a","prev_hash":"5a3d049ae62ac17b8faccbe2aa430886440ec72b89545f43791f60e66c535b30","record_hash":"ed4854f85d202d3afc5f3e6beb48f24f25edef6a0e81bc476f2c67f04a713f13","signature_hex":"ccd70bfca1c83fdc2534086597be2fbafebc13b350a5b6033c1c56034a1d56cf46c6bf36ca70e41aa9a875eec1a9f0eca27526109a7a1dd78d91fa84f3c9df02","public_key_hex":"c2f8243b0d573587f285c830a868acd19249d17d59ecbf9329e796dfed6fb630"}
{"seq":97,"ts":1780534800000,"agent_id":"baseline-momentum","symbol":"SOLUSDT","side":"sell","price":68.55335878339694,"quantity":3.9501412523872483,"notional_usd":270.79545052,"fee_usd":0.16247727031199996,"balance_before_usd":10068.860370500379,"balance_after_usd":10068.640058356377,"decision":"ALLOW","cert_hash":"ed7086b4e845300f2063c56e44a2206fd219eb0ed8cde94eeb38a384110728d1","prev_hash":"ed4854f85d202d3afc5f3e6beb48f24f25edef6a0e81bc476f2c67f04a713f13","record_hash":"72c5487b2b856af0dd189e78ebb080acc69e8726e7496b84005e3be480efdc85","signature_hex":"30850d32d37e19d05d9aada9eed806e5b7a842c79d583e3c954db7b894ca29d3890044ab26a3b2859cd60a6a2fa426f47a223f6aded5e8025e870fb2beca540f","public_key_hex":"c2f8243b0d573587f285c830a868acd19249d17d59ecbf9329e796dfed6fb630"}
{"seq":98,"ts":1780542000000,"agent_id":"baseline-momentum","symbol":"SOLUSDT","side":"buy","price":71.43540709465826,"quantity":4.399398426099268,"notional_usd":314.27281754,"fee_usd":0.18856369052400002,"balance_before_usd":9859.23684062535,"balance_after_usd":9858.980494986834,"decision":"ALLOW","cert_hash":"deefb30777c161c4a985c819d671e75e64e3af23a8d16c6ccd905471239c532a","prev_hash":"72c5487b2b856af0dd189e78ebb080acc69e8726e7496b84005e3be480efdc85","record_hash":"7c711e037116d03f10dadaeeb954b6553aaf6a7def63b824ad73817e719d8ea9","signature_hex":"d3978e4b2f47c03624d9449caf85ac16f0523ee2a267b6082d526b52c422aed00a73dffd6578afe4cf4b3e9fb321baeeeb6f6de236ef52c8243c0790a0bdfa01","public_key_hex":"c2f8243b0d573587f285c830a868acd19249d17d59ecbf9329e796dfed6fb630"}
{"seq":99,"ts":1780556400000,"agent_id":"baseline-momentum","symbol":"SOLUSDT","side":"sell","price":69.0843514034246,"quantity":3.475616580922223,"notional_usd":240.11071722,"fee_usd":0.144066430332,"balance_before_usd":10019.184942976783,"balance_after_usd":10018.989963641308,"decision":"ALLOW","cert_hash":"74252799faafa0ede90b9ed4268f709ac3204631026663d4fd53310548f2848e","prev_hash":"7c711e037116d03f10dadaeeb954b6553aaf6a7def63b824ad73817e719d8ea9","record_hash":"877958cae38df1ba7a0085187b5f52ff938ac395b398ee71f01903c1dbea5a1e","signature_hex":"edae1fdc0812c052b2af606e0dd9ab1e65e8f309b8a023400f08992693b475eac895fe07bbf012238b62010451c28bb3900bbde8b03b0fb5a06fae6539ab7f00","public_key_hex":"c2f8243b0d573587f285c830a868acd19249d17d59ecbf9329e796dfed6fb630"}
{"seq":100,"ts":1780628400000,"agent_id":"baseline-momentum","symbol":"SOLUSDT","side":"sell","price":67.03884467469233,"quantity":3.316772287454706,"notional_usd":222.3525822,"fee_usd":0.13341154932,"balance_before_usd":10167.323953488769,"balance_after_usd":10167.143591948749,"decision":"ALLOW","cert_hash":"daf2dfce710695747793430d47b06f6cedccdd64be4381bded81ee14bd7675fa","prev_hash":"877958cae38df1ba7a0085187b5f52ff938ac395b398ee71f01903c1dbea5a1e","record_hash":"657eb8222b27171eb285d2c6ef420bd721a4d12a4f38208235d438291eee288a","signature_hex":"5fb1897c89670746e53a99219f05f7fb53d8583e481f6c9c25eca5c64d5835b76ddaa62dc48917a6d23e4d78807450e8950f6199a4e114e2bca02a2d2b367b0e","public_key_hex":"c2f8243b0d573587f285c830a868acd19249d17d59ecbf9329e796dfed6fb630"}
{"seq":101,"ts":1780639200000,"agent_id":"baseline-momentum","symbol":"SOLUSDT","side":"sell","price":64.97524063742345,"quantity":3.6104532338566573,"notional_usd":234.59006768,"fee_usd":0.140754040608,"balance_before_usd":10323.628390910544,"balance_after_usd":10323.437959334826,"decision":"ALLOW","cert_hash":"04926d31d61c7cf575d93d2978f7defb7b1f071f51c0c99b60d5177f80a93f18","prev_hash":"657eb8222b27171eb285d2c6ef420bd721a4d12a4f38208235d438291eee288a","record_hash":"1568a64ef4c7860844cc6fd9f49922f7cce006e6e1322494a62bc8c9347d4b79","signature_hex":"9bff6fa4e041c9f26e010036f761f8f78ff448081d0734e73869606dc45508018fdc2661e55791292f0e7d6a2a21cf290848b0f20878fa2ba6bfac9904e48706","public_key_hex":"c2f8243b0d573587f285c830a868acd19249d17d59ecbf9329e796dfed6fb630"}
{"seq":102,"ts":1780682400000,"agent_id":"baseline-momentum","symbol":"SOLUSDT","side":"sell","price":62.84863226756248,"quantity":4.029778936346337,"notional_usd":253.26609449,"fee_usd":0.151959656694,"balance_before_usd":10492.37861787474,"balance_after_usd":10492.172789211443,"decision":"ALLOW","cert_hash":"5fbe1dd6a5b2cc857710b3b185347b32d3dfc4d4842aa3ff22742aa63b771a37","prev_hash":"1568a64ef4c7860844cc6fd9f49922f7cce006e6e1322494a62bc8c9347d4b79","record_hash":"510b9805759cda0641ffdda37dc7a0e2f4737a3e3d555e9e769a3b0da5891ac5","signature_hex":"0a985ca04ff81d0d7c09d051398a17dbd7b2720ce59c67720d39b29e399a7fa7a7580e41938104f08e193b33c5a99127d7eb605a7bf161a025060c4880c40908","public_key_hex":"c2f8243b0d573587f285c830a868acd19249d17d59ecbf9329e796dfed6fb630"}
{"seq":103,"ts":1780689600000,"agent_id":"baseline-momentum","symbol":"SOLUSDT","side":"buy","price":64.6096215164265,"quantity":3.3621488978196794,"notional_usd":217.22716777,"fee_usd":0.130336300662,"balance_before_usd":10347.459199593546,"balance_after_usd":10347.283065726446,"decision":"ALLOW","cert_hash":"efa1eed9c276d91788810358124390c3e4d1de211150731cef76d749cadf86e4","prev_hash":"510b9805759cda0641ffdda37dc7a0e2f4737a3e3d555e9e769a3b0da5891ac5","record_hash":"78f8404251f38bfc3b14408457c3c279fb404e14b14936f0d8dba4d3ad2beaa5","signature_hex":"42d7dfa9bae991b7dff1f937fc0c82a845a673e64f664d99dd22f5ccd1fa0a1d263b7a38c8a413028edb912e6b08904742ee0a39e537c8b1c2a3c6ec6004900e","public_key_hex":"c2f8243b0d573587f285c830a868acd19249d17d59ecbf9329e796dfed6fb630"}
{"seq":104,"ts":1780714800000,"agent_id":"baseline-momentum","symbol":"SOLUSDT","side":"sell","price":62.77276125610002,"quantity":3.4620482443550538,"notional_usd":217.3223279,"fee_usd":0.13039339674,"balance_before_usd":10492.253860655295,"balance_after_usd":10492.07763408848,"decision":"ALLOW","cert_hash":"546341e31d9d4fa88500fa3f0fe79c827e6d9132882a925317fb355033e17412","prev_hash":"78f8404251f38bfc3b14408457c3c279fb404e14b14936f0d8dba4d3ad2beaa5","record_hash":"a3341c7b4d8153aab93158bfb02f26229f71c4430eaaec074651d53d2fd7162d","signature_hex":"9930056d7cb096f51df65d027633371f73e2cb6916edb76c28a21bd8a51cca3e1da3f5a52af2083aae835bbc72f4c5ca70fe4d242bd094ce99a94438d2842002","public_key_hex":"c2f8243b0d573587f285c830a868acd19249d17d59ecbf9329e796dfed6fb630"}
{"seq":105,"ts":1780718400000,"agent_id":"baseline-momentum","symbol":"SOLUSDT","side":"sell","price":60.791085064913425,"quantity":4.084139318370194,"notional_usd":248.27926072,"fee_usd":0.148967556432,"balance_before_usd":10657.686438873976,"balance_after_usd":10657.484724923364,"decision":"ALLOW","cert_hash":"be89b41224805ca7f763e278c60d6bd4ca1d25a81429b277136b999fd84596a9","prev_hash":"a3341c7b4d8153aab93158bfb02f26229f71c4430eaaec074651d53d2fd7162d","record_hash":"fee9f8064156e9bb3efea175b5a5c301c644e8f437aa6a659f0283337cf6f948","signature_hex":"d4c849c413398ca52f6b82c92a948d2b00e8109d89259b9b2730201d2ebfdfe2814c26af71223086a7e985682f317b84ddcb6ce8fc6907a04fb54648ca41c70a","public_key_hex":"c2f8243b0d573587f285c830a868acd19249d17d59ecbf9329e796dfed6fb630"}
{"seq":106,"ts":1780722000000,"agent_id":"baseline-momentum","symbol":"SOLUSDT","side":"buy","price":62.566230902776056,"quantity":3.6773604772121797,"notional_usd":230.07858473,"fee_usd":0.13804715083799998,"balance_before_usd":10504.201404019495,"balance_after_usd":10504.01470206971,"decision":"ALLOW","cert_hash":"dd7c8fafe5bdb48361dc362f7c3e8da6bbb5538a9dfeded404449884b6f72a03","prev_hash":"fee9f8064156e9bb3efea175b5a5c301c644e8f437aa6a659f0283337cf6f948","record_hash":"1770deb7a944c130a1bd6245668c98ce0727525ee9171b2692389c1ec887e9ba","signature_hex":"ed72a614c08566a3ba7c1d06d15f0ec42adc73d9acba23ad8e3d4b121f750a2668153f3b7c98f0b03ba0ae3b16abe6c6555128504557ab01acda0109bc83ec0c","public_key_hex":"c2f8243b0d573587f285c830a868acd19249d17d59ecbf9329e796dfed6fb630"}
{"seq":107,"ts":1780790400000,"agent_id":"baseline-momentum","symbol":"SOLUSDT","side":"buy","price":62.07561834114,"quantity":32.21876887329401,"notional_usd":2000.0,"fee_usd":1.2,"balance_before_usd":10545.66044377634,"balance_after_usd":10543.860583746346,"decision":"ALLOW_CAPPED","cert_hash":"62f8b780d002bba5e2b03dbd269e16c7898d733cb03718e4dd49f59037cc33be","prev_hash":"1770deb7a944c130a1bd6245668c98ce0727525ee9171b2692389c1ec887e9ba","record_hash":"928a4de97101711abb253e9e6fc9e5c32135180c1e751d1b77a693517d0c9f1a","signature_hex":"72cde3e4123caa2532b58499058ec5259b9fc433fc6b92d42ffbf5d2bc8903a35cfa2be78010ac5a0057600eadac3428abedf8adbed57b6e9ecaeee12a7a6404","public_key_hex":"c2f8243b0d573587f285c830a868acd19249d17d59ecbf9329e796dfed6fb630"}
{"seq":108,"ts":1780794000000,"agent_id":"baseline-momentum","symbol":"SOLUSDT","side":"buy","price":63.641087872439996,"quantity":31.426238407626393,"notional_usd":2000.0,"fee_usd":1.2,"balance_before_usd":10462.880566365962,"balance_after_usd":10461.080706335968,"decision":"ALLOW_CAPPED","cert_hash":"58a0e162338e3e9bba9b38af2b7e5c8ebb9cd1b76d952e09c3e0c42a7a6f63df","prev_hash":"928a4de97101711abb253e9e6fc9e5c32135180c1e751d1b77a693517d0c9f1a","record_hash":"1463cea3aabc937210718e39e9d1d4607d1147affd9025c518af11bc042180fa","signature_hex":"c22d8891f08dd198d3ef9a4b918597e09ec8606d3a3c2c3d7daf47f0ee7efe48a16c0442a7755afcf334cae8ea49dfa46771266f9d0caa1fc1bf9f588d1b290f","public_key_hex":"c2f8243b0d573587f285c830a868acd19249d17d59ecbf9329e796dfed6fb630"}
{"seq":109,"ts":1780797600000,"agent_id":"baseline-momentum","symbol":"SOLUSDT","side":"buy","price":63.52605337014,"quantity":31.483145794479448,"notional_usd":2000.0,"fee_usd":1.2,"balance_before_usd":10463.417297224996,"balance_after_usd":10461.617437195002,"decision":"ALLOW_CAPPED","cert_hash":"7618319bac0a0858593da42313e8b7c01cbd54148f91989971d336870e257ffe","prev_hash":"1463cea3aabc937210718e39e9d1d4607d1147affd9025c518af11bc042180fa","record_hash":"61a1880d3e6affc9209e05f73853101df98f0b4eb01cd840ef9427022fc02e37","signature_hex":"dd75c188217eb3c0c830a96af33b4350566c383790da8d9c5a4f44c718cf95ed91ac964ca8093732c2f67be1837a6caf425e762a8db095f1e902cd673e740c06","public_key_hex":"c2f8243b0d573587f285c830a868acd19249d17d59ecbf9329e796dfed6fb630"}
{"seq":110,"ts":1780801200000,"agent_id":"baseline-momentum","symbol":"SOLUSDT","side":"buy","price":63.79313347548,"quantity":31.351336594380253,"notional_usd":2000.0,"fee_usd":1.2,"balance_before_usd":10464.59848262325,"balance_after_usd":10462.798622593258,"decision":"ALLOW_CAPPED","cert_hash":"4032ace5617153e446f8a1ce9fb75dc6885610fc41b6677b0b7ff8c034488f62","prev_hash":"61a1880d3e6affc9209e05f73853101df98f0b4eb01cd840ef9427022fc02e37","record_hash":"a5757ab9ac6de6f18f4e07ed9529fd94ae26df0cbe764587006e9812641dfe0b","signature_hex":"47be07f61f5e5bcee30494e43de8995c19d8d54017a041754e788842ec6d03b5b9ac9dfa1d448b2e810b2fe1c74fcd5c7209350017ae3d3a8413acd5d513c007","public_key_hex":"c2f8243b0d573587f285c830a868acd19249d17d59ecbf9329e796dfed6fb630"}
{"seq":111,"ts":1780804800000,"agent_id":"baseline-momentum","symbol":"SOLUSDT","side":"buy","price":64.05721268076,"quantity":31.222089071645055,"notional_usd":2000.0,"fee_usd":1.2,"balance_before_usd":10474.02292598997,"balance_after_usd":10472.223065959975,"decision":"ALLOW_CAPPED","cert_hash":"56f1fd29edb028efa21ae834df58e083239b16d89052851ef4891001a57d18e5","prev_hash":"a5757ab9ac6de6f18f4e07ed9529fd94ae26df0cbe764587006e9812641dfe0b","record_hash":"b0a09e2e4f32ab443d424218c7b7fb9b7255c40e13a06e3ec8200103d957456e","signature_hex":"ee0bdc8d5bd1b0e65558f01ed8a07469b9039f45aed025f57d1e0a19b06492b11d8452d07702a0bc213757937d6077d042154fe2b50e85c4ca60d2aba6c3b90a","public_key_hex":"c2f8243b0d573587f285c830a868acd19249d17d59ecbf9329e796dfed6fb630"}
{"seq":112,"ts":1780808400000,"agent_id":"baseline-momentum","symbol":"SOLUSDT","side":"buy","price":64.2174720621301,"quantity":7.910138665043406,"notional_usd":507.96910873,"fee_usd":0.304781465238,"balance_before_usd":10484.389900279743,"balance_after_usd":10483.970642796286,"decision":"ALLOW","cert_hash":"d21fedc3382d0de0396eed805b6eb328334a0d6302f7f76f8d59b4f30bf7a4a2","prev_hash":"b0a09e2e4f32ab443d424218c7b7fb9b7255c40e13a06e3ec8200103d957456e","record_hash":"d74a5e3f9a5a6fcd4338cfbd2562c35ed0aad2b97f2ea3f29c59a0bdb2774242","signature_hex":"3fcc4dbc3359a0d160d20146f645b468ee106ade23617a9490a87cd4f0bc5d49fca60482da2e1abf81f56160aefb913162e47f7d5eda7c474f1b6f1798122d03","public_key_hex":"c2f8243b0d573587f285c830a868acd19249d17d59ecbf9329e796dfed6fb630"}
{"seq":113,"ts":1780891200000,"agent_id":"baseline-momentum","symbol":"SOLUSDT","side":"sell","price":65.36438610768,"quantity":30.59770188471195,"notional_usd":2000.0,"fee_usd":1.2,"balance_before_usd":10580.397554933304,"balance_after_usd":10578.597414903299,"decision":"ALLOW_CAPPED","cert_hash":"75416d7459a66f4a14fa1a865c372fa5bccc11265c512cad0160fee8c9f24353","prev_hash":"d74a5e3f9a5a6fcd4338cfbd2562c35ed0aad2b97f2ea3f29c59a0bdb2774242","record_hash":"be8d021c5efa77916903d720148d02d662df9ce3f52d21e9ffe17b27bf8156d5","signature_hex":"7f091dad63380f938b8a7369e37eb0071c1211c73f804f895929079fb4ea2a107875184bea9225231067834c5a0fb4f851bcd9bec4294975c27f09f2cb37af03","public_key_hex":"c2f8243b0d573587f285c830a868acd19249d17d59ecbf9329e796dfed6fb630"}
{"seq":114,"ts":1780898400000,"agent_id":"baseline-momentum","symbol":"SOLUSDT","side":"buy","price":65.64650953977682,"quantity":29.631259901508745,"notional_usd":1945.1887858,"fee_usd":1.16711327148,"balance_before_usd":10591.002765766394,"balance_after_usd":10589.257560251228,"decision":"ALLOW","cert_hash":"b21315a729c78ced89a2433b61539d197162c81ffb3400999d6a69276b0570cf","prev_hash":"be8d021c5efa77916903d720148d02d662df9ce3f52d21e9ffe17b27bf8156d5","record_hash":"a7c68f0c381aa88299754f9358c4d8a3ae19c936b70e808908b3ed46f0279833","signature_hex":"dfd4e77f9762df8a702d4010b2b42afc054c506bba09455d57a2f0925835d4a0534436fab238984520870e409ea46e22bd7d454489b61a1276a272a084864105","public_key_hex":"c2f8243b0d573587f285c830a868acd19249d17d59ecbf9329e796dfed6fb630"}
{"seq":115,"ts":1780992000000,"agent_id":"baseline-momentum","symbol":"SOLUSDT","side":"sell","price":66.54303243126,"quantity":30.05573877424404,"notional_usd":2000.0,"fee_usd":1.2,"balance_before_usd":10664.775993213925,"balance_after_usd":10662.97585318392,"decision":"ALLOW_CAPPED","cert_hash":"24cd4429f29a3f6143a4e43ffdd652fdef9b4f953548c9ca3bfe2becff3e2918","prev_hash":"a7c68f0c381aa88299754f9358c4d8a3ae19c936b70e808908b3ed46f0279833","record_hash":"0d81a48f502d51540afd8e357885b99c9cdd3854c8c17d14da4fb7469fdb3cd3","signature_hex":"1cdcd5fedaf42c359d34e426781da9d7b52bddcb6dceca2c74ac6bc88b7f1b00831176046def027c9b224e25dfcedc8948bf6a3752c5097893f08ba31fa74b01","public_key_hex":"c2f8243b0d573587f285c830a868acd19249d17d59ecbf9329e796dfed6fb630"}
{"seq":116,"ts":1780995600000,"agent_id":"baseline-momentum","symbol":"SOLUSDT","side":"sell","price":66.11815992276001,"quantity":30.248875684629194,"notional_usd":2000.0,"fee_usd":1.2,"balance_before_usd":10641.459655401064,"balance_after_usd":10639.659515371057,"decision":"ALLOW_CAPPED","cert_hash":"b720d7c8b6e12822f1e96572e58f9745be7250247927acd9377ec64d283d7553","prev_hash":"0d81a48f502d51540afd8e357885b99c9cdd3854c8c17d14da4fb7469fdb3cd3","record_hash":"776643764ed94fe9eb37d26bdbbb587428756140a06d0dcab06f01cb4fdd0e03","signature_hex":"509dd891a3f2c97c5264e7b80d12553b5b782fd427ae3ec843c1febf70e20748d2eb2e1832423ec839c49f4559829f42561bf8d44f8581802ded9166f32b6301","public_key_hex":"c2f8243b0d573587f285c830a868acd19249d17d59ecbf9329e796dfed6fb630"}
{"seq":117,"ts":1780999200000,"agent_id":"baseline-momentum","symbol":"SOLUSDT","side":"sell","price":66.3600873276,"quantity":30.138598072160384,"notional_usd":2000.0,"fee_usd":1.2,"balance_before_usd":10644.590863604673,"balance_after_usd":10642.790723574666,"decision":"ALLOW_CAPPED","cert_hash":"3c63e9d52c37937adda7653eefd5ca4f18acc6a84185106d46e800e96fdcf553","prev_hash":"776643764ed94fe9eb37d26bdbbb587428756140a06d0dcab06f01cb4fdd0e03","record_hash":"78d243b0ac5bea63af5af87987bca5c606f4aa4d5344d589cb1f86330638409d","signature_hex":"4bbf96f67bb7e15b06214999c0df96cb2a0b6ce7e07e78644b3b4ce7e377ea597da99f66e74e0bbf1159a67101ca50f83940bd6a0efce827b56a555bcdcd2c0c","public_key_hex":"c2f8243b0d573587f285c830a868acd19249d17d59ecbf9329e796dfed6fb630"}
{"seq":118,"ts":1781002800000,"agent_id":"baseline-momentum","symbol":"SOLUSDT","side":"sell","price":66.05617852152,"quantity":30.277258611750202,"notional_usd":2000.0,"fee_usd":1.2,"balance_before_usd":10645.758105888524,"balance_after_usd":10643.957965858517,"decision":"ALLOW_CAPPED","cert_hash":"f0d86eef1b9cdf04b0cae2a351b36ed1a5461c72f4e19e34a9260e266c117f91","prev_hash":"78d243b0ac5bea63af5af87987bca5c606f4aa4d5344d589cb1f86330638409d","record_hash":"525935f81a21cbe9f11676333a91ef6bc0d0c97070dbb84190f0d58c4ccb0c33","signature_hex":"0a4b72df53cea58b557b90d337ca28fd56e56310bd816bb80bafc92dd6ec8b189bd68e4084dae41d7445ae8ef7428a78812163ddaa4a2b2bb1e02815e57c8005","public_key_hex":"c2f8243b0d573587f285c830a868acd19249d17d59ecbf9329e796dfed6fb630"}
{"seq":119,"ts":1781006400000,"agent_id":"baseline-momentum","symbol":"SOLUSDT","side":"sell","price":66.16114702362,"quantity":30.229221982593284,"notional_usd":2000.0,"fee_usd":1.2,"balance_before_usd":10639.753935470879,"balance_after_usd":10637.95379544087,"decision":"ALLOW_CAPPED","cert_hash":"447dab6ae394c60a3da66369ee0d0ae7e07d262ede736cd76cb35be6c38c110f","prev_hash":"525935f81a21cbe9f11676333a91ef6bc0d0c97070dbb84190f0d58c4ccb0c33","record_hash":"9a36219f33dbd8f364d9ff65e7c9cbe070fa0107357f9ae0c9db5d6b4ff1aec7","signature_hex":"cc8dda10d29e164dcdd812eff04ffd626d5326cf32f73d44801f5cebfc915687cc08a8e42e090b9191aee624111e282aa5473c9c65b969a75e8d4115b15fbc09","public_key_hex":"c2f8243b0d573587f285c830a868acd19249d17d59ecbf9329e796dfed6fb630"}
{"seq":120,"ts":1781010000000,"agent_id":"baseline-momentum","symbol":"SOLUSDT","side":"sell","price":65.79150986877407,"quantity":10.761518504168551,"notional_usd":708.01655087,"fee_usd":0.42480993052199995,"balance_before_usd":10664.233880319283,"balance_after_usd":10663.64237305494,"decision":"ALLOW","cert_hash":"1af3742db102761963a9346c2320d363439d23b5c439cdcbd7e901347932cd1d","prev_hash":"9a36219f33dbd8f364d9ff65e7c9cbe070fa0107357f9ae0c9db5d6b4ff1aec7","record_hash":"c22b762066d338697fd9a522bc77e05028874054dfc18234cade47b520e29313","signature_hex":"8cc36d227d10e3e5bf48ef30934bf055e48d7d55b432623749f81ec43c8a9a7aa1f276777ce509ca61b1fb9ed8a499f70c9c67af8ac9598ec565fd488efb9200","public_key_hex":"c2f8243b0d573587f285c830a868acd19249d17d59ecbf9329e796dfed6fb630"}
{"seq":121,"ts":1781078400000,"agent_id":"baseline-momentum","symbol":"SOLUSDT","side":"sell","price":63.571426571529265,"quantity":4.241018923755676,"notional_usd":269.6076231,"fee_usd":0.16176457386,"balance_before_usd":10843.689089095884,"balance_after_usd":10843.469759355019,"decision":"ALLOW","cert_hash":"4ea807ec941fc03b39c9afb2897cfd5244745b9f68b41a2faaffcfb55e7123f2","prev_hash":"c22b762066d338697fd9a522bc77e05028874054dfc18234cade47b520e29313","record_hash":"b44dba9158436d2b0749e7ff60526f89cc9487a090bfe76bd193619461ae5933","signature_hex":"23cdc8a046dad6fb9414d72e7c5fde4b4b402fcbe284f6419247344728abfd086bf5c27aa7980e6f903534b2f24cbd0460b7995ff3f0696f2fa2b96007a4bf0f","public_key_hex":"c2f8243b0d573587f285c830a868acd19249d17d59ecbf9329e796dfed6fb630"}
{"seq":122,"ts":1781139600000,"agent_id":"baseline-momentum","symbol":"SOLUSDT","side":"buy","price":64.89246319746,"quantity":30.820220121930635,"notional_usd":2000.0,"fee_usd":1.2,"balance_before_usd":10733.641813812574,"balance_after_usd":10731.84195378258,"decision":"ALLOW_CAPPED","cert_hash":"ceff897dbd7949c498d0ab46a144765b045dd1e5aec04a9611cf28383317135c","prev_hash":"b44dba9158436d2b0749e7ff60526f89cc9487a090bfe76bd193619461ae5933","record_hash":"5d49d00e8e2392dcfd47f303c185f9fc1d99dfd78aab19576a6208c319ceeb12","signature_hex":"484c74c7679f21355561432c9cd9b161b7139e027ac043aaae1af90b9976f644089e27972938c22d7e2cb3aff5133aca156f8e48ae1b37153aa378c2a424eb09","public_key_hex":"c2f8243b0d573587f285c830a868acd19249d17d59ecbf9329e796dfed6fb630"}
{"seq":123,"ts":1781146800000,"agent_id":"baseline-momentum","symbol":"SOLUSDT","side":"buy","price":65.25457180469999,"quantity":30.649193530620163,"notional_usd":2000.0,"fee_usd":1.2,"balance_before_usd":10712.13108131892,"balance_after_usd":10710.331221288925,"decision":"ALLOW_CAPPED","cert_hash":"a04a31b46d544c32b9847fc3a1445ddfcd7296036d48a38b0f2d873683594ffd","prev_hash":"5d49d00e8e2392dcfd47f303c185f9fc1d99dfd78aab19576a6208c319ceeb12","record_hash":"29936aa56c3f20f6caf9f707fc6104dad33eab8f782781af067c89733cc177a5","signature_hex":"134a6d5c445f285762da399d7049908e78d475565a82f1ff9aea8906c530633f15bfb95e015659984f90be061348890eeea3df84aedbbc107ccada8fe2758905","public_key_hex":"c2f8243b0d573587f285c830a868acd19249d17d59ecbf9329e796dfed6fb630"}
{"seq":124,"ts":1781150400000,"agent_id":"baseline-momentum","symbol":"SOLUSDT","side":"buy","price":65.19655440354,"quantity":30.676467771913497,"notional_usd":2000.0,"fee_usd":1.2,"balance_before_usd":10711.711663652248,"balance_after_usd":10709.911803622254,"decision":"ALLOW_CAPPED","cert_hash":"749c8f79868e896656f076ab93da0ce5cc9ca1108dc967108a067fb509d56639","prev_hash":"29936aa56c3f20f6caf9f707fc6104dad33eab8f782781af067c89733cc177a5","record_hash":"bf009ac3e6d53ba2da9ec31f397420ef3cc6696faeba77f9a6166631db80d022","signature_hex":"74786751cc82bfa7762ad946ed88876952923fc74aebdd95c43d87c13c0bb18ddd215fd69c84ed4e84d966d4a948619ccf4414c178f96a08f55b7bd4af6b400b","public_key_hex":"c2f8243b0d573587f285c830a868acd19249d17d59ecbf9329e796dfed6fb630"}
{"seq":125,"ts":1781154000000,"agent_id":"baseline-momentum","symbol":"SOLUSDT","side":"buy","price":64.9544817987,"quantity":30.79079294633104,"notional_usd":2000.0,"fee_usd":1.2,"balance_before_usd":10708.24787517877,"balance_after_usd":10706.448015148775,"decision":"ALLOW_CAPPED","cert_hash":"8528288286e819c9acb0ca65a0326b63241232f4ba90b2c2afd56fda7eb9216c","prev_hash":"bf009ac3e6d53ba2da9ec31f397420ef3cc6696faeba77f9a6166631db80d022","record_hash":"58d6ea6b996e3d5b9e7689efb3340ece8813ba4022c4c6f6ca710d6c218e9a1a","signature_hex":"620b437baea2dc24f65e038a7048c2bad1bec7374659c998f475d16118afe96d5628011ac023047656a583f1bc5a69b2cf38ae49ff5146fad4144e70db71700f","public_key_hex":"c2f8243b0d573587f285c830a868acd19249d17d59ecbf9329e796dfed6fb630"}
{"seq":126,"ts":1781157600000,"agent_id":"baseline-momentum","symbol":"SOLUSDT","side":"buy","price":65.09852500158,"quantity":30.722662302278863,"notional_usd":2000.0,"fee_usd":1.2,"balance_before_usd":10711.871995514293,"balance_after_usd":10710.072135484299,"decision":"ALLOW_CAPPED","cert_hash":"1f6d7923727142e18add66f841e2aa06fb7e57c9032c55f6dd2075524e37148f","prev_hash":"58d6ea6b996e3d5b9e7689efb3340ece8813ba4022c4c6f6ca710d6c218e9a1a","record_hash":"a8c7ec2489793ba7c3994a9a62d7069a636862b3b6c27d51d10ff7e099e75a0b","signature_hex":"dbe349638a71b3e1fba0650cfd481ebfab1bc485f0d3b694a6b3f2275c01803ae51355f5c012c65fe20fcfd1d3a422b55cd350e22b824d86cd5e13b91a913005","public_key_hex":"c2f8243b0d573587f285c830a868acd19249d17d59ecbf9329e796dfed6fb630"}
{"seq":127,"ts":1781161200000,"agent_id":"baseline-momentum","symbol":"SOLUSDT","side":"buy","price":65.03495136522075,"quantity":13.936928652716974,"notional_usd":906.38747711,"fee_usd":0.543832486266,"balance_before_usd":10705.968783927197,"balance_after_usd":10705.202638401937,"decision":"ALLOW","cert_hash":"8d6afb03c658caa8a72fd1430f0ac7d483ea3030f8a167369dba3ddf2c020809","prev_hash":"a8c7ec2489793ba7c3994a9a62d7069a636862b3b6c27d51d10ff7e099e75a0b","record_hash":"6f95f685a918be02c90c646c7acda08a4256ee2cf85d3739d86d6e47e4843c3c","signature_hex":"98f484ba0c01ae33e4f36b81900e12474af0c6b81cea713e6829402255c924fadf6e92dc59d5fea5f79755f3b6a024291fce2fb66b3d46707f6543479c700102","public_key_hex":"c2f8243b0d573587f285c830a868acd19249d17d59ecbf9329e796dfed6fb630"}
{"seq":128,"ts":1781445600000,"agent_id":"baseline-momentum","symbol":"SOLUSDT","side":"sell","price":67.20883264458,"quantity":29.757993425902605,"notional_usd":2000.0,"fee_usd":1.2,"balance_before_usd":10887.143366411061,"balance_after_usd":10885.343226381056,"decision":"ALLOW_CAPPED","cert_hash":"8e0210c462f8cf48028ec9ef98fcc9b81c377c4b6534bdda970319023fe6034e","prev_hash":"6f95f685a918be02c90c646c7acda08a4256ee2cf85d3739d86d6e47e4843c3c","record_hash":"28965c0574fb1e6c98e829a5738202b24fbb5847a0ad94ea82151c9603c859b3","signature_hex":"14056c555e31ff6426c58dc0771235e010e7b344480846f4556155ae4975d1a876bb4288be219ab32974f7066cece0096ed1bc3868429ea70ff42966b55e4f0d","public_key_hex":"c2f8243b0d573587f285c830a868acd19249d17d59ecbf9329e796dfed6fb630"}
{"seq":129,"ts":1781449200000,"agent_id":"baseline-momentum","symbol":"SOLUSDT","side":"sell","price":67.37478284790001,"quantity":29.684696788040746,"notional_usd":2000.0,"fee_usd":1.2,"balance_before_usd":10894.069535603358,"balance_after_usd":10892.26939557335,"decision":"ALLOW_CAPPED","cert_hash":"a1fdbe610b43413388bc8bf2f51602812d692af700aa063de072bddb67a33e4d","prev_hash":"28965c0574fb1e6c98e829a5738202b24fbb5847a0ad94ea82151c9603c859b3","record_hash":"1d901d09fab35421577dbe647f41ca5e7ac977c6935d14e4f969e67e6d3c49f6","signature_hex":"23d7dbe3703ff45eb800d3fcecc5ff1ee63509711cdcc36deae893821fa82b356d73ee51778d336105424527e7704d71b5c9b8d505e64ad8f244cdc822fae30c","public_key_hex":"c2f8243b0d573587f285c830a868acd19249d17d59ecbf9329e796dfed6fb630"}
{"seq":130,"ts":1781452800000,"agent_id":"baseline-momentum","symbol":"SOLUSDT","side":"sell","price":67.42176874884,"quantity":29.664009668011126,"notional_usd":2000.0,"fee_usd":1.2,"balance_before_usd":10893.344916833037,"balance_after_usd":10891.54477680303,"decision":"ALLOW_CAPPED","cert_hash":"471554f5418b0fb0a20950f5fea9bcb45df563e96617da1fe7c91e7927cf3b76","prev_hash":"1d901d09fab35421577dbe647f41ca5e7ac977c6935d14e4f969e67e6d3c49f6","record_hash":"67f4272ce8826457d321413ec723b9eb0a9318db03a00dd9994e85e7ed26bcaa","signature_hex":"02a2fa3cce1788e6b791a2c68357496f7edd121c02fca57209a17a45a281fb8249d8b046a403a1c682522d41e96584752bfe15ef06644d00ad335c10e9107808","public_key_hex":"c2f8243b0d573587f285c830a868acd19249d17d59ecbf9329e796dfed6fb630"}
