{"seq":0,"ts":1781812320000,"agent_id":"benchmark-buyhold","symbol":"SOLUSDT","side":"buy","price":69.42282198804,"quantity":28.80897005806758,"notional_usd":2000.0,"fee_usd":1.2,"balance_before_usd":10000.0,"balance_after_usd":9998.200139970006,"decision":"ALLOW_CAPPED","cert_hash":"5931a656017f4b6c005a641778b498cc87832c54a9771fe73aefa5cf50f02988","prev_hash":"0000000000000000000000000000000000000000000000000000000000000000","record_hash":"0e33459c23d8d9d7394221b39059879fd6610263aac2207982676e2cc0c30196","signature_hex":"8fe99cb6f5bd2ecd05840ecc299dcb52bc0472f6d64a112e1303f2f943f9f44be1c98fa8430d07ac8a4c80f90dd28715c96ba00f3100ea60bc0fef504037a603","public_key_hex":"c2f8243b0d573587f285c830a868acd19249d17d59ecbf9329e796dfed6fb630"}
{"seq":1,"ts":1781812380000,"agent_id":"benchmark-buyhold","symbol":"SOLUSDT","side":"buy","price":69.41982108798001,"quantity":28.810215420539286,"notional_usd":2000.0,"fee_usd":1.2,"balance_before_usd":9998.113713059833,"balance_after_usd":9996.313853029838,"decision":"ALLOW_CAPPED","cert_hash":"f132f5400c81ca2cc10bbeeaa386afb66929263cf6f9728ae1fcf3f542fc3d4b","prev_hash":"0e33459c23d8d9d7394221b39059879fd6610263aac2207982676e2cc0c30196","record_hash":"40ea81c2a139a233e705f4532973a19c9c65472b92e4501a446e79c6c7da3303","signature_hex":"bed313b92de569315a3f99fe8b64a5336e3e7822d1927145816d2e4995a1f81f6b524e50e75fc314056007d8e7546d5de1d5e8dde7af2eb1ef9b725f53d77f0d","public_key_hex":"c2f8243b0d573587f285c830a868acd19249d17d59ecbf9329e796dfed6fb630"}
{"seq":2,"ts":1781812440000,"agent_id":"benchmark-buyhold","symbol":"SOLUSDT","side":"buy","price":69.49183370948653,"quantity":28.74316188863681,"notional_usd":1997.41502625,"fee_usd":1.19844901575,"balance_before_usd":10000.462434384299,"balance_after_usd":9998.665158684036,"decision":"ALLOW","cert_hash":"9a28f5f47294f9c8bb22f6027b8d1461e4bafd5c7bddc62a29f65915c1ce525d","prev_hash":"40ea81c2a139a233e705f4532973a19c9c65472b92e4501a446e79c6c7da3303","record_hash":"94b31109635f8e7323d923e0619678d5848bca469c5ee2fab62b9eabceac3bbc","signature_hex":"3bf535a844b1f155de8fccaf64ccf23315e457ed468897f331da722aeaa1112364cca2cf4b970db5dce0f97d323da0d5bbdcada7e179618befe87d14041b510d","public_key_hex":"c2f8243b0d573587f285c830a868acd19249d17d59ecbf9329e796dfed6fb630"}
{"seq":3,"ts":1778349600000,"agent_id":"benchmark-buyhold","symbol":"SOLUSDT","side":"buy","price":93.33399366612,"quantity":21.428419822626694,"notional_usd":2000.0,"fee_usd":1.2,"balance_before_usd":10000.0,"balance_after_usd":9998.200139970006,"decision":"ALLOW_CAPPED","cert_hash":"25a1ad293b4a1abdf263951c0b797fa3ef2fc3f5624bc0d3ee2f2290db6cd221","prev_hash":"94b31109635f8e7323d923e0619678d5848bca469c5ee2fab62b9eabceac3bbc","record_hash":"a115d5f6b9bb80bedb69efb0679181c32de143b4e57180da8bcd7e0bbd38f5de","signature_hex":"418d0468c844a8313acd007ae83e2021c4d6718174aef1986a25c139caa44fa303a14f89262cccb0c84107374b4ab0a8e55a11a4b65a7b21af31b7e425d64802","public_key_hex":"c2f8243b0d573587f285c830a868acd19249d17d59ecbf9329e796dfed6fb630"}
{"seq":4,"ts":1778353200000,"agent_id":"benchmark-buyhold","symbol":"SOLUSDT","side":"buy","price":93.48603926916,"quantity":21.39356866153787,"notional_usd":2000.0,"fee_usd":1.2,"balance_before_usd":10001.457259783045,"balance_after_usd":9999.657399753052,"decision":"ALLOW_CAPPED","cert_hash":"988b36bd42a6448298fcc534c5a32ae879143d2028a07362a24dabf431ee3cae","prev_hash":"a115d5f6b9bb80bedb69efb0679181c32de143b4e57180da8bcd7e0bbd38f5de","record_hash":"4b2b629ab333868b2c143e89cfe36c0475753c5cb4aee3b33708bce64d0b2d41","signature_hex":"f02d05aa176d99b37002d9d5fdd2d77e0bfe1f36ef3787cface06931c6752a3686489ff3793ef1e7288b9e4a2a0931724a05f729d93d2ba78509be8d91351b02","public_key_hex":"c2f8243b0d573587f285c830a868acd19249d17d59ecbf9329e796dfed6fb630"}
{"seq":5,"ts":1778356800000,"agent_id":"benchmark-buyhold","symbol":"SOLUSDT","side":"buy","price":93.22896216401999,"quantity":21.45256102370153,"notional_usd":2000.0,"fee_usd":1.2,"balance_before_usd":9988.652148712621,"balance_after_usd":9986.852288682629,"decision":"ALLOW_CAPPED","cert_hash":"31f0a7f2b2e32ea5a0e5eb573acfc771bf1c63bd69b6aced861bccacb66012dc","prev_hash":"4b2b629ab333868b2c143e89cfe36c0475753c5cb4aee3b33708bce64d0b2d41","record_hash":"d8afd36577c09fa71c38e5a6083beab34c7f63b1911a109251f33a811df4772d","signature_hex":"a79cd88db1022fa3933a85ffd6fca8fe1545b78974e23b8fcaa98aad9a02979e33585dfe14ea322e38ee6c61faa5a820631cbb212c026f05561c82c15a595604","public_key_hex":"c2f8243b0d573587f285c830a868acd19249d17d59ecbf9329e796dfed6fb630"}
{"seq":6,"ts":1780426800000,"agent_id":"benchmark-buyhold","symbol":"SOLUSDT","side":"buy","price":75.4928221338149,"quantity":6.058399032020501,"notional_usd":457.36564054,"fee_usd":0.27441938432400004,"balance_before_usd":8847.585898655703,"balance_after_usd":8847.209564072156,"decision":"ALLOW","cert_hash":"7c8d54092a183f27a168ad937a4bfa8a1c28351ac24b5a509eb4a63e57de1a0a","prev_hash":"d8afd36577c09fa71c38e5a6083beab34c7f63b1911a109251f33a811df4772d","record_hash":"61172114e38fe7b759ba868b74e16cfb702f8d623c65010b65860077d208c766","signature_hex":"438cf47fa8aef478be0d60f09d26d2f8234789014021fccb0e6968d54aceff737780e40a09958ca2b9f3fbb3f7a10b3f9767174c4c160af862decce02de5e103","public_key_hex":"c2f8243b0d573587f285c830a868acd19249d17d59ecbf9329e796dfed6fb630"}
{"seq":7,"ts":1780718400000,"agent_id":"benchmark-buyhold","symbol":"SOLUSDT","side":"buy","price":60.81741606023534,"quantity":6.784999257964253,"notional_usd":412.64612284,"fee_usd":0.247587673704,"balance_before_usd":7815.284543094941,"balance_after_usd":7814.945927462496,"decision":"ALLOW","cert_hash":"35d737d495b64c30297152a17342b0319de6f6ea7afd85dfd775c36951189d43","prev_hash":"61172114e38fe7b759ba868b74e16cfb702f8d623c65010b65860077d208c766","record_hash":"e20b892266503c269de16fa210afdd606728ab91a78fd88ed5794e6f82c802f7","signature_hex":"85fdaac96cca121d32e49e1e50a409c508b9b896fa3e6a8788cf5ab94abd94710e6bfe79dcd4db41d63ad075487b80deb6cb97969da0eabaf6d1f9fb42611f07","public_key_hex":"c2f8243b0d573587f285c830a868acd19249d17d59ecbf9329e796dfed6fb630"}
{"seq":8,"ts":1781539200000,"agent_id":"benchmark-buyhold","symbol":"SOLUSDT","side":"sell","price":75.41021392735749,"quantity":5.983147615979857,"notional_usd":451.19044168,"fee_usd":0.270714265008,"balance_before_usd":8942.64167811047,"balance_after_usd":8942.270530294949,"decision":"ALLOW","cert_hash":"1653fa5facdde483f6638359b5e73f3e76b49b89981ecc736b03609786e3bccf","prev_hash":"e20b892266503c269de16fa210afdd606728ab91a78fd88ed5794e6f82c802f7","record_hash":"19734a292645de167bc36b66821f339644de55011e2f19cc5a4d6d8243486791","signature_hex":"9fa7d137582b1b2c299622f6979d1cf4b87fec8203042da002872e315f924a7b82dc51561f37fa96f40318bf00016489604126787b50a613ad43124bc31a0504","public_key_hex":"c2f8243b0d573587f285c830a868acd19249d17d59ecbf9329e796dfed6fb630"}
{"seq":9,"ts":1778356800000,"agent_id":"benchmark-buyhold","symbol":"SOLUSDT","side":"buy","price":93.22896216401999,"quantity":21.45256102370153,"notional_usd":2000.0,"fee_usd":1.2,"balance_before_usd":10000.0,"balance_after_usd":9998.200139970006,"decision":"ALLOW_CAPPED","cert_hash":"cd7d2f0f74bfa227779b6a4c58f2b8b493815ccf7b2fe78781a2857ed643570d","prev_hash":"19734a292645de167bc36b66821f339644de55011e2f19cc5a4d6d8243486791","record_hash":"7cd64c708f9480e71a8787abaaa3c86083d8a9a0ba8d89abf820363c23e386d1","signature_hex":"01753ce954a61a4dccb4f6b434d53a7aeda3552305dad241af9b456129efdd2bbf51133304ec9a2a3661dc43dd173e1ca565246a00a63a16abb6ef9626fb8002","public_key_hex":"c2f8243b0d573587f285c830a868acd19249d17d59ecbf9329e796dfed6fb630"}
{"seq":10,"ts":1778360400000,"agent_id":"benchmark-buyhold","symbol":"SOLUSDT","side":"buy","price":93.4630323687,"quantity":21.398834911649878,"notional_usd":2000.0,"fee_usd":1.2,"balance_before_usd":10003.220039249552,"balance_after_usd":10001.42017921956,"decision":"ALLOW_CAPPED","cert_hash":"2756c0f266129d740fb3cb6a991f60f524b2798a5c01c98a14b5f73fa4d39058","prev_hash":"7cd64c708f9480e71a8787abaaa3c86083d8a9a0ba8d89abf820363c23e386d1","record_hash":"d17048194169c0b2867eb9039fca0a78daf6abcc055143bce420d3f843989edc","signature_hex":"a3fb0e05c746ff0d61ed327957c92fba9cb58da57db8659c83a3337ea0b9311d4f406700a8933c1fab669f6bd8bbfdc6caece462883082db4ecdc1c26c760c00","public_key_hex":"c2f8243b0d573587f285c830a868acd19249d17d59ecbf9329e796dfed6fb630"}
{"seq":11,"ts":1778364000000,"agent_id":"benchmark-buyhold","symbol":"SOLUSDT","side":"buy","price":93.30798441362091,"quantity":21.43105681069764,"notional_usd":1999.68871486,"fee_usd":1.199813228916,"balance_before_usd":9994.77821284958,"balance_after_usd":9992.978664062539,"decision":"ALLOW","cert_hash":"0d4511ff3a68d0e7b0fdd2fe433ad377e42a9abc38f6adc1c5ce54964f33e0f0","prev_hash":"d17048194169c0b2867eb9039fca0a78daf6abcc055143bce420d3f843989edc","record_hash":"dad4143b3a43685fd83247b969f093de732757570cbd57ee3eaa2317ba95f691","signature_hex":"b5294fe27a489ce73a97ac8c50a56ffdff7fdc2fc3710741cba583043d3e93e7a1fbda16942e5e8badc928668301fc5a8f7b3c7fc53fe4ac532e9832f2639a03","public_key_hex":"c2f8243b0d573587f285c830a868acd19249d17d59ecbf9329e796dfed6fb630"}
{"seq":12,"ts":1780426800000,"agent_id":"benchmark-buyhold","symbol":"SOLUSDT","side":"buy","price":75.49278510785692,"quantity":5.928451325654174,"notional_usd":447.55530195,"fee_usd":0.26853318116999997,"balance_before_usd":8832.229509023091,"balance_after_usd":8831.861466146995,"decision":"ALLOW","cert_hash":"fe578595291fa570154b160908b16ae7a0d17649c4e5fd2bb45e2ba4ae10d315","prev_hash":"dad4143b3a43685fd83247b969f093de732757570cbd57ee3eaa2317ba95f691","record_hash":"0a956113d8d707052805c2c0a674277328f2389307135751860c2fee1713f19b","signature_hex":"4d8887ba76f0fb75a71cdc844b246533614479e18f43f188c7063ea5270af497e78f31496cd29d34c3553f0cf23f0a23ef7ea91f5e158912799075753bd4dc0e","public_key_hex":"c2f8243b0d573587f285c830a868acd19249d17d59ecbf9329e796dfed6fb630"}
{"seq":13,"ts":1780718400000,"agent_id":"benchmark-buyhold","symbol":"SOLUSDT","side":"buy","price":60.81742267742954,"quantity":6.820783459210089,"notional_usd":414.82247063,"fee_usd":0.248893482378,"balance_before_usd":7806.543803017438,"balance_after_usd":7806.20335635887,"decision":"ALLOW","cert_hash":"e062f9a027f5167e9ce3249abd3363b0f10c13afa8fee7f0b6a11c96bb89840b","prev_hash":"0a956113d8d707052805c2c0a674277328f2389307135751860c2fee1713f19b","record_hash":"865f265ae7387b78acbcb95a9380fc4635a7bf2efa5acf541c467934207c1b4c","signature_hex":"7317ac0af22b6736b991f3c02786a4e92cda61188322fe69c978ef0db53ffed0a6c0063811f1bce2f5a41926ca4b6ef004b402b6c2630ab4a0e1e74730bf7b03","public_key_hex":"c2f8243b0d573587f285c830a868acd19249d17d59ecbf9329e796dfed6fb630"}
