{"seq":0,"ts":1778601600000,"agent_id":"funding-carry","symbol":"SOLUSDT","side":"sell","price":93.7818588762,"quantity":21.32608613186234,"notional_usd":2000.0,"fee_usd":1.2,"balance_before_usd":10000.0,"balance_after_usd":9998.199859969993,"decision":"ALLOW_CAPPED","cert_hash":"909b2c13baf24ef4c154ff47910050910c82a5e0451ec40559793dba93c744e4","prev_hash":"0000000000000000000000000000000000000000000000000000000000000000","record_hash":"59e0b8ed3818a85326fc347ca9b9a2abe32ddf81af301fc0e81132ece6ff8f61","signature_hex":"e7573e0f5685fd20c62f1c5d745218fadc5b1384685f8ae55bc51c1996c234cb6ade38a59ac096938ecbf3cabec4e7c4f4c50b65babadba0c0c178197b9fcc07","public_key_hex":"c2f8243b0d573587f285c830a868acd19249d17d59ecbf9329e796dfed6fb630"}
{"seq":1,"ts":1778605200000,"agent_id":"funding-carry","symbol":"SOLUSDT","side":"sell","price":94.47065218998,"quantity":21.170595879639002,"notional_usd":2000.0,"fee_usd":1.2,"balance_before_usd":9983.50618662514,"balance_after_usd":9981.706046595133,"decision":"ALLOW_CAPPED","cert_hash":"27ee1710838ef2f50624ac43d0e1ef798d20cbf3eb684010ffe0ade1bf484915","prev_hash":"59e0b8ed3818a85326fc347ca9b9a2abe32ddf81af301fc0e81132ece6ff8f61","record_hash":"6d8538a06f6285dc53c10affd31fd6682c35f841152386c094a7fcb463b44f08","signature_hex":"b5adea19ff64c21eb8c425505244147a1448e312fa204813ae9f503e9a0b41773046de8eccbc8f0fc1f7d4d3b431a36c894be9c9e8ad40d9dc2640118b595e0d","public_key_hex":"c2f8243b0d573587f285c830a868acd19249d17d59ecbf9329e796dfed6fb630"}
{"seq":2,"ts":1778608800000,"agent_id":"funding-carry","symbol":"SOLUSDT","side":"sell","price":94.50849670641858,"quantity":10.293841485512997,"notional_usd":972.85548413,"fee_usd":0.583713290478,"balance_before_usd":9980.303656088754,"balance_after_usd":9979.478003619759,"decision":"ALLOW","cert_hash":"b871bd22bf80695b6e07213ac5837498cf875bed65d18d45ef24c12747ceeeef","prev_hash":"6d8538a06f6285dc53c10affd31fd6682c35f841152386c094a7fcb463b44f08","record_hash":"f90b04e428779fe41a61d78a1ee041aa49451c14a66d33d7936e35b0df9256d2","signature_hex":"c4bc7a072ff84870fc4261dae9e1e9b3872d1fa7ebfadfc1820261d950b57ac0633c0395f8b898672f9e9921fd5dd65f896413ab14ffe9cc54f6ad927eb36004","public_key_hex":"c2f8243b0d573587f285c830a868acd19249d17d59ecbf9329e796dfed6fb630"}
{"seq":3,"ts":1778659200000,"agent_id":"funding-carry","symbol":"SOLUSDT","side":"buy","price":95.56466271072,"quantity":20.92823794140435,"notional_usd":2000.0,"fee_usd":1.2,"balance_before_usd":9927.469140324196,"balance_after_usd":9925.669280294202,"decision":"ALLOW_CAPPED","cert_hash":"485c837780e06ae5024de22ab32674aaff0bb62419d92c57ac30d70f382fa170","prev_hash":"f90b04e428779fe41a61d78a1ee041aa49451c14a66d33d7936e35b0df9256d2","record_hash":"513d0b2a231cb93334aee89f67bb95d28b0939e873315b30b7e42285d068a229","signature_hex":"22f6744eb1c110c4e6c5877758d2bfa05f31c4ab25f7badc920ab22d1dc9d2b6c9213cd3802ee175034064c670efff5a8e622548c44ef24e3e4aa304d8998d0d","public_key_hex":"c2f8243b0d573587f285c830a868acd19249d17d59ecbf9329e796dfed6fb630"}
{"seq":4,"ts":1778662800000,"agent_id":"funding-carry","symbol":"SOLUSDT","side":"buy","price":95.70770561357999,"quantity":20.896958998003807,"notional_usd":2000.0,"fee_usd":1.2,"balance_before_usd":9921.112973459749,"balance_after_usd":9919.313113429755,"decision":"ALLOW_CAPPED","cert_hash":"6a719c9fc109bcd6ebbf29eeccbf49957515a03d6f7b5a63de550d64bedd6f6a","prev_hash":"513d0b2a231cb93334aee89f67bb95d28b0939e873315b30b7e42285d068a229","record_hash":"6edeb192f3b6a3fec24ac1dc83defe8c264eb3f24a3213e466c043976840fce4","signature_hex":"c57a31e6952cd7d328ed43e509aeb485b1dfad56b871a964b135469361e45cc1a7e9a3afc262fa4ce2dbcb655f76b616c196b5e394f1ebdc4ed1aca4d5ab5507","public_key_hex":"c2f8243b0d573587f285c830a868acd19249d17d59ecbf9329e796dfed6fb630"}
{"seq":5,"ts":1778666400000,"agent_id":"funding-carry","symbol":"SOLUSDT","side":"buy","price":94.7768744466902,"quantity":10.962564374228357,"notional_usd":1038.99758731,"fee_usd":0.623398552386,"balance_before_usd":9929.467005822098,"balance_after_usd":9928.581882110971,"decision":"ALLOW","cert_hash":"f7dfc51f84edf5b717922bfae7b9acbdbc21fc1d0d792cdbf9ff8ad7cf5c0c7d","prev_hash":"6edeb192f3b6a3fec24ac1dc83defe8c264eb3f24a3213e466c043976840fce4","record_hash":"7d6ef257003138a9797988459ffbb57e438c78c34bdd1e33f350a93e76365ac2","signature_hex":"620f9782fdbac60ba4d96b44cc8073317d430cc15031842fbdfd2dc72f535a537e168b5dd7dc9f0634f149d29e56491e448a633889d29d16e654491c828d5f0b","public_key_hex":"c2f8243b0d573587f285c830a868acd19249d17d59ecbf9329e796dfed6fb630"}
{"seq":6,"ts":1778688000000,"agent_id":"funding-carry","symbol":"SOLUSDT","side":"sell","price":90.80675161668002,"quantity":22.024794020190743,"notional_usd":2000.0,"fee_usd":1.2,"balance_before_usd":9928.592732197645,"balance_after_usd":9926.792592167638,"decision":"ALLOW_CAPPED","cert_hash":"6000fb8f31c2054d7de8dcbe203928c866171715162818f0364355d86a4fe8d1","prev_hash":"7d6ef257003138a9797988459ffbb57e438c78c34bdd1e33f350a93e76365ac2","record_hash":"2c4717f3b50f514730d34351616f3627e37fd7d7aa9e13210dd0a1ae86d0da21","signature_hex":"1a07018c4662263e8150bee740bc0756f37aff0198ef56c94e3c547e0ea3977109913b301e7ae36cd6b6dbb01122fb0ac44c7a8a39c88bd8044811610e50f105","public_key_hex":"c2f8243b0d573587f285c830a868acd19249d17d59ecbf9329e796dfed6fb630"}
{"seq":7,"ts":1778691600000,"agent_id":"funding-carry","symbol":"SOLUSDT","side":"sell","price":90.83874201732,"quantity":22.017037616160128,"notional_usd":2000.0,"fee_usd":1.2,"balance_before_usd":9926.087710369124,"balance_after_usd":9924.287570339118,"decision":"ALLOW_CAPPED","cert_hash":"b1ff88c9bd5b3c3ab2285100da76f5cd2d70d0b720513a978cfde474b660fa79","prev_hash":"2c4717f3b50f514730d34351616f3627e37fd7d7aa9e13210dd0a1ae86d0da21","record_hash":"fbc94112a51e174bdf467bc9ddb6e01c72f063d0b65a71cc70be811b52793f4b","signature_hex":"c33a6b4a2c3b75c07bdb16a6d2c9fbf1df5d990dd41b919397a1aa9cad746f4442e9e18c8be4564bba23e1b13389101f7f2f8e5ee5a0712dea2536d0772b3c00","public_key_hex":"c2f8243b0d573587f285c830a868acd19249d17d59ecbf9329e796dfed6fb630"}
{"seq":8,"ts":1778695200000,"agent_id":"funding-carry","symbol":"SOLUSDT","side":"sell","price":90.88046856655326,"quantity":10.536293037362316,"notional_usd":957.54324819,"fee_usd":0.574525948914,"balance_before_usd":9922.657920367787,"balance_after_usd":9921.845996633527,"decision":"ALLOW","cert_hash":"2e498fff1304093fa06f8d3e7a926560af5e9b09b63655fe3867f7e95d9f5153","prev_hash":"fbc94112a51e174bdf467bc9ddb6e01c72f063d0b65a71cc70be811b52793f4b","record_hash":"40d85a1d4b675c18f332fa863ece93205a617d3cc2ab346b7bbb7b23426c7031","signature_hex":"95d42c0215bb01324f2abdd9d1515a65465f238cd2ae8a3eb70086d41e918bc6afc7f5dc1fc60bad37cb94eefe6ea25ccf8c3983ffccc68dc8c5456e1d063007","public_key_hex":"c2f8243b0d573587f285c830a868acd19249d17d59ecbf9329e796dfed6fb630"}
{"seq":9,"ts":1778716800000,"agent_id":"funding-carry","symbol":"SOLUSDT","side":"buy","price":91.20435492354001,"quantity":21.928777432576265,"notional_usd":2000.0,"fee_usd":1.2,"balance_before_usd":9907.363603179176,"balance_after_usd":9905.563743149181,"decision":"ALLOW_CAPPED","cert_hash":"6025ed3cab17773ca47ceb151a84e7859cc87dd303aa067559be23a596ef6406","prev_hash":"40d85a1d4b675c18f332fa863ece93205a617d3cc2ab346b7bbb7b23426c7031","record_hash":"e7bd6074e4847d16be7eea145d5b639919143a6b3390a458cc8b8d29c2808483","signature_hex":"a808cb6d4a1a3a0e29404d6be628a660169e1bb65d4e262af61db00f8c2028ea603e46d65b2e8dfbb0cfe9ad36ebe673f313bbc691e98c901c7ab1da172fa80a","public_key_hex":"c2f8243b0d573587f285c830a868acd19249d17d59ecbf9329e796dfed6fb630"}
{"seq":10,"ts":1778720400000,"agent_id":"funding-carry","symbol":"SOLUSDT","side":"buy","price":91.14833812241999,"quantity":21.942254145257476,"notional_usd":2000.0,"fee_usd":1.2,"balance_before_usd":9907.392261276955,"balance_after_usd":9905.59240124696,"decision":"ALLOW_CAPPED","cert_hash":"f1d6238b0fc228f4c90a62bcbea99c1a38a43c7cae00772816afdf15c2eddf36","prev_hash":"e7bd6074e4847d16be7eea145d5b639919143a6b3390a458cc8b8d29c2808483","record_hash":"e5b93c6ec686fd3bb1d028a09df519627c99b70145fc7723f35a66f2a7524306","signature_hex":"aa64d667a780065477cbe5ad6d7de59c6429d21624635832f97aa90b799223b095cffa82ba592eb0e14e84e331c38b884bd8ee86243385662588bff4081b3b05","public_key_hex":"c2f8243b0d573587f285c830a868acd19249d17d59ecbf9329e796dfed6fb630"}
{"seq":11,"ts":1778724000000,"agent_id":"funding-carry","symbol":"SOLUSDT","side":"buy","price":90.55549696292337,"quantity":10.707194599097464,"notional_usd":969.595328,"fee_usd":0.5817571968,"balance_before_usd":9911.889796151165,"balance_after_usd":9911.067159594455,"decision":"ALLOW","cert_hash":"421b4eb4ebc9c4fe70842aa36b34d4b0f8b79d35a1c921f61d07758780c34f14","prev_hash":"e5b93c6ec686fd3bb1d028a09df519627c99b70145fc7723f35a66f2a7524306","record_hash":"d53226a67fe12ef730df980a020634f2971881a0f8fbdb70780af21be06e2e3a","signature_hex":"ed54cff9e5fc03cb39053195485ab456c02330625544350493bf65ffdce407cd78ba7456a4e557b94bac076d6cbd5b3bce163a9c581f7998bfd5b6fb79c61c05","public_key_hex":"c2f8243b0d573587f285c830a868acd19249d17d59ecbf9329e796dfed6fb630"}
{"seq":12,"ts":1778803200000,"agent_id":"funding-carry","symbol":"SOLUSDT","side":"sell","price":92.35828604772,"quantity":21.65479769694549,"notional_usd":2000.0,"fee_usd":1.2,"balance_before_usd":9911.062288717836,"balance_after_usd":9909.262148687829,"decision":"ALLOW_CAPPED","cert_hash":"3968dd4eabd7160871db2bd8a91c34ef0c00524dca7a687833c90bdb91bd1373","prev_hash":"d53226a67fe12ef730df980a020634f2971881a0f8fbdb70780af21be06e2e3a","record_hash":"3bd3420b6662b51ce170c3219b23e52f4bb545d6728d7c8409c8ae99518958ea","signature_hex":"1426c846c4bfcd6cbd715b57e22238f3793c6141d12359a06c212d99d83861732798d8f2e54bd76d8300aa62afbf5b1e4fdebce189b3b42e79cc94b519351d0a","public_key_hex":"c2f8243b0d573587f285c830a868acd19249d17d59ecbf9329e796dfed6fb630"}
{"seq":13,"ts":1778806800000,"agent_id":"funding-carry","symbol":"SOLUSDT","side":"sell","price":91.68348853422,"quantity":21.81417867027953,"notional_usd":2000.0,"fee_usd":1.2,"balance_before_usd":9923.880933092374,"balance_after_usd":9922.080793062367,"decision":"ALLOW_CAPPED","cert_hash":"60ee293686c01c090231821399a9f418ad764c11c127cfef649dfe0b81cc761e","prev_hash":"3bd3420b6662b51ce170c3219b23e52f4bb545d6728d7c8409c8ae99518958ea","record_hash":"8653ce6bf4d00a825bd078b5e8dea15aa15000e9dabed9076fc9971c941e0f4e","signature_hex":"34861748c342288dca834e68c867dabaf1f4318640302d98434ea04504cb7381d40c89bc3f7b8283e4c5f755f98b265217314a9303c4ce35401aa94416ff330a","public_key_hex":"c2f8243b0d573587f285c830a868acd19249d17d59ecbf9329e796dfed6fb630"}
{"seq":14,"ts":1778810400000,"agent_id":"funding-carry","symbol":"SOLUSDT","side":"sell","price":92.30222396585114,"quantity":10.120836458995994,"notional_usd":934.17571356,"fee_usd":0.5605054281359999,"balance_before_usd":9895.389207915274,"balance_after_usd":9894.598189970331,"decision":"ALLOW","cert_hash":"77f26cfa24009225aa4730ca272000dc6ccd77b69cc42855c57da2b24ddab4ff","prev_hash":"8653ce6bf4d00a825bd078b5e8dea15aa15000e9dabed9076fc9971c941e0f4e","record_hash":"684586960bafedd97f64a208f657a30904ce38106e6544bd25dcfa19f857e109","signature_hex":"d3d54f72dd051475156196c5de1fff2fee9f1ab285923077e91a336a4d70c2a413260b9041b92809de7bebd8d26836e8ab20d6936c8f9271ccf35e884e340808","public_key_hex":"c2f8243b0d573587f285c830a868acd19249d17d59ecbf9329e796dfed6fb630"}
{"seq":15,"ts":1778850000000,"agent_id":"funding-carry","symbol":"SOLUSDT","side":"sell","price":88.8389928370454,"quantity":3.1329276444018785,"notional_usd":278.32613656,"fee_usd":0.166995681936,"balance_before_usd":10080.892294782214,"balance_after_usd":10080.665751034016,"decision":"ALLOW","cert_hash":"cfe468f3c9366b362f3d25d9acf1bc73aa6b2915c873565c674274b50dc27cdf","prev_hash":"684586960bafedd97f64a208f657a30904ce38106e6544bd25dcfa19f857e109","record_hash":"974fd7068d12cef8ac90efcff5e48a378762431a138217aed921da10de7c99e2","signature_hex":"906e60ba9833862aab35ba663b9cf89494b89a1c73baa1f782dace26be23632b90a0172e09639c9dd267b509913d041b8e0a9ffc362246cb36e7ce2476791506","public_key_hex":"c2f8243b0d573587f285c830a868acd19249d17d59ecbf9329e796dfed6fb630"}
{"seq":16,"ts":1778922000000,"agent_id":"funding-carry","symbol":"SOLUSDT","side":"sell","price":85.97875231920446,"quantity":2.838133042383021,"notional_usd":244.0191379,"fee_usd":0.14641148274,"balance_before_usd":10244.466921330895,"balance_after_usd":10244.268720502343,"decision":"ALLOW","cert_hash":"0ca863b5bbd0023d33951ab8b34f3f9222028c7008af86018448a87e2f3bfbd1","prev_hash":"974fd7068d12cef8ac90efcff5e48a378762431a138217aed921da10de7c99e2","record_hash":"574f78872f703b8c2454eb862cfd49f91e3a7e96e88b4dbdad32f5365a51d806","signature_hex":"53b8576579570dda1f04272d6f441510b30abf136d2d95361d0d82ed98d99ea577ff1747f40b0038cedc99d7d4589b49838638cbb155db6c00375b962a348f01","public_key_hex":"c2f8243b0d573587f285c830a868acd19249d17d59ecbf9329e796dfed6fb630"}
{"seq":17,"ts":1778947200000,"agent_id":"funding-carry","symbol":"SOLUSDT","side":"buy","price":86.62398113196001,"quantity":23.0882946484908,"notional_usd":2000.0,"fee_usd":1.2,"balance_before_usd":10208.625778940273,"balance_after_usd":10206.825918910277,"decision":"ALLOW_CAPPED","cert_hash":"955be2654888e83710a4545960b59f73cfb2abfb44f6dd67978b24042b4311f4","prev_hash":"574f78872f703b8c2454eb862cfd49f91e3a7e96e88b4dbdad32f5365a51d806","record_hash":"4dd051b6a2bf111507eebf31041184629f44e372dcfa4cc6cf86ab908c5267fd","signature_hex":"a3cf3ac1068180c6c85232d7b229d7a2ce4b39524e3a3ccf2db833ed9a08f2a06997d6a4b989b622b13c4500fbf1440af2b7de38c6de4756d9590432f185150c","public_key_hex":"c2f8243b0d573587f285c830a868acd19249d17d59ecbf9329e796dfed6fb630"}
{"seq":18,"ts":1778950800000,"agent_id":"funding-carry","symbol":"SOLUSDT","side":"buy","price":86.78202853512,"quantity":23.046246253515676,"notional_usd":2000.0,"fee_usd":1.2,"balance_before_usd":10201.06283106222,"balance_after_usd":10199.262971032224,"decision":"ALLOW_CAPPED","cert_hash":"1fca485e05217b57eb1793928c0a8462b3b67fedbe338d76c852c18860d0df93","prev_hash":"4dd051b6a2bf111507eebf31041184629f44e372dcfa4cc6cf86ab908c5267fd","record_hash":"542b0d31056157dcb29ca99f1e3ccf42867c5807c635d936928ad2223a86c088","signature_hex":"5f7522457a323796aa2d6cea7c1eda01728d09d06e8823fd5fbcf182fd2e27c32a1ac357ce7e2a443be9530a5a51e641fbb13ba9689909b26a65ecf9d4590c09","public_key_hex":"c2f8243b0d573587f285c830a868acd19249d17d59ecbf9329e796dfed6fb630"}
{"seq":19,"ts":1778954400000,"agent_id":"funding-carry","symbol":"SOLUSDT","side":"buy","price":86.78640884060582,"quantity":13.425525833773705,"notional_usd":1165.15317391,"fee_usd":0.699091904346,"balance_before_usd":10199.155539085896,"balance_after_usd":10198.15559671309,"decision":"ALLOW","cert_hash":"63ae7ab4057088db7a9bb923863fa089dcfcc42cd5d25975ea2f4c869fd5a722","prev_hash":"542b0d31056157dcb29ca99f1e3ccf42867c5807c635d936928ad2223a86c088","record_hash":"54f7dcc53331a8bf01c87894aa0f19fc21355ec3885fac9962a12f63d35e7a94","signature_hex":"a9a758d205458137ca4cbf49ca647d712981bee99ec506b23f6262a6393c64e4e8fa1d07d49787665eb1bf0523b2fbc08a3f1d7571ebdbaac3c1165a07f44807","public_key_hex":"c2f8243b0d573587f285c830a868acd19249d17d59ecbf9329e796dfed6fb630"}
{"seq":20,"ts":1779062400000,"agent_id":"funding-carry","symbol":"SOLUSDT","side":"sell","price":85.27541140602,"quantity":23.453419538223542,"notional_usd":2000.0,"fee_usd":1.2,"balance_before_usd":10198.160759985869,"balance_after_usd":10196.360619955862,"decision":"ALLOW_CAPPED","cert_hash":"58b5093bb062b60b1c2332b84fd769cdb87195a3240c0142964e92808db6baaa","prev_hash":"54f7dcc53331a8bf01c87894aa0f19fc21355ec3885fac9962a12f63d35e7a94","record_hash":"677175f9723f5fb1d5298c4542e27692d157d5ac844a2fa67e5c3fbe2a196477","signature_hex":"7e0805acb8c65c02fcd951f8b922d8271d042f61840bcd674ee5bb3e99d3a5edb27500721b5d1f61fda6814bc3b68e572ef20afa2018f1a2717b15209a1d960c","public_key_hex":"c2f8243b0d573587f285c830a868acd19249d17d59ecbf9329e796dfed6fb630"}
{"seq":21,"ts":1779066000000,"agent_id":"funding-carry","symbol":"SOLUSDT","side":"sell","price":84.91351999877999,"quantity":23.553375246117877,"notional_usd":2000.0,"fee_usd":1.2,"balance_before_usd":10204.852013048272,"balance_after_usd":10203.051873018265,"decision":"ALLOW_CAPPED","cert_hash":"e212db3d9f137d0b155b9e52f0a0a1851c7fccf554c62e625448b0886ff1a88b","prev_hash":"677175f9723f5fb1d5298c4542e27692d157d5ac844a2fa67e5c3fbe2a196477","record_hash":"7fe905d2eb2bd84fac80bc108f3c8b3544fe39f8d66534d5e5ae2088b8a629b7","signature_hex":"ce0640b2328fd96de440b9d1567d162ab200da4cac6a76b364812d0ec3bae9575d83b0d15dc66434f7363878be63b6db61db2d15b0549b8b310df99c88e28c0e","public_key_hex":"c2f8243b0d573587f285c830a868acd19249d17d59ecbf9329e796dfed6fb630"}
{"seq":22,"ts":1779069600000,"agent_id":"funding-carry","symbol":"SOLUSDT","side":"sell","price":84.82330157762922,"quantity":13.146737962320753,"notional_usd":1115.14971894,"fee_usd":0.669089831364,"balance_before_usd":10207.470837668987,"balance_after_usd":10206.516484364518,"decision":"ALLOW","cert_hash":"1ae5f397d421831c6291ce926c285eb76e41de2cb1865dbec31fcb8673b8361d","prev_hash":"7fe905d2eb2bd84fac80bc108f3c8b3544fe39f8d66534d5e5ae2088b8a629b7","record_hash":"873ccf9b59e2370eece262a3c0199b960e464a95dbb8c4f7bce0c5739253958b","signature_hex":"f42c620dc643cf200765f28c202a1f8ed545db5812ef960a1f3ac7d695fd11c628cb3f3cd1d0e16b39a1a94950589a47601778b8f42a3adcd1caa8e244a59200","public_key_hex":"c2f8243b0d573587f285c830a868acd19249d17d59ecbf9329e796dfed6fb630"}
{"seq":23,"ts":1779091200000,"agent_id":"funding-carry","symbol":"SOLUSDT","side":"buy","price":84.88245879713999,"quantity":23.561994178087918,"notional_usd":2000.0,"fee_usd":1.2,"balance_before_usd":10205.932428411359,"balance_after_usd":10204.132568381365,"decision":"ALLOW_CAPPED","cert_hash":"331b30b56cc1c0026458c0b42eb0d58231a37311e82a316dce94b35512a1818b","prev_hash":"873ccf9b59e2370eece262a3c0199b960e464a95dbb8c4f7bce0c5739253958b","record_hash":"663a5cafb66b4cd42d97a07daf61857448f9a1a0938845995bde0d11d67a96d0","signature_hex":"4d355307cbbf2c93c2c021fd946ee71e2d618d978556a251bdee5c5881f7ee6919a6e9b00ccc9f3928f7bb5ab69c655552a0dda5b32efdc4bf4d613eb699cc04","public_key_hex":"c2f8243b0d573587f285c830a868acd19249d17d59ecbf9329e796dfed6fb630"}
{"seq":24,"ts":1779094800000,"agent_id":"funding-carry","symbol":"SOLUSDT","side":"buy","price":84.46333308876,"quantity":23.678913995712904,"notional_usd":2000.0,"fee_usd":1.2,"balance_before_usd":10219.465875906242,"balance_after_usd":10217.666015876248,"decision":"ALLOW_CAPPED","cert_hash":"7cafc1acfc3be22b917fe73ba8b0afa58fc7e4d067e3e4ce5862f9cb06c2d86a","prev_hash":"663a5cafb66b4cd42d97a07daf61857448f9a1a0938845995bde0d11d67a96d0","record_hash":"d43df6c9c869f8679ae19d691f95fbbc36f10655905088e11f3a1b1511d4a5d4","signature_hex":"5217b2a623fe408f40ade361bd25992ace03f4603bacf337bf0babae75c1b5b6fe21d6617c6d619dec69a99eb9934e4d376b5e12d9ed8427a01c1e89a3bd1b04","public_key_hex":"c2f8243b0d573587f285c830a868acd19249d17d59ecbf9329e796dfed6fb630"}
{"seq":25,"ts":1779098400000,"agent_id":"funding-carry","symbol":"SOLUSDT","side":"buy","price":84.25242939461344,"quantity":12.91280685455885,"notional_usd":1087.9353478,"fee_usd":0.65276120868,"balance_before_usd":10220.339646926508,"balance_after_usd":10219.410172084177,"decision":"ALLOW","cert_hash":"f33b8d8129369196b4a129265f8d572d3f3ad33e624d664b41cf22f9cc765f0f","prev_hash":"d43df6c9c869f8679ae19d691f95fbbc36f10655905088e11f3a1b1511d4a5d4","record_hash":"4206722a93f162b97957dc3c8dba0ecfcda0ec8c465415356aeb85c32e11d483","signature_hex":"67dd627a6037c691e8d834c8e42043a0961d1795782dfb698be8f7241a528f9e1590bf4e5ec7b98e7cac5452d3fd81fbc4a31b50f671cf5f3e21886898757801","public_key_hex":"c2f8243b0d573587f285c830a868acd19249d17d59ecbf9329e796dfed6fb630"}
{"seq":26,"ts":1779235200000,"agent_id":"funding-carry","symbol":"SOLUSDT","side":"sell","price":84.1847386842,"quantity":23.757275145825986,"notional_usd":2000.0,"fee_usd":1.2,"balance_before_usd":10219.410304888313,"balance_after_usd":10217.610164858306,"decision":"ALLOW_CAPPED","cert_hash":"494bb5642b9e01ed2626f7be3aa9404c6f016cabacc24022d0bfaeb924f49785","prev_hash":"4206722a93f162b97957dc3c8dba0ecfcda0ec8c465415356aeb85c32e11d483","record_hash":"d3c2624443ca2f4c2b487c6c44b03e65ce756e7e4cefa1cfa8a4377804cc2521","signature_hex":"4993d67fe05c1ee71787357e814760e1e81a4293206903ff189b190d5308e5c6f34ce580b958a70a3b6a71834d1c46e32763bfcc39bbacfcb55ba5ab42c4da03","public_key_hex":"c2f8243b0d573587f285c830a868acd19249d17d59ecbf9329e796dfed6fb630"}
{"seq":27,"ts":1779238800000,"agent_id":"funding-carry","symbol":"SOLUSDT","side":"sell","price":84.31469968680001,"quantity":23.720656154019515,"notional_usd":2000.0,"fee_usd":1.2,"balance_before_usd":10214.521292016509,"balance_after_usd":10212.721151986501,"decision":"ALLOW_CAPPED","cert_hash":"ffb2244d6a385833e6b5361e4097ca869be27cdd75903a979ad19663d27d8a2e","prev_hash":"d3c2624443ca2f4c2b487c6c44b03e65ce756e7e4cefa1cfa8a4377804cc2521","record_hash":"f4d880ade153ca1ccf05ae934c7a48fdb01197865c4d06e08e2b23ef7fb9f2de","signature_hex":"3dd461a6158771f40b9e77bf6ada46cdb47f5c351c64c8b8c0704e054ede40f84436bb3a46ba8833cdddbe074d3bea11959a90f4463c28d3833dc86ce623f506","public_key_hex":"c2f8243b0d573587f285c830a868acd19249d17d59ecbf9329e796dfed6fb630"}
{"seq":28,"ts":1779242400000,"agent_id":"funding-carry","symbol":"SOLUSDT","side":"sell","price":83.93447019304038,"quantity":13.452684654386793,"notional_usd":1129.14395914,"fee_usd":0.677486375484,"balance_before_usd":10230.953939113107,"balance_after_usd":10229.986819033926,"decision":"ALLOW","cert_hash":"31453a9506c85ebca21c3f8ad168ce3d8393768a4fcbd4ae3b5ac94d79fc6eb2","prev_hash":"f4d880ade153ca1ccf05ae934c7a48fdb01197865c4d06e08e2b23ef7fb9f2de","record_hash":"0cb3ffa82c1319f91f34d961b3a8f9a95772b5a454565e9adbbe0e29a1f97595","signature_hex":"6c4701361e0639a3ae6df172b9a311db1a21911357010c6198eea07e309f9193e5f0627563bd63c0e07ff8cdb648b09baf8fde9a3478d4276ba1018ec965b001","public_key_hex":"c2f8243b0d573587f285c830a868acd19249d17d59ecbf9329e796dfed6fb630"}
{"seq":29,"ts":1779292800000,"agent_id":"funding-carry","symbol":"SOLUSDT","side":"buy","price":86.46493342877999,"quantity":23.13076435370616,"notional_usd":2000.0,"fee_usd":1.2,"balance_before_usd":10079.663804621781,"balance_after_usd":10077.863944591787,"decision":"ALLOW_CAPPED","cert_hash":"851941502512a24ef8df2bc9ced16c6fb95a9e1d23803065ac93e74a8a142f92","prev_hash":"0cb3ffa82c1319f91f34d961b3a8f9a95772b5a454565e9adbbe0e29a1f97595","record_hash":"a5dd4fbea11772e4f160b12b32c505c0b0232b9a584e203cf40914cd601d8205","signature_hex":"9f835f702bb2f3f357a9df6c6b2453e75e46637ade3615977822110666ad45f5cc6fb6c83cab98240809086930ea7fbf17d9b31777a5a1a32baf35a80e6a2907","public_key_hex":"c2f8243b0d573587f285c830a868acd19249d17d59ecbf9329e796dfed6fb630"}
{"seq":30,"ts":1779296400000,"agent_id":"funding-carry","symbol":"SOLUSDT","side":"buy","price":86.5059457296,"quantity":23.11979810326094,"notional_usd":2000.0,"fee_usd":1.2,"balance_before_usd":10076.314015983962,"balance_after_usd":10074.514155953968,"decision":"ALLOW_CAPPED","cert_hash":"30a400676c7194327b9cfe69f7fd8918992a8603b8da56c44ca506f986d94df6","prev_hash":"a5dd4fbea11772e4f160b12b32c505c0b0232b9a584e203cf40914cd601d8205","record_hash":"7228a84a0606ecc4c502768f282743c5db15cd6bd9acffd2f6bc57de571ac45a","signature_hex":"a709b749809a334c9fdaf79391864d507c1dfbd84b8e6626511a22bb9462a8bc44d8d8d1fc8310887740e638cf06e0789e7ee20a555faa574d36fc2ffc73c200","public_key_hex":"c2f8243b0d573587f285c830a868acd19249d17d59ecbf9329e796dfed6fb630"}
{"seq":31,"ts":1779300000000,"agent_id":"funding-carry","symbol":"SOLUSDT","side":"buy","price":85.81356313714136,"quantity":14.679477952416875,"notional_usd":1259.69830809,"fee_usd":0.755818984854,"balance_before_usd":10084.630976299632,"balance_after_usd":10083.543942240576,"decision":"ALLOW","cert_hash":"cde2ba6ec874f95a58104e3ed1e9cdb03f9aa268a431a464f4113f46fbbd539b","prev_hash":"7228a84a0606ecc4c502768f282743c5db15cd6bd9acffd2f6bc57de571ac45a","record_hash":"cb428e6b959efac5f88e6fb6fb09b9435c25d97e1ceabae76211a918feef4e0a","signature_hex":"960d58a3837ca9e5dc4418eb297ee7faa42d65cf186bf8d462922a8a8bc976d74342ddefade5a40be5b463e8e24ab773c8f5fd3f320ab1cc5b7c86fd4b9f1800","public_key_hex":"c2f8243b0d573587f285c830a868acd19249d17d59ecbf9329e796dfed6fb630"}
{"seq":32,"ts":1779350400000,"agent_id":"funding-carry","symbol":"SOLUSDT","side":"sell","price":86.78195933616001,"quantity":23.046264630333678,"notional_usd":2000.0,"fee_usd":1.2,"balance_before_usd":10083.54007213537,"balance_after_usd":10081.739932105364,"decision":"ALLOW_CAPPED","cert_hash":"d667b70f400da50cb3cc4007b024487ec3ff675f13a92fce8c966615e365fec0","prev_hash":"cb428e6b959efac5f88e6fb6fb09b9435c25d97e1ceabae76211a918feef4e0a","record_hash":"03dee9cc0304ece75436b487892fb85dc8e439845b40aa5e51dfa4ba1e7a4c5c","signature_hex":"d0abb2bfe68ebf99a10ca59c3486c153dcb5cd2cb6685d2df1c43cc21893e744313eee307efcdc2501136ea45bf7de8b46d025f1c62092ac3e9bf89db337ba0a","public_key_hex":"c2f8243b0d573587f285c830a868acd19249d17d59ecbf9329e796dfed6fb630"}
{"seq":33,"ts":1779354000000,"agent_id":"funding-carry","symbol":"SOLUSDT","side":"sell","price":86.42706582906001,"quantity":23.140898985923055,"notional_usd":2000.0,"fee_usd":1.2,"balance_before_usd":10089.922726604922,"balance_after_usd":10088.122586574917,"decision":"ALLOW_CAPPED","cert_hash":"1c93a21211ae405768cfcef39712ff07e9027a89fa4e4e10c288903a30d4f25f","prev_hash":"03dee9cc0304ece75436b487892fb85dc8e439845b40aa5e51dfa4ba1e7a4c5c","record_hash":"397a6e1e8221a571cb0c315aa05e1b4d6a71c6662953cdc3699af070b78c9a1a","signature_hex":"64ad28b29b30e5a854a4ce681f1e116c435b046aecf5360ad3a5659a2554983dc0ddf393d06daa1687db55d900b1bc0b83f92a76c7ff87b2e5220371104b1e05","public_key_hex":"c2f8243b0d573587f285c830a868acd19249d17d59ecbf9329e796dfed6fb630"}
{"seq":34,"ts":1779357600000,"agent_id":"funding-carry","symbol":"SOLUSDT","side":"sell","price":85.68613581676266,"quantity":12.864708222544836,"notional_usd":1102.327136,"fee_usd":0.6613962816000001,"balance_before_usd":10122.534899705828,"balance_after_usd":10121.592227086354,"decision":"ALLOW","cert_hash":"9ff8a425108ed78d157d9e479feea13b227dac3531586603b182f6dbeffa3c9e","prev_hash":"397a6e1e8221a571cb0c315aa05e1b4d6a71c6662953cdc3699af070b78c9a1a","record_hash":"979362d886ddb9f5dc68d8dc10aeccf7714d2cefb83693d5243bfaf9cf1a4e3f","signature_hex":"8cfdac37398eb68141fa7f78adeaa6a43b1f7c5cee0ab5db0d432da6a0196ad8e2e49c0f84759f1a5da30df5082faaad6b1524133851474be6bf47dda85e2b04","public_key_hex":"c2f8243b0d573587f285c830a868acd19249d17d59ecbf9329e796dfed6fb630"}
{"seq":35,"ts":1779465600000,"agent_id":"funding-carry","symbol":"SOLUSDT","side":"buy","price":86.91306783773999,"quantity":23.011499303348103,"notional_usd":2000.0,"fee_usd":1.2,"balance_before_usd":10053.835379684691,"balance_after_usd":10052.035519654697,"decision":"ALLOW_CAPPED","cert_hash":"c2a43c90fac1e99affa8e729d92ec99444adbbcfb0e2dcd3d2a33e73bfafd6c4","prev_hash":"979362d886ddb9f5dc68d8dc10aeccf7714d2cefb83693d5243bfaf9cf1a4e3f","record_hash":"e56365ea30e315abc911bdc0751d9b65adff2526d71c522815be9af360183ce4","signature_hex":"0ca681eeaa2235acbb8899b2d7eb313461204ec722f43598d9d9a3b295cf787d6f8ab60571b7c5cc20cdf75b03927c0b51568a5361ba5c8ab79a5954e0de390e","public_key_hex":"c2f8243b0d573587f285c830a868acd19249d17d59ecbf9329e796dfed6fb630"}
{"seq":36,"ts":1779469200000,"agent_id":"funding-carry","symbol":"SOLUSDT","side":"buy","price":86.63298383213998,"quantity":23.08589536607903,"notional_usd":2000.0,"fee_usd":1.2,"balance_before_usd":10062.127904966374,"balance_after_usd":10060.32804493638,"decision":"ALLOW_CAPPED","cert_hash":"837b34e3d3878877d9c89fd6b225d809b56427a80b58dfb6b626692df3bdb32b","prev_hash":"e56365ea30e315abc911bdc0751d9b65adff2526d71c522815be9af360183ce4","record_hash":"8829d507d0d2ab63f9b6e22570450ba5c41aecdf045642a7b3cb15caaadb6377","signature_hex":"fb7e6a28fc333929c3a8d3cab68c34f6d3036debc873b11de93cb1cd99ab699040b6ba9b0d35e0539b8ced1783ecafc11183f404ab475882b5dfa6fd67e3d108","public_key_hex":"c2f8243b0d573587f285c830a868acd19249d17d59ecbf9329e796dfed6fb630"}
{"seq":37,"ts":1779472800000,"agent_id":"funding-carry","symbol":"SOLUSDT","side":"buy","price":85.43080948433436,"quantity":12.955029778138163,"notional_usd":1106.75868084,"fee_usd":0.6640552085039999,"balance_before_usd":10075.852133728493,"balance_after_usd":10074.905536000992,"decision":"ALLOW","cert_hash":"c5c2f3c105e191e22b9ed65d04c43f70f8df658dcc93e261db9bc4e5efb8f019","prev_hash":"8829d507d0d2ab63f9b6e22570450ba5c41aecdf045642a7b3cb15caaadb6377","record_hash":"e6f3da44737fa603adeb0cf83ecda6c65e40cc1ce581f1a8309adf46f28bf342","signature_hex":"928f6a1201a0867c13bbd1676f31f8d464faf46fb2278c5fea0e9658d90516204fc31706aa9e6f5fa911b987d4f5b777ab51d43b67318bfa182d3d6c2e997e02","public_key_hex":"c2f8243b0d573587f285c830a868acd19249d17d59ecbf9329e796dfed6fb630"}
{"seq":38,"ts":1779523200000,"agent_id":"funding-carry","symbol":"SOLUSDT","side":"buy","price":82.10162474154,"quantity":24.36005385150537,"notional_usd":2000.0,"fee_usd":1.2,"balance_before_usd":10074.916534601582,"balance_after_usd":10073.116674571587,"decision":"ALLOW_CAPPED","cert_hash":"9b4b7f2c490a356c224c668afe1d71e96ada591d0d31625f7deb34937a37841b","prev_hash":"e6f3da44737fa603adeb0cf83ecda6c65e40cc1ce581f1a8309adf46f28bf342","record_hash":"c3022bacb6551ad683f50c34bdadf1c9f91e3a2d14cee5b8a72cbcf84774917f","signature_hex":"8e6ce2f1e7af0da692bc078733f6544c45e973d697bfc20eb0dc80a29cf18db11e15fb14a1f2985d1221686fed934c62efc21f397b9894080ac782825b157e08","public_key_hex":"c2f8243b0d573587f285c830a868acd19249d17d59ecbf9329e796dfed6fb630"}
{"seq":39,"ts":1779526800000,"agent_id":"funding-carry","symbol":"SOLUSDT","side":"buy","price":81.96158273873999,"quantity":24.40167616546867,"notional_usd":2000.0,"fee_usd":1.2,"balance_before_usd":10069.706730168025,"balance_after_usd":10067.906870138031,"decision":"ALLOW_CAPPED","cert_hash":"0d5f6afd2d31d528f3ac86912d523aa2d05c362d472ea29cd10c13fffdea58e5","prev_hash":"c3022bacb6551ad683f50c34bdadf1c9f91e3a2d14cee5b8a72cbcf84774917f","record_hash":"cb14fd9a2b65f3acdafe4d03010e7444a3d4afae0e4c83dec173daeafd631595","signature_hex":"23c86b0099b2d2dabf0940a71ebde3e2883664dd2f823131ad9581099cf00ff1fb5fd1e074721128781b8dfe77304f72df51e51658cd11e7e5d462a8af3cf201","public_key_hex":"c2f8243b0d573587f285c830a868acd19249d17d59ecbf9329e796dfed6fb630"}
{"seq":40,"ts":1779530400000,"agent_id":"funding-carry","symbol":"SOLUSDT","side":"buy","price":82.20468208123539,"quantity":12.563918844663435,"notional_usd":1032.81295432,"fee_usd":0.6196877725919999,"balance_before_usd":10079.950200348616,"balance_after_usd":10079.070664585843,"decision":"ALLOW","cert_hash":"5c2103d3bad53690858d57fb8a27cfa8262adb8d9f48905f02987db55bfa9822","prev_hash":"cb14fd9a2b65f3acdafe4d03010e7444a3d4afae0e4c83dec173daeafd631595","record_hash":"eaf0076774924e2967e4fa4d5996656ddc5a3fa1477d075dc43d10e71cdc5039","signature_hex":"75ae41ba58bf0801c8b52025a6fa531cdf2ceeba6e7010f62b960b6cf26b4db3f8c222a7f6d73eed9820ed9a29740b2e20e3478a7f76f2e17aa78a4ed410840e","public_key_hex":"c2f8243b0d573587f285c830a868acd19249d17d59ecbf9329e796dfed6fb630"}
{"seq":41,"ts":1779580800000,"agent_id":"funding-carry","symbol":"SOLUSDT","side":"sell","price":85.8142497168,"quantity":23.306152609855616,"notional_usd":2000.0,"fee_usd":1.2,"balance_before_usd":10304.507532990941,"balance_after_usd":10302.707392960936,"decision":"ALLOW_CAPPED","cert_hash":"e8912dac601f66b74cd19f6cce66ecccfed1fa77477322338956f19e3b27ef62","prev_hash":"eaf0076774924e2967e4fa4d5996656ddc5a3fa1477d075dc43d10e71cdc5039","record_hash":"541dc894a6abd135e5f16769ebc7c5529003371119f7f7f18f6d346f59f55a31","signature_hex":"5009b442d1f8cee147f0e5663b62e9b32ff94a57242f8b9389e068cd0e147f230e64c40a3fc71ff9804480f15513d9e880760d32e2ca5145dd9d124bc1a50301","public_key_hex":"c2f8243b0d573587f285c830a868acd19249d17d59ecbf9329e796dfed6fb630"}
{"seq":42,"ts":1779584400000,"agent_id":"funding-carry","symbol":"SOLUSDT","side":"sell","price":85.93321401918,"quantity":23.27388801672898,"notional_usd":2000.0,"fee_usd":1.2,"balance_before_usd":10307.231319349597,"balance_after_usd":10305.431179319588,"decision":"ALLOW_CAPPED","cert_hash":"c365a2dd3023927bcb3e6551a9f30a6d8f51b2fe9ada2744a8246bdc52b7c9de","prev_hash":"541dc894a6abd135e5f16769ebc7c5529003371119f7f7f18f6d346f59f55a31","record_hash":"f9dad3ccf4e9b55d06159f8a1dda063678fed5c03781468381a9e4c4817a38d9","signature_hex":"30c8d101bb58ae397497d58ab6254098acf59ab90ab273c3b9e37b1bf574a8e4f3f91a68b442abad4803b9c4f307e6ce7ff54ca46fb2bf22384f68ede649e20f","public_key_hex":"c2f8243b0d573587f285c830a868acd19249d17d59ecbf9329e796dfed6fb630"}
{"seq":43,"ts":1779588000000,"agent_id":"funding-carry","symbol":"SOLUSDT","side":"sell","price":85.89737583875583,"quantity":14.746183037858293,"notional_usd":1266.65842659,"fee_usd":0.7599950559540001,"balance_before_usd":10304.856229614781,"balance_after_usd":10303.762614536043,"decision":"ALLOW","cert_hash":"5ab6f13db0ba9799c63c906115bd2014e270b788e724097132351d48233a6bab","prev_hash":"f9dad3ccf4e9b55d06159f8a1dda063678fed5c03781468381a9e4c4817a38d9","record_hash":"21aabefcb27132b583e42185fce4c2b852cbccb32af1bf65e1e75b232edcbb1f","signature_hex":"915d0b8a3a08743ec898792ac41da592b24af91a2aac52d93f35a34f93904812b8bd4ddab24bfdeb371e5128de3b89edacdd797524e556eff96d81914dff4f08","public_key_hex":"c2f8243b0d573587f285c830a868acd19249d17d59ecbf9329e796dfed6fb630"}
{"seq":44,"ts":1779840000000,"agent_id":"funding-carry","symbol":"SOLUSDT","side":"buy","price":84.1202301819,"quantity":23.77549366751895,"notional_usd":2000.0,"fee_usd":1.2,"balance_before_usd":10303.769744810485,"balance_after_usd":10301.96988478049,"decision":"ALLOW_CAPPED","cert_hash":"e7bbff10cee720e49f0a7c36a7ca962abd64d2efbb5540987a10c023b5b1eb10","prev_hash":"21aabefcb27132b583e42185fce4c2b852cbccb32af1bf65e1e75b232edcbb1f","record_hash":"d822ab5374abd3a5e66c536bc232952bc8792bc6ff8573a38bc30c4e1336cecf","signature_hex":"603dcbf25250543a4e77c95bb60e9b0fa6271171cb83d49c41b489d65e1d9539eb9bf6331a282df3f279b4b51cce0e99609ae0e42ce7376804db1e2a9cbc4002","public_key_hex":"c2f8243b0d573587f285c830a868acd19249d17d59ecbf9329e796dfed6fb630"}
{"seq":45,"ts":1779843600000,"agent_id":"funding-carry","symbol":"SOLUSDT","side":"buy","price":83.84114647631999,"quantity":23.854635630070707,"notional_usd":2000.0,"fee_usd":1.2,"balance_before_usd":10295.33760538042,"balance_after_usd":10293.537745350426,"decision":"ALLOW_CAPPED","cert_hash":"1854ef1c12b01b1602932ca353f49bdad04857b76fb194fe89da90271ea62973","prev_hash":"d822ab5374abd3a5e66c536bc232952bc8792bc6ff8573a38bc30c4e1336cecf","record_hash":"61df12ee050f14ca89d00642b6b4a0284093b1d9da64bda8efd121b782ccc884","signature_hex":"9ee7f427215fc9e9879f146c068b3479dfbada443152ddb7a14178083da696a3b2250640a1ac5bd78b5fc5eb6583d787754dd066181bd0d2345f0a4066e3420e","public_key_hex":"c2f8243b0d573587f285c830a868acd19249d17d59ecbf9329e796dfed6fb630"}
{"seq":46,"ts":1779847200000,"agent_id":"funding-carry","symbol":"SOLUSDT","side":"buy","price":83.9306192715603,"quantity":13.734115098690737,"notional_usd":1152.71278538,"fee_usd":0.691627671228,"balance_before_usd":10297.966986264046,"balance_after_usd":10296.978437028858,"decision":"ALLOW","cert_hash":"0cab4bf1e089dd9cf3617aad4e4c60bf091f6988f4441712e325ac3845212ef2","prev_hash":"61df12ee050f14ca89d00642b6b4a0284093b1d9da64bda8efd121b782ccc884","record_hash":"674ff5fb8efbada4530879fec6285d2d3a6a06402e92d7b2346980e24fe6121e","signature_hex":"7aca94c9ca80bcf877fed535082dd8d56df418865240234b1155e84a7d56b473d704423b052d5896afd521004220156191994d81000ab28d73802fd44cd6cd0d","public_key_hex":"c2f8243b0d573587f285c830a868acd19249d17d59ecbf9329e796dfed6fb630"}
{"seq":47,"ts":1779868800000,"agent_id":"funding-carry","symbol":"SOLUSDT","side":"sell","price":83.86383497778,"quantity":23.848182002765633,"notional_usd":2000.0,"fee_usd":1.2,"balance_before_usd":10296.024045145536,"balance_after_usd":10294.223905115528,"decision":"ALLOW_CAPPED","cert_hash":"d4019d02d084f40c49501d9f7a686493104f50c30adedadca993b4ac1536ac33","prev_hash":"674ff5fb8efbada4530879fec6285d2d3a6a06402e92d7b2346980e24fe6121e","record_hash":"c2c971ae1a59b9bbd2e15338a5ba5f3ebc15e45893b802401c916c0d34e60848","signature_hex":"2794c3efbcb8aa23d2fdd607805dacc54b145ef0e27864acfbe13d7fd4c553e8ab42c7b4e8ac3583d0746c451d2beeaa4501b81f6d67ed2af91c4d98813cde03","public_key_hex":"c2f8243b0d573587f285c830a868acd19249d17d59ecbf9329e796dfed6fb630"}
{"seq":48,"ts":1779872400000,"agent_id":"funding-carry","symbol":"SOLUSDT","side":"sell","price":83.71487967479999,"quantity":23.890615476833133,"notional_usd":2000.0,"fee_usd":1.2,"balance_before_usd":10288.634590373167,"balance_after_usd":10286.83445034316,"decision":"ALLOW_CAPPED","cert_hash":"8f08a8b253334e52b90027522a95f7d0622aa85ade0c03715622e2a41a75fc01","prev_hash":"c2c971ae1a59b9bbd2e15338a5ba5f3ebc15e45893b802401c916c0d34e60848","record_hash":"ec2fcc46792814de7a49640fbf1befbd8d428126c46f4d5e0db359ff38585b11","signature_hex":"fae142091c4f2eaac9d57af0aa16bfc206f7d4ffd09bd346430cb5528a1c57a246846d7b8f838093e7f8d9457947f7bcffe83756c3787ec6ae33df9345e14e07","public_key_hex":"c2f8243b0d573587f285c830a868acd19249d17d59ecbf9329e796dfed6fb630"}
{"seq":49,"ts":1779876000000,"agent_id":"funding-carry","symbol":"SOLUSDT","side":"sell","price":83.88542486607048,"quantity":13.625067436265581,"notional_usd":1142.94457072,"fee_usd":0.685766742432,"balance_before_usd":10289.10925153151,"balance_after_usd":10288.129522134343,"decision":"ALLOW","cert_hash":"0577a194718ec98ea0edfd15cb09c29aaac719f211503ba7b220a08524edc59b","prev_hash":"ec2fcc46792814de7a49640fbf1befbd8d428126c46f4d5e0db359ff38585b11","record_hash":"92ffdce4772149271023dc43df88e7f8992658c039c0fa74fc262a3675605822","signature_hex":"6e8556beeb6ec07a045dba2faa3546a4ed5fbbd584a5293af31673fa379ee6e890e7b043d370429a682b9a1fc57f34241d36dc5a34d598b9c884a4d852266009","public_key_hex":"c2f8243b0d573587f285c830a868acd19249d17d59ecbf9329e796dfed6fb630"}
{"seq":50,"ts":1779955200000,"agent_id":"funding-carry","symbol":"SOLUSDT","side":"buy","price":80.96128271874,"quantity":24.703165918801123,"notional_usd":2000.0,"fee_usd":1.2,"balance_before_usd":10288.139891970453,"balance_after_usd":10286.340031940457,"decision":"ALLOW_CAPPED","cert_hash":"79e5c356eb083fa647f803085fd673de635d9e80084ec9897d91b8a7b75fcb6f","prev_hash":"92ffdce4772149271023dc43df88e7f8992658c039c0fa74fc262a3675605822","record_hash":"59af8d05da822c4f8150cebf5fa9ba42c3c5d042b30c6995910f9f86495dbcdf","signature_hex":"d3933c3ab2883add11429a6d1c06e9c9b154c41f891d3a948017c0f5ffb960f641fd0f645022995cd34cb6b682bf82db61f43e7826819999a046aeb3b89a1005","public_key_hex":"c2f8243b0d573587f285c830a868acd19249d17d59ecbf9329e796dfed6fb630"}
{"seq":51,"ts":1779958800000,"agent_id":"funding-carry","symbol":"SOLUSDT","side":"buy","price":81.20535592362,"quantity":24.628917357140292,"notional_usd":2000.0,"fee_usd":1.2,"balance_before_usd":10292.36674958671,"balance_after_usd":10290.566889556716,"decision":"ALLOW_CAPPED","cert_hash":"82d7e39649f3cfae1031d04a2ecd8ca239e337df4d633448ff7b48cd6bc56c25","prev_hash":"59af8d05da822c4f8150cebf5fa9ba42c3c5d042b30c6995910f9f86495dbcdf","record_hash":"e8e135fe4360a1cc4fe98bdbb813fb679fb208cf02d4706e548f70e1d72faef4","signature_hex":"f7e47e965443d17be7ec43e0cd7cd298f15c9f5bb5743681c91d9d1a53ce76f27b2c75d86c253f99f4fd29259832ab2dea64d0e43aca664b272c9939cc419805","public_key_hex":"c2f8243b0d573587f285c830a868acd19249d17d59ecbf9329e796dfed6fb630"}
{"seq":52,"ts":1779962400000,"agent_id":"funding-carry","symbol":"SOLUSDT","side":"buy","price":80.71479107857351,"quantity":14.281787742073567,"notional_usd":1152.75151383,"fee_usd":0.691650908298,"balance_before_usd":10266.54387117377,"balance_after_usd":10265.555286494357,"decision":"ALLOW","cert_hash":"a036c8032b4996fb267463caf68d86059b756d8b2b1c1f101401cedd19103e2e","prev_hash":"e8e135fe4360a1cc4fe98bdbb813fb679fb208cf02d4706e548f70e1d72faef4","record_hash":"0a644946ec8f61bbfc28c72541d1c94cfba00e452db24789a749c4145b7e4bff","signature_hex":"b1934667b01ac6cdab6b265d61787c098c114e3215514d2b3a0398cfb2956e4ad368c31235fcc694d8c88ca2bccdf051f5cceacf900ad2c98546104e55923a0a","public_key_hex":"c2f8243b0d573587f285c830a868acd19249d17d59ecbf9329e796dfed6fb630"}
{"seq":53,"ts":1779984000000,"agent_id":"funding-carry","symbol":"SOLUSDT","side":"sell","price":82.00839174066,"quantity":24.387748101739618,"notional_usd":2000.0,"fee_usd":1.2,"balance_before_usd":10350.713914241285,"balance_after_usd":10348.913774211278,"decision":"ALLOW_CAPPED","cert_hash":"8b88f0c2d3e62d922430efedf5b3683dc36eef61b0e29a7a5089d53c2cade2ea","prev_hash":"0a644946ec8f61bbfc28c72541d1c94cfba00e452db24789a749c4145b7e4bff","record_hash":"bd31af0bb5bab16303e10f38cf2adae166f1e9dc15a367fa5c31b43a6d3c374f","signature_hex":"8aeb13a0f8d1118f92e070f0515c5f9aa76bb2a59c1008e5eaae9655f796a2c3bfd42565dc8f9cc3b98aae1be2862b80171d57c3b27276a971630d3722651c04","public_key_hex":"c2f8243b0d573587f285c830a868acd19249d17d59ecbf9329e796dfed6fb630"}
{"seq":54,"ts":1779987600000,"agent_id":"funding-carry","symbol":"SOLUSDT","side":"sell","price":82.23432394518001,"quantity":24.320744721307165,"notional_usd":2000.0,"fee_usd":1.2,"balance_before_usd":10357.778086214235,"balance_after_usd":10355.97794618423,"decision":"ALLOW_CAPPED","cert_hash":"10cc8f41221e59cd654cc095d93e8cba08bb02425e6926a08634bd23e124ec3f","prev_hash":"bd31af0bb5bab16303e10f38cf2adae166f1e9dc15a367fa5c31b43a6d3c374f","record_hash":"5bdf203810a4cb25de1e2e60d1b729430a170d0477b9921821d4c88feeadc6bc","signature_hex":"5a0bc382a6d942c19149219273a61d9128529d3aaeabec1746d0763a97028f1af4981a57fd4ad5e97335ad0ca4c809a78e7cb04fe9d8725735d1de930a4def0d","public_key_hex":"c2f8243b0d573587f285c830a868acd19249d17d59ecbf9329e796dfed6fb630"}
{"seq":55,"ts":1779991200000,"agent_id":"funding-carry","symbol":"SOLUSDT","side":"sell","price":82.84331207348667,"quantity":14.905775990156261,"notional_usd":1234.84385205,"fee_usd":0.74090631123,"balance_before_usd":10365.008482289277,"balance_after_usd":10363.944300603749,"decision":"ALLOW","cert_hash":"ab52974421f5b54d305e644e9f97ae8b82d851261792e2b156884664e3523ef9","prev_hash":"5bdf203810a4cb25de1e2e60d1b729430a170d0477b9921821d4c88feeadc6bc","record_hash":"350dd1dd1a83e3b2477238bdeb8e08f271b6667f1f8dba67279bf926f78b2ea1","signature_hex":"d000e1335b3ed45358f4c6198399f9960362595600ad7728291bbfeedc9877eff5a25c52e53a9689f76f7f5bc4489c6499a167029e0d9bafed9d40a090ef6603","public_key_hex":"c2f8243b0d573587f285c830a868acd19249d17d59ecbf9329e796dfed6fb630"}
{"seq":56,"ts":1780329600000,"agent_id":"funding-carry","symbol":"SOLUSDT","side":"sell","price":80.34589060740001,"quantity":24.89237451822827,"notional_usd":2000.0,"fee_usd":1.2,"balance_before_usd":10363.954254468228,"balance_after_usd":10362.15411443822,"decision":"ALLOW_CAPPED","cert_hash":"7f7cd984605285381e197ec01f945c2e3a0f5f2aca347dfd2f18ff242f0a82ce","prev_hash":"350dd1dd1a83e3b2477238bdeb8e08f271b6667f1f8dba67279bf926f78b2ea1","record_hash":"4e72dc87ac4eabf5e325253a5da55318bbbca1009288751e40961ded7885fddb","signature_hex":"ab968283957e89971813b5b9ceac889c46c82b8cd534820013a441cc760801e31245dd09e8522b8b0859a200498aeb4f366ee918b2a71819fef5c1d719121a0a","public_key_hex":"c2f8243b0d573587f285c830a868acd19249d17d59ecbf9329e796dfed6fb630"}
{"seq":57,"ts":1780333200000,"agent_id":"funding-carry","symbol":"SOLUSDT","side":"sell","price":80.87173281791999,"quantity":24.730519927190546,"notional_usd":2000.0,"fee_usd":1.2,"balance_before_usd":10349.058673394995,"balance_after_usd":10347.258533364988,"decision":"ALLOW_CAPPED","cert_hash":"243f3db12e910192536be6906cbe374dc3fbd38d528d693601fc92e7e558b727","prev_hash":"4e72dc87ac4eabf5e325253a5da55318bbbca1009288751e40961ded7885fddb","record_hash":"70e245c56c40861fb8449dedfc279516f416aafaa3065d9c303b217de831cee0","signature_hex":"18bb7d19634768e23af20485b7e0aeb4e39356e2ed2b50e2f4fc42dc8f23e86ca8607bcfe19d071c58c8ff7c20ae1b3c6123da133c56692427a8dec50e731100","public_key_hex":"c2f8243b0d573587f285c830a868acd19249d17d59ecbf9329e796dfed6fb630"}
{"seq":58,"ts":1780336800000,"agent_id":"funding-carry","symbol":"SOLUSDT","side":"sell","price":80.79313056198228,"quantity":14.421078766667527,"notional_usd":1165.12409964,"fee_usd":0.699074459784,"balance_before_usd":10351.32793061032,"balance_after_usd":10350.327896341063,"decision":"ALLOW","cert_hash":"79c8215d1230a3ae15c635f783065f89f5b9ac3c11a5f73cc9a6caef0e0a7cb4","prev_hash":"70e245c56c40861fb8449dedfc279516f416aafaa3065d9c303b217de831cee0","record_hash":"d5f821f7774646501e96d0590e5ac8a8ffe59f9804b04aeb87cf28314b8adc59","signature_hex":"a15ce44d622e65bf4b5ce498cda2d773ada8311241dd3ac550116522129303b497f9803e4034fe0cbec11ce2c542522d446ebfc125ca9ff5ac9638f3173bcb07","public_key_hex":"c2f8243b0d573587f285c830a868acd19249d17d59ecbf9329e796dfed6fb630"}
{"seq":59,"ts":1780387200000,"agent_id":"funding-carry","symbol":"SOLUSDT","side":"buy","price":79.60187499156,"quantity":25.125036316192997,"notional_usd":2000.0,"fee_usd":1.2,"balance_before_usd":10430.02934747042,"balance_after_usd":10428.229487440425,"decision":"ALLOW_CAPPED","cert_hash":"4c132486316f03705fc0a719bde1a6ba49104c66960053f348bfa23b2e345076","prev_hash":"d5f821f7774646501e96d0590e5ac8a8ffe59f9804b04aeb87cf28314b8adc59","record_hash":"45c363fdf4b4e50cda782bb9908910dc07f819f3ab97191c1924d18d2507fb36","signature_hex":"380af151cd0b63a548cc2b6bc492ca54986f0b32a66468938cf4ae2aec0921d743dea03b23515a9be5c0eeedcadb23fb18d0add48255eee5fd05138697c8c307","public_key_hex":"c2f8243b0d573587f285c830a868acd19249d17d59ecbf9329e796dfed6fb630"}
{"seq":60,"ts":1780390800000,"agent_id":"funding-carry","symbol":"SOLUSDT","side":"buy","price":79.09072168133999,"quantity":25.287416241542065,"notional_usd":2000.0,"fee_usd":1.2,"balance_before_usd":10448.119057722426,"balance_after_usd":10446.319197692432,"decision":"ALLOW_CAPPED","cert_hash":"5fbd31243bd4d0e6d25f5234be889344802a98bdfc1786ff811e9075ca6a46f1","prev_hash":"45c363fdf4b4e50cda782bb9908910dc07f819f3ab97191c1924d18d2507fb36","record_hash":"12ee1250f2375c0f733867a5d81a21e31f74a149a733d2aad441608cf83237eb","signature_hex":"335013472a6cbd4a1beb2d14907c775e138f059f88113796abd7e170d90c6974b0a29d0144cb1ce38b32423846ce76402b42eaffaa30f9f5f8e9e30e441e5408","public_key_hex":"c2f8243b0d573587f285c830a868acd19249d17d59ecbf9329e796dfed6fb630"}
{"seq":61,"ts":1780394400000,"agent_id":"funding-carry","symbol":"SOLUSDT","side":"buy","price":79.41717842937628,"quantity":13.631957376359571,"notional_usd":1082.6115913,"fee_usd":0.64956695478,"balance_before_usd":10441.81950847081,"balance_after_usd":10440.894870026852,"decision":"ALLOW","cert_hash":"12691b085013eeed59f88e62d4a672afc2b319f973005528046d723f570398c4","prev_hash":"12ee1250f2375c0f733867a5d81a21e31f74a149a733d2aad441608cf83237eb","record_hash":"b77dda33c06d2374ee1b166bf63eff018831701460cc4b873555939da16bd179","signature_hex":"ca78ef617d887b5b13afb9c5a838082e528726723124fbdaddfd968de1c918e930c794dcf9838c96003d839406b2ceae1589c8fd9d2911b63aded2df32ddd603","public_key_hex":"c2f8243b0d573587f285c830a868acd19249d17d59ecbf9329e796dfed6fb630"}
{"seq":62,"ts":1780444800000,"agent_id":"funding-carry","symbol":"SOLUSDT","side":"buy","price":74.80643669568,"quantity":26.73566725462674,"notional_usd":2000.0,"fee_usd":1.2,"balance_before_usd":10440.910811627238,"balance_after_usd":10439.110951597244,"decision":"ALLOW_CAPPED","cert_hash":"89d205ae7b4f38df4a858cd721b816ba719bfd4f0f5fbde71dc4e7299a45aa60","prev_hash":"b77dda33c06d2374ee1b166bf63eff018831701460cc4b873555939da16bd179","record_hash":"ce0dda1ec53b18324dd76c505886ecbc586d1975324d2cf1bcd6958b42550318","signature_hex":"ebf7e9c134b5ae1c221bf40cf7f5fec7fa083608a8bf8f954f0ea862223bfe8dde19d9600cfa377dedf9809203600a39b90420b59eb0661cfa7379163909d401","public_key_hex":"c2f8243b0d573587f285c830a868acd19249d17d59ecbf9329e796dfed6fb630"}
{"seq":63,"ts":1780448400000,"agent_id":"funding-carry","symbol":"SOLUSDT","side":"buy","price":74.71941059394,"quantity":26.76680643091431,"notional_usd":2000.0,"fee_usd":1.2,"balance_before_usd":10436.78524995823,"balance_after_usd":10434.985389928235,"decision":"ALLOW_CAPPED","cert_hash":"44537e67ab4b3d51b81cd4830d4436527c90f08d9f01015cb2e023b3f91f9fdc","prev_hash":"ce0dda1ec53b18324dd76c505886ecbc586d1975324d2cf1bcd6958b42550318","record_hash":"84ac79b4ed8946e85a56b1fd48ba3471224466b50def3362d027f12ca2620ce0","signature_hex":"3f21f8bfa3dd33a8ce87b0d79180598459a7f8fd48f507a10522e92286d3b4555a23973bc8d9650b80451a3ba99242ec19c9de3953fce7a8b3300f4c40c4150b","public_key_hex":"c2f8243b0d573587f285c830a868acd19249d17d59ecbf9329e796dfed6fb630"}
{"seq":64,"ts":1780452000000,"agent_id":"funding-carry","symbol":"SOLUSDT","side":"buy","price":74.37844726382811,"quantity":16.541331315588398,"notional_usd":1230.31853893,"fee_usd":0.738191123358,"balance_before_usd":10416.902724826004,"balance_after_usd":10415.842850068484,"decision":"ALLOW","cert_hash":"13bcd226db4a1833ed14c9a57a61acb79f2cd3f9cb43694ba4954a9d8f28a269","prev_hash":"84ac79b4ed8946e85a56b1fd48ba3471224466b50def3362d027f12ca2620ce0","record_hash":"7a28b07c95df655242aefaf6ef730dfdc320cc7f34be0d36adf8db7aef6039a8","signature_hex":"7971e98fe122aae4de111188fc2fdadb34e36c0412ad75200b03585db523d828d36931b1ad2473522255ad19a0410918f928d8f136a26f911a923daaa35be30e","public_key_hex":"c2f8243b0d573587f285c830a868acd19249d17d59ecbf9329e796dfed6fb630"}
{"seq":65,"ts":1780473600000,"agent_id":"funding-carry","symbol":"SOLUSDT","side":"sell","price":74.92851619902,"quantity":26.69210737721987,"notional_usd":2000.0,"fee_usd":1.2,"balance_before_usd":10457.67420319003,"balance_after_usd":10455.874063160025,"decision":"ALLOW_CAPPED","cert_hash":"6a75f87db76367596520db0fa5d8c419fe4ff07f8c95577d1513bfe062d338a7","prev_hash":"7a28b07c95df655242aefaf6ef730dfdc320cc7f34be0d36adf8db7aef6039a8","record_hash":"1099ea6d5d142c6aaf016ce52c7602fba5e58088eda48fc9aa5ee71742508c57","signature_hex":"678df12335d52ab63dddcb2f04f0018cf7eb6f609211ae5ae2054e976776ef44a6307f74e24d05c18ab90aabe0b37c598287fbafe24f93baacade3cba40d5b01","public_key_hex":"c2f8243b0d573587f285c830a868acd19249d17d59ecbf9329e796dfed6fb630"}
{"seq":66,"ts":1780477200000,"agent_id":"funding-carry","symbol":"SOLUSDT","side":"sell","price":74.92551709895999,"quantity":26.693175802289677,"notional_usd":2000.0,"fee_usd":1.2,"balance_before_usd":10455.744018460675,"balance_after_usd":10453.943878430668,"decision":"ALLOW_CAPPED","cert_hash":"55497b2cfc840aa7085e5976a0bc3bfe0c8307d4b51a317b873cbec1455c62c1","prev_hash":"1099ea6d5d142c6aaf016ce52c7602fba5e58088eda48fc9aa5ee71742508c57","record_hash":"ab789a3ae24aa1a69254c4feb1c95fa3a292a1bb66362e7325951d7029f61c1c","signature_hex":"4957c052471fa1cf714e89f89618ab5285ade3be5aebcb71e71a455c2e86d4a0f15ff01a5aac2ef02adfd00ca720c83a72c0da52cadc6733fd2f4ed2544bb300","public_key_hex":"c2f8243b0d573587f285c830a868acd19249d17d59ecbf9329e796dfed6fb630"}
{"seq":67,"ts":1780480800000,"agent_id":"funding-carry","symbol":"SOLUSDT","side":"sell","price":75.48115400444321,"quantity":16.65943637024917,"notional_usd":1257.47348229,"fee_usd":0.754484089374,"balance_before_usd":10463.154125125464,"balance_after_usd":10462.069017935908,"decision":"ALLOW","cert_hash":"92a08af2a7c809c419c14b30aea833ce409bb1f1b2476aedec72da37f1017523","prev_hash":"ab789a3ae24aa1a69254c4feb1c95fa3a292a1bb66362e7325951d7029f61c1c","record_hash":"3b57f81f401294794dd420e0d8df51f872a25b8c0719778afbf2db8bd180c210","signature_hex":"a57c8e41627bcc6eb870a5eee8dafd81b6925826c762993ed916b93da4169ee822907a6ae43fe569ab007c725f7eb339c50ebfee9e4c932e7b62e0b061f3d303","public_key_hex":"c2f8243b0d573587f285c830a868acd19249d17d59ecbf9329e796dfed6fb630"}
{"seq":68,"ts":1780560000000,"agent_id":"funding-carry","symbol":"SOLUSDT","side":"buy","price":69.2107583838,"quantity":28.89724150845507,"notional_usd":2000.0,"fee_usd":1.2,"balance_before_usd":10462.096565260916,"balance_after_usd":10460.296705230921,"decision":"ALLOW_CAPPED","cert_hash":"10c3cd9d9a067e28f218fdc636844fd79c3f3281c15879a50183a625b901165e","prev_hash":"3b57f81f401294794dd420e0d8df51f872a25b8c0719778afbf2db8bd180c210","record_hash":"6599d952d52d3c5172900e3276bb41b5ab7a811524ffc92ecce1f618901dd74d","signature_hex":"decfbd045c0a791798aaa830ad64b579985417044f5bc1af360c734b20c175256b1907157fa96607621ed5c873967d28af5e56900f539077e9c4e7b9acfaeb04","public_key_hex":"c2f8243b0d573587f285c830a868acd19249d17d59ecbf9329e796dfed6fb630"}
{"seq":69,"ts":1780563600000,"agent_id":"funding-carry","symbol":"SOLUSDT","side":"buy","price":68.83464557627998,"quantity":29.05513616371678,"notional_usd":2000.0,"fee_usd":1.2,"balance_before_usd":10449.432988948787,"balance_after_usd":10447.633128918795,"decision":"ALLOW_CAPPED","cert_hash":"3a59d81a1975d4f8bd3632b6eb1e24637c6adf06127fd785d7053061b2a1491f","prev_hash":"6599d952d52d3c5172900e3276bb41b5ab7a811524ffc92ecce1f618901dd74d","record_hash":"b1bbe788615d17c6b4ad92f066ae2ec4ec6b126331e05ebb5bd8ca95c7900392","signature_hex":"d6c32246773f9335f33f2c91201ab5fc11d6dd67cbdabc6c376bb9ace2384e5dc974ad00a8a9f91636f0747eba38a5229c79bed5b7f11af83f07a40cf8d90d00","public_key_hex":"c2f8243b0d573587f285c830a868acd19249d17d59ecbf9329e796dfed6fb630"}
{"seq":70,"ts":1780567200000,"agent_id":"funding-carry","symbol":"SOLUSDT","side":"buy","price":67.84985664484293,"quantity":18.63873436932488,"notional_usd":1264.635455,"fee_usd":0.7587812730000001,"balance_before_usd":10390.728194277684,"balance_after_usd":10389.636587744732,"decision":"ALLOW","cert_hash":"7411b06674c38e0eacd5b7eaa7b227f17742f49ad418435cc35ee6e0e1e19244","prev_hash":"b1bbe788615d17c6b4ad92f066ae2ec4ec6b126331e05ebb5bd8ca95c7900392","record_hash":"5b337ce070c913f5e30a358f3a8dc2ac07383c4dd6c2d1c0231966b34296f97e","signature_hex":"b5caefc4f6ff12c193b6ef3094a7f2bde87a9eb26524b17318adf03e56e52e9887723a447a6e5f0df50f7c7ba8af4a1c142b3a8415b1eda2ceaf6b43ae625b0e","public_key_hex":"c2f8243b0d573587f285c830a868acd19249d17d59ecbf9329e796dfed6fb630"}
{"seq":71,"ts":1780588800000,"agent_id":"funding-carry","symbol":"SOLUSDT","side":"sell","price":69.35118978744,"quantity":28.838726575996166,"notional_usd":2000.0,"fee_usd":1.2,"balance_before_usd":10507.877683133516,"balance_after_usd":10506.07754310351,"decision":"ALLOW_CAPPED","cert_hash":"cb713e5e3509f8b7c986d627d0ee6ce2778c85c983c7fc5927748d2701212a0d","prev_hash":"5b337ce070c913f5e30a358f3a8dc2ac07383c4dd6c2d1c0231966b34296f97e","record_hash":"13a2e705f30ab343ba656f414824b93d0acf8452b5ea184bc266caca4a9f02b6","signature_hex":"dcb32c196194d89ed50165bcfd97f1ace1d1bdcd3775ad945ddbca883ea3bde3ed1b78ec48cf2545693d2ee3d0e541a20fb57b6e9be2382f252211a7c5027c00","public_key_hex":"c2f8243b0d573587f285c830a868acd19249d17d59ecbf9329e796dfed6fb630"}
{"seq":72,"ts":1780592400000,"agent_id":"funding-carry","symbol":"SOLUSDT","side":"sell","price":69.18224048406,"quantity":28.909153360837045,"notional_usd":2000.0,"fee_usd":1.2,"balance_before_usd":10498.008130020302,"balance_after_usd":10496.207989990295,"decision":"ALLOW_CAPPED","cert_hash":"ff453916e3c6c7971599b71eb792f894c6017105f49d7a6e49ed02bd5405afef","prev_hash":"13a2e705f30ab343ba656f414824b93d0acf8452b5ea184bc266caca4a9f02b6","record_hash":"68334003072f529c6bdf94e51f05940e1f60ea58ba67b917b5c1985bb1681f1e","signature_hex":"9b04556f393f19291b201ce009e0a07bf7d76eceb95bde932bbfc68e609d6f0874493b59e27a8808289e50d1575b71107a99cb4d22d6829b1785e5bb6fdc3608","public_key_hex":"c2f8243b0d573587f285c830a868acd19249d17d59ecbf9329e796dfed6fb630"}
{"seq":73,"ts":1780596000000,"agent_id":"funding-carry","symbol":"SOLUSDT","side":"sell","price":69.44056489708603,"quantity":18.843854393311688,"notional_usd":1308.52789391,"fee_usd":0.7851167363460001,"balance_before_usd":10501.03073637076,"balance_after_usd":10499.898231239378,"decision":"ALLOW","cert_hash":"c380055c2f9cd91d13a927cd862a02d04b0ea161d3d0ebbd968159ce875bcf2e","prev_hash":"68334003072f529c6bdf94e51f05940e1f60ea58ba67b917b5c1985bb1681f1e","record_hash":"616653df617982cc679e3b2b9787e6fd9856e86a1219ab89c35302763f3b83cf","signature_hex":"99a0eca410661759d37ec36899ed814222e9cf0f787819619e0be2b6ee42718210ff436fcee25eaf8d2f59d1bd34dc8b239b10c9fc66a6c3815fd616f0fbc40f","public_key_hex":"c2f8243b0d573587f285c830a868acd19249d17d59ecbf9329e796dfed6fb630"}
{"seq":74,"ts":1780646400000,"agent_id":"funding-carry","symbol":"SOLUSDT","side":"buy","price":65.27557810512,"quantity":30.63933032931847,"notional_usd":2000.0,"fee_usd":1.2,"balance_before_usd":10499.919165855314,"balance_after_usd":10498.11930582532,"decision":"ALLOW_CAPPED","cert_hash":"b05045ce994416e629784760bd3b74ff1d818ebfcfa5028e7fbc4c74527a45b4","prev_hash":"616653df617982cc679e3b2b9787e6fd9856e86a1219ab89c35302763f3b83cf","record_hash":"093241070c48db0c996a3266fedad9e8efb307a46d0e4770294ff97ee33f2a55","signature_hex":"8cc752ac65556898bfdb6fee75a1505ed789c48114fac28b4d476da5893727aafe0af68c9bca8f2758843c6815b5ac33b1d8a4443700b1bb13dbfcb85a418f03","public_key_hex":"c2f8243b0d573587f285c830a868acd19249d17d59ecbf9329e796dfed6fb630"}
{"seq":75,"ts":1780650000000,"agent_id":"funding-carry","symbol":"SOLUSDT","side":"buy","price":66.52095163002001,"quantity":30.065715402324866,"notional_usd":2000.0,"fee_usd":1.2,"balance_before_usd":10536.259045411269,"balance_after_usd":10534.459185381274,"decision":"ALLOW_CAPPED","cert_hash":"ae646ad18551e2e55fe0df367fe81cc5228d33dff2837abf233577c8b1ef2dba","prev_hash":"093241070c48db0c996a3266fedad9e8efb307a46d0e4770294ff97ee33f2a55","record_hash":"396236559f63be162151efa6af9a70bbe2b6be2792fcdfc33cad7997fb91317c","signature_hex":"8d2ee62fa9011664f9eb687e025dab12a77bf59627729e1bcb8581d692c48bb7c923ca5eb0267b087e743e5aa6fb3623906de96040df10e1d24e1e67b358050d","public_key_hex":"c2f8243b0d573587f285c830a868acd19249d17d59ecbf9329e796dfed6fb630"}
{"seq":76,"ts":1780653600000,"agent_id":"funding-carry","symbol":"SOLUSDT","side":"buy","price":66.37837061697186,"quantity":18.603423563160877,"notional_usd":1234.86494402,"fee_usd":0.7409189664120001,"balance_before_usd":10525.961179167092,"balance_after_usd":10524.897107255598,"decision":"ALLOW","cert_hash":"f0996e41626d381bb768f4c2c2bdd361076b356d0ed0ef7d433c18a49f6049ca","prev_hash":"396236559f63be162151efa6af9a70bbe2b6be2792fcdfc33cad7997fb91317c","record_hash":"84cbafc470c2af450f79a35adcf0f9458ecc25501e49f0030d73362b6468a008","signature_hex":"aa1b066f12a194d7597d87d9d438ce43ec8515e12d3a19ab8192896e41df444cddedcf66d2f2e1bf35a7e8205a1630391f5253484e1515b116a40c1e42d45107","public_key_hex":"c2f8243b0d573587f285c830a868acd19249d17d59ecbf9329e796dfed6fb630"}
{"seq":77,"ts":1780704000000,"agent_id":"funding-carry","symbol":"SOLUSDT","side":"sell","price":64.59361739226,"quantity":30.962811508984355,"notional_usd":2000.0,"fee_usd":1.2,"balance_before_usd":10387.109491522102,"balance_after_usd":10385.309351492097,"decision":"ALLOW_CAPPED","cert_hash":"9a987047108585b33ff7a790ef1065143aebe019e7dc4a7bf8df3a36b248299f","prev_hash":"84cbafc470c2af450f79a35adcf0f9458ecc25501e49f0030d73362b6468a008","record_hash":"3d4a8d2266e33715bbd8350ce4432787fc24ef567519a0d8adcbadcac4babaef","signature_hex":"570e47a5b9e090eafe0ab4367471716d78b8d81a0c2912f959357e44cdfd44875195f1dbdeb3988d00be03f7246547d41e8015bbf67abd6c73a23a5bf09ef102","public_key_hex":"c2f8243b0d573587f285c830a868acd19249d17d59ecbf9329e796dfed6fb630"}
{"seq":78,"ts":1780707600000,"agent_id":"funding-carry","symbol":"SOLUSDT","side":"sell","price":63.78186097602,"quantity":31.35687747887974,"notional_usd":2000.0,"fee_usd":1.2,"balance_before_usd":10346.05673846184,"balance_after_usd":10344.256598431833,"decision":"ALLOW_CAPPED","cert_hash":"548a542cc919860358db7c41c5e35718b56b36865566ce608bd4fd9050a5006c","prev_hash":"3d4a8d2266e33715bbd8350ce4432787fc24ef567519a0d8adcbadcac4babaef","record_hash":"ea121d7b479223901bcdb4dce09f77b38dbb4c3b0961577780e8093c7f0e1340","signature_hex":"bee7558ed2c4b4ec8ddc0a5655dce56b2d5a859b3bd6b5aa45f6cc3168e3ed18d46585e8497ce342e45a5a28138f6a84de3f3acbe4415b94318d39afebe3320a","public_key_hex":"c2f8243b0d573587f285c830a868acd19249d17d59ecbf9329e796dfed6fb630"}
{"seq":79,"ts":1780711200000,"agent_id":"funding-carry","symbol":"SOLUSDT","side":"sell","price":63.458884530402784,"quantity":16.988092015918035,"notional_usd":1078.04536963,"fee_usd":0.646827221778,"balance_before_usd":10338.719886490118,"balance_after_usd":10337.799288187942,"decision":"ALLOW","cert_hash":"4b86574466e66a6b523f4d15e8a14a46d7f1d5fee8b308c54c788530fbf44add","prev_hash":"ea121d7b479223901bcdb4dce09f77b38dbb4c3b0961577780e8093c7f0e1340","record_hash":"dea4b5acef525daaf6f10127f529c4cbc98d6f2fd2a60ad7bd41caef3ef84390","signature_hex":"525bbdf2f508342607ccaae59c7bf85270fbcb5c6d3b5b372b4df8e4bd3af93a3efbc9d973890e2ac590594be60bc341d96ea0906945ed484599f0c7448a5009","public_key_hex":"c2f8243b0d573587f285c830a868acd19249d17d59ecbf9329e796dfed6fb630"}
{"seq":80,"ts":1780732800000,"agent_id":"funding-carry","symbol":"SOLUSDT","side":"buy","price":63.14293846248,"quantity":31.674167352671034,"notional_usd":2000.0,"fee_usd":1.2,"balance_before_usd":10337.8007432622,"balance_after_usd":10336.000883232206,"decision":"ALLOW_CAPPED","cert_hash":"725a91e21253c53489043d9b8a65ad175b0802a3a89bc16d21be983b8ca55d27","prev_hash":"dea4b5acef525daaf6f10127f529c4cbc98d6f2fd2a60ad7bd41caef3ef84390","record_hash":"8f360900b2dbc7f68f8b5fdfc6dfd6fca1b9e22f5ecc8f364e7b5d013132ed5c","signature_hex":"69b2283263157703f6070fecbfe88d6b443143f74d31de53b1e83ecf9d0d2c3d9f89591125c812188ca9e15876759639d0b65380c21f54036620d1ce0f58d501","public_key_hex":"c2f8243b0d573587f285c830a868acd19249d17d59ecbf9329e796dfed6fb630"}
{"seq":81,"ts":1780736400000,"agent_id":"funding-carry","symbol":"SOLUSDT","side":"buy","price":62.675798353139996,"quantity":31.910243707327297,"notional_usd":2000.0,"fee_usd":1.2,"balance_before_usd":10321.211061274538,"balance_after_usd":10319.411201244544,"decision":"ALLOW_CAPPED","cert_hash":"56c14ff03731926b9cff0ffe9f4125c3a9b63dd0c07d6ad3ce4e10c35e2d8dc1","prev_hash":"8f360900b2dbc7f68f8b5fdfc6dfd6fca1b9e22f5ecc8f364e7b5d013132ed5c","record_hash":"d7006390c3b80e5ec4bb9d68c2c6555c3c247e7e2d9ec2434a4e840303d85e2e","signature_hex":"51f40fd54a52890bb2068fcf7cd490bd5de9286c7dfe795c3246db12d2dd136ce40e937064739ab8ca7af90c811ceaa8d2d9d25a21b743a3418220c6d7d8840f","public_key_hex":"c2f8243b0d573587f285c830a868acd19249d17d59ecbf9329e796dfed6fb630"}
{"seq":82,"ts":1780740000000,"agent_id":"funding-carry","symbol":"SOLUSDT","side":"buy","price":61.79507551189345,"quantity":19.48179612837101,"notional_usd":1203.87906286,"fee_usd":0.7223274377159999,"balance_before_usd":10263.587875194926,"balance_after_usd":10262.552367911841,"decision":"ALLOW","cert_hash":"7728bcf4cb659e40dab1eaefbb6aec632c66fab47dec916a5ae79ddf5548b9a8","prev_hash":"d7006390c3b80e5ec4bb9d68c2c6555c3c247e7e2d9ec2434a4e840303d85e2e","record_hash":"ad972d14f6d833cd043612f1913b0bfa571d12bb4b9fb290967c7364659b7ea0","signature_hex":"48b7eb48ac8c1b123a087404ab1cb08dbb03772523b7d6facb3e78d9c57b386622dd30ce0a45a36c815248b398d472e0e976ffad92fb9fe11d402739e4f17702","public_key_hex":"c2f8243b0d573587f285c830a868acd19249d17d59ecbf9329e796dfed6fb630"}
{"seq":83,"ts":1780790400000,"agent_id":"funding-carry","symbol":"SOLUSDT","side":"sell","price":62.03838414114,"quantity":32.23810593534986,"notional_usd":2000.0,"fee_usd":1.2,"balance_before_usd":10287.004723694894,"balance_after_usd":10285.204583664889,"decision":"ALLOW_CAPPED","cert_hash":"ded16a0f72e3b21d1950697909e4b917f6b3c4856216fecf57418b621a21dc9a","prev_hash":"ad972d14f6d833cd043612f1913b0bfa571d12bb4b9fb290967c7364659b7ea0","record_hash":"894dcb6c1f48686beba7567b6bbfab3e4dcbcb16b0f8e20f3c8ea8d7f89f7c2c","signature_hex":"c15ee4039a6582569f81a4bbd5046b559be73b73beefc7018135c63d49baaded5f261bd671b01515d10d6e31e1d7f82fba7163f64834c59e1e9ad9629b810203","public_key_hex":"c2f8243b0d573587f285c830a868acd19249d17d59ecbf9329e796dfed6fb630"}
{"seq":84,"ts":1780794000000,"agent_id":"funding-carry","symbol":"SOLUSDT","side":"sell","price":63.60291467244,"quantity":31.445099808714065,"notional_usd":2000.0,"fee_usd":1.2,"balance_before_usd":10364.743812196984,"balance_after_usd":10362.943672166977,"decision":"ALLOW_CAPPED","cert_hash":"4e7cbf1de31b75de7c6a3c26422fba072cc0d44b40fd63d64b718c925bb93b8f","prev_hash":"894dcb6c1f48686beba7567b6bbfab3e4dcbcb16b0f8e20f3c8ea8d7f89f7c2c","record_hash":"5657ec7893f4a7198699a2f87986e479b76c3a780d0342e5934311c99cb99d8d","signature_hex":"9b2fb1e76e03179d4d42e3b6531b953442c6cb741b25fd102dd07e51cbfd06a2061f8c2614ff101a9744358fc4510e03f47bc80471bd28eecab3404817f0df0a","public_key_hex":"c2f8243b0d573587f285c830a868acd19249d17d59ecbf9329e796dfed6fb630"}
{"seq":85,"ts":1780797600000,"agent_id":"funding-carry","symbol":"SOLUSDT","side":"sell","price":63.49039177861137,"quantity":19.38375759156352,"notional_usd":1230.68236363,"fee_usd":0.738409418178,"balance_before_usd":10360.715123002046,"balance_after_usd":10359.654783846443,"decision":"ALLOW","cert_hash":"345ea1fd9d685f4fc77405400efba1193539693b0f02851a37c9a2af0bc1e530","prev_hash":"5657ec7893f4a7198699a2f87986e479b76c3a780d0342e5934311c99cb99d8d","record_hash":"c7cafb2ba454692d68dedd81d113c637325b3e6fb552f4df06981e0a249abdbe","signature_hex":"9921c04e11a1dd6d78e5b3928e916c61a909b68e7a95a5a71636af3e91557352a2f15d4fadf29d6f518eeacc9c0149279c1f8d08fdfc59cf19fffe384c63cd0c","public_key_hex":"c2f8243b0d573587f285c830a868acd19249d17d59ecbf9329e796dfed6fb630"}
{"seq":86,"ts":1780819200000,"agent_id":"funding-carry","symbol":"SOLUSDT","side":"buy","price":65.92877401818001,"quantity":30.335768104052647,"notional_usd":2000.0,"fee_usd":1.2,"balance_before_usd":10359.642525770028,"balance_after_usd":10357.842665740034,"decision":"ALLOW_CAPPED","cert_hash":"cec3094b02d10ef6288b9f0dcc2d4b653259c89151ab2aa9dcb439d71f3aab55","prev_hash":"c7cafb2ba454692d68dedd81d113c637325b3e6fb552f4df06981e0a249abdbe","record_hash":"13414762b30d2bba64faadc2922c3c3cb70daff0e306d39bb8f231cf2d12ffa0","signature_hex":"b7298f19eaaf058cfe9097706e0a7b2f78b130852bf7dfdcced5d30f197a38e4a3889518470274bc9ba46fab12988afea4ab74ef2604c3553466b7a732e9ca0b","public_key_hex":"c2f8243b0d573587f285c830a868acd19249d17d59ecbf9329e796dfed6fb630"}
{"seq":87,"ts":1780822800000,"agent_id":"funding-carry","symbol":"SOLUSDT","side":"buy","price":64.97848899918,"quantity":30.779416862482584,"notional_usd":2000.0,"fee_usd":1.2,"balance_before_usd":10329.028501781997,"balance_after_usd":10327.228641752003,"decision":"ALLOW_CAPPED","cert_hash":"6008e7d1e8be10b958b5362e18dcd85b64ac2de0adc70f7dec73ad699c2fff79","prev_hash":"13414762b30d2bba64faadc2922c3c3cb70daff0e306d39bb8f231cf2d12ffa0","record_hash":"46f3d4a50f0e3dd2a63f3f93dca1a1c1381b0da5143dee6c297a8675f51e4510","signature_hex":"f09bfb4e39c975852b755a9dfd08849d8bcf481af1597c5278d33fa68afbbdb3d30f0aff76f0dc24f47f7061afe2e2c9a3fe13c711ecf2f9f7f199646f98e302","public_key_hex":"c2f8243b0d573587f285c830a868acd19249d17d59ecbf9329e796dfed6fb630"}
{"seq":88,"ts":1780826400000,"agent_id":"funding-carry","symbol":"SOLUSDT","side":"buy","price":64.61381247949197,"quantity":18.649622976394824,"notional_usd":1205.02324181,"fee_usd":0.7230139450859999,"balance_before_usd":10305.106779844828,"balance_after_usd":10304.070219495918,"decision":"ALLOW","cert_hash":"a3e1dfc8718a08001fe0b6220549f8504a4e5e43c64b1ec973d871c5536a1bb0","prev_hash":"46f3d4a50f0e3dd2a63f3f93dca1a1c1381b0da5143dee6c297a8675f51e4510","record_hash":"77a65addb3d42eb0590691ebd104ffefeacb5e3b9324658e562fd074edc55261","signature_hex":"c80eadb0a4d63a45261d27e8fd95ea2e49506eb3f83c43dd73cd6a0c919e9590c7d547470b9baeb0ef1d75344dfa12460205e36714d7b4cc1592014221b1f703","public_key_hex":"c2f8243b0d573587f285c830a868acd19249d17d59ecbf9329e796dfed6fb630"}
{"seq":89,"ts":1780934400000,"agent_id":"funding-carry","symbol":"SOLUSDT","side":"sell","price":66.89192773824,"quantity":29.898973876584265,"notional_usd":2000.0,"fee_usd":1.2,"balance_before_usd":10492.870087932428,"balance_after_usd":10491.06994790242,"decision":"ALLOW_CAPPED","cert_hash":"cf2198119e03f4750e276f97d40ff27d29ce6c1178994dfe823bb8e458d155a4","prev_hash":"77a65addb3d42eb0590691ebd104ffefeacb5e3b9324658e562fd074edc55261","record_hash":"77542f7d5f9ee71f8d2c16273f55ea16c50aa5d51ac02b430adda8689c6deb28","signature_hex":"79b3fa34265f69d5e1700212e97755f021f4e0b7be02954d199c64f3e581cdf9ce8596913aa642f7496d8b74e321ca21fead7e4d6e56f33d0ca9841b60845e04","public_key_hex":"c2f8243b0d573587f285c830a868acd19249d17d59ecbf9329e796dfed6fb630"}
{"seq":90,"ts":1780938000000,"agent_id":"funding-carry","symbol":"SOLUSDT","side":"sell","price":67.32179874684,"quantity":29.708059458139143,"notional_usd":2000.0,"fee_usd":1.2,"balance_before_usd":10512.510076794582,"balance_after_usd":10510.709936764575,"decision":"ALLOW_CAPPED","cert_hash":"d0f209dde3999ae37d66a84f8f813ab54e2e0ca69d2238b5d193770389658aba","prev_hash":"77542f7d5f9ee71f8d2c16273f55ea16c50aa5d51ac02b430adda8689c6deb28","record_hash":"078e71413b8fbffa54c74f2f33cdd601be5c400c335dd374a83314445722d8c9","signature_hex":"623bef1dac95a361ac690a0f0ed5deba20e8a3666a2c38d1b03bbcc55dab83e1753c16e39645cd732559f65f9ba782245d8fb646db614a22b87d0b70ddba9403","public_key_hex":"c2f8243b0d573587f285c830a868acd19249d17d59ecbf9329e796dfed6fb630"}
{"seq":91,"ts":1780941600000,"agent_id":"funding-carry","symbol":"SOLUSDT","side":"sell","price":67.3819436865437,"quantity":20.158105720112278,"notional_usd":1358.29234446,"fee_usd":0.8149754066760001,"balance_before_usd":10511.878793678201,"balance_after_usd":10510.699837195958,"decision":"ALLOW","cert_hash":"be3243d4e807f5035785506c14b9fca191f210ec0da4cd9cb8d07021772c59aa","prev_hash":"078e71413b8fbffa54c74f2f33cdd601be5c400c335dd374a83314445722d8c9","record_hash":"52d1042b534000d79fc94ec5c3af060531a0f975cf8cc16e29f9c6b91a73740f","signature_hex":"1581affb52b3dc3ac13203dbad90f037be892645cce05f4f3d47f91c8965ec96d356b5ccada366f812a7ba859cad5d36150b5b8a43a5b3dcafeb94c771297c03","public_key_hex":"c2f8243b0d573587f285c830a868acd19249d17d59ecbf9329e796dfed6fb630"}
{"seq":92,"ts":1781827200000,"agent_id":"funding-carry","symbol":"SOLUSDT","side":"sell","price":69.73907339520001,"quantity":28.678327695384258,"notional_usd":2000.0,"fee_usd":1.2,"balance_before_usd":10510.687128587926,"balance_after_usd":10508.886988557919,"decision":"ALLOW_CAPPED","cert_hash":"dfb8785586020604968e9e763588fa56356646c0fa360454c3642cf451d63821","prev_hash":"52d1042b534000d79fc94ec5c3af060531a0f975cf8cc16e29f9c6b91a73740f","record_hash":"d3cc71c77483ffa2c43d8616fdf7b31dfe8b54507db8d909e97c73bff4b8837a","signature_hex":"b8127a9ee9754d4cfcf2f5bdfb43acf6590da3c3f53c60e67aa34aab4696518ab56bba778d8586d27cbd952d30a9842fa82bf76686cd262dd65a8cc0a4c25f0c","public_key_hex":"c2f8243b0d573587f285c830a868acd19249d17d59ecbf9329e796dfed6fb630"}
{"seq":93,"ts":1781830800000,"agent_id":"funding-carry","symbol":"SOLUSDT","side":"sell","price":69.88303019808001,"quantity":28.61925125929855,"notional_usd":2000.0,"fee_usd":1.2,"balance_before_usd":10504.756531724746,"balance_after_usd":10502.95639169474,"decision":"ALLOW_CAPPED","cert_hash":"3d451687212587944d8ed756ac23ba72f471fa3d883dd7faff93ada7ac04bc1c","prev_hash":"d3cc71c77483ffa2c43d8616fdf7b31dfe8b54507db8d909e97c73bff4b8837a","record_hash":"d9438139ca2e025636b84e672c86b13005865c8e5fa67a62a1a2cfa9d0c28137","signature_hex":"5c8ab7ee0f174906bbaa3ce83fb2c00fe6a1c6c6daf6b32f2ed71a26b46d104b03040d1a136439cebc33207cdd43f6b50372f322494b045e20a4a3837a71ad0f","public_key_hex":"c2f8243b0d573587f285c830a868acd19249d17d59ecbf9329e796dfed6fb630"}
{"seq":94,"ts":1781834400000,"agent_id":"funding-carry","symbol":"SOLUSDT","side":"sell","price":69.61165599277467,"quantity":18.234335033514345,"notional_usd":1269.32225761,"fee_usd":0.761593354566,"balance_before_usd":10518.65740801402,"balance_after_usd":10517.56132388585,"decision":"ALLOW","cert_hash":"61ef7bb51d8c29f5366c7f7e57c40aa9a403c98cf0f403d7e3e7a62ee318caeb","prev_hash":"d9438139ca2e025636b84e672c86b13005865c8e5fa67a62a1a2cfa9d0c28137","record_hash":"ff3ac14e783a9dab16389e2c5ffb495b69d0d85f219c9679df9c8ae3ae3cae5e","signature_hex":"ade001106be2409da47f034f9d92af5b200473802a1c5d63970204d1a0b344bf9a6ecde8e675164a573f88a4a643b14a4237afd56b2827113dee756af82da60a","public_key_hex":"c2f8243b0d573587f285c830a868acd19249d17d59ecbf9329e796dfed6fb630"}
{"seq":95,"ts":1781884800000,"agent_id":"funding-carry","symbol":"SOLUSDT","side":"buy","price":68.70160567362,"quantity":29.111401114864467,"notional_usd":2000.0,"fee_usd":1.2,"balance_before_usd":10589.780355201254,"balance_after_usd":10587.98049517126,"decision":"ALLOW_CAPPED","cert_hash":"dc77a275912fc270b982ecb150f9d565a09f1c8100a370645ac16a3e899b1a04","prev_hash":"ff3ac14e783a9dab16389e2c5ffb495b69d0d85f219c9679df9c8ae3ae3cae5e","record_hash":"ec7fa936687a96fcca4058b6f7fb725cd80f821edb1838f7c92e99becb5909dc","signature_hex":"1ea17115c533f6c77412b390ba79ebef2aec7e9cd026e51320c9900047814ade0b1910ad8da29fbdda3d647631e2abb426fe8039a6dd2fc7167550bedc5caa0d","public_key_hex":"c2f8243b0d573587f285c830a868acd19249d17d59ecbf9329e796dfed6fb630"}
{"seq":96,"ts":1781888400000,"agent_id":"funding-carry","symbol":"SOLUSDT","side":"buy","price":69.30178568562,"quantity":28.85928522928373,"notional_usd":2000.0,"fee_usd":1.2,"balance_before_usd":10560.124947259603,"balance_after_usd":10558.325087229608,"decision":"ALLOW_CAPPED","cert_hash":"186b21003376a838f2a3d6f7e43013a0a82a21548d6bb983b705efc4af19cedb","prev_hash":"ec7fa936687a96fcca4058b6f7fb725cd80f821edb1838f7c92e99becb5909dc","record_hash":"add4e0a0af949e92cf9cdaf72c46e9c95a2e86b511f3d36ab0b178b4845d872f","signature_hex":"edacf63888811a45b13b2d1923d009299a898c51458728ec2cf05bd4f0bf8d245af599dcb24ac8094aca0b1ad1a145b096f509e528da790facc2aefc3260ae05","public_key_hex":"c2f8243b0d573587f285c830a868acd19249d17d59ecbf9329e796dfed6fb630"}
{"seq":97,"ts":1781892000000,"agent_id":"funding-carry","symbol":"SOLUSDT","side":"buy","price":69.03698894768104,"quantity":17.562050625771473,"notional_usd":1212.43109495,"fee_usd":0.72745865697,"balance_before_usd":10562.927543754293,"balance_after_usd":10561.884162287446,"decision":"ALLOW","cert_hash":"25502ed5fad93013dbe84f3db9a199f897c869ccf3e3abb779dd76e6effc5a49","prev_hash":"add4e0a0af949e92cf9cdaf72c46e9c95a2e86b511f3d36ab0b178b4845d872f","record_hash":"946436bc5a94de8366c2516975f319c59e2ed6e3bb5acee687b9dde43a39067c","signature_hex":"7a0ecd55ff039fed45bd920e9b139d9defab7a90303798cafbee4b72dc849fdb01d34ab5008981b15498ba10eaaf011ba3995d2fcb6847b8df0356b7b0a3f804","public_key_hex":"c2f8243b0d573587f285c830a868acd19249d17d59ecbf9329e796dfed6fb630"}
