{"seq":0,"ts":1781812620000,"agent_id":"persona-team","symbol":"SOLUSDT","side":"sell","price":69.4335313550303,"quantity":6.551921065398064,"notional_usd":454.92301673,"fee_usd":0.272953810038,"balance_before_usd":10000.0,"balance_after_usd":9999.625696849133,"decision":"ALLOW","cert_hash":"c57ba481099c48978865229259b992fc2688e8fff4f0a64c6cbf2efe2ea50af6","prev_hash":"0000000000000000000000000000000000000000000000000000000000000000","record_hash":"cbf1456826da29fc6a39cf5edc01451aae1ffbe1b94ab61a8f76aafc4f372723","signature_hex":"b8d705f67a46dae71e2ee6b242fc7f619fc6dcd5db292a1713f18552d789a694fa7d3fcfc0d08d6ec82fcbc740ff18a3f16d50a9fbd5d93d64e00d401dcdcc0c","public_key_hex":"c2f8243b0d573587f285c830a868acd19249d17d59ecbf9329e796dfed6fb630"}
{"seq":1,"ts":1781812740000,"agent_id":"persona-team","symbol":"SOLUSDT","side":"buy","price":69.36725931964251,"quantity":9.928670976409414,"notional_usd":688.72469432,"fee_usd":0.41323481659200006,"balance_before_usd":10000.267785113541,"balance_after_usd":9999.693116861918,"decision":"ALLOW","cert_hash":"e613c4dc2a58e27c022230d2141f77fe830d4f7c19686f3169220fd27c9c7004","prev_hash":"cbf1456826da29fc6a39cf5edc01451aae1ffbe1b94ab61a8f76aafc4f372723","record_hash":"2e959a5cf19ed1f066e1069f05bb412f019e29c9491b267a4757c8c693932d2b","signature_hex":"6519b418e904b63f156aa76e0b4df66240281518937b1f6b0af8423bc097359bac875b430d0d5a8f2f62486f66fc1d3593e7ba49bc055f33c2d433614938c608","public_key_hex":"c2f8243b0d573587f285c830a868acd19249d17d59ecbf9329e796dfed6fb630"}
{"seq":2,"ts":1781812800000,"agent_id":"persona-team","symbol":"SOLUSDT","side":"sell","price":69.51226954520929,"quantity":11.692792518180939,"notional_usd":812.79254526,"fee_usd":0.48767552715599993,"balance_before_usd":10000.294178346077,"balance_after_usd":9999.61087708232,"decision":"ALLOW","cert_hash":"51f1ef2627b533e47d80d1adba70bd79d87221140213a0d1803f8e5c1060a5a4","prev_hash":"2e959a5cf19ed1f066e1069f05bb412f019e29c9491b267a4757c8c693932d2b","record_hash":"fff7dab177508303f13d8dae288cd731d6d5d6a99a31a8b99eca1823acd8017f","signature_hex":"77fb3f639f565968b081db9b7b92032d198baee6f4ffd47d6ce0ab6a71c9833957fc66cc2c58289061fb41f1c5155e2452aa04e988237fe77df960695e43cf0b","public_key_hex":"c2f8243b0d573587f285c830a868acd19249d17d59ecbf9329e796dfed6fb630"}
{"seq":3,"ts":1781812860000,"agent_id":"persona-team","symbol":"SOLUSDT","side":"buy","price":69.66867519317434,"quantity":3.064776230464608,"notional_usd":213.51889974,"fee_usd":0.12811133984399997,"balance_before_usd":9998.571371756423,"balance_after_usd":9998.39828423336,"decision":"ALLOW","cert_hash":"9495d23040116004cc4966570297e4631efdf6e5699606341023555d78b3530b","prev_hash":"fff7dab177508303f13d8dae288cd731d6d5d6a99a31a8b99eca1823acd8017f","record_hash":"93f516b9a6ac00ce5c1b1203f15dd184f8262b601e820fde7ebd1ad2d2d0e473","signature_hex":"ed467bc5f4b5bc643bb77e8a2e59f1a926ea0a9da70b2e8bf79c0dfd1b72f15092fdaa2ec999580b03d8bc9c75467288eec54e176b1e97b6e63920381005a308","public_key_hex":"c2f8243b0d573587f285c830a868acd19249d17d59ecbf9329e796dfed6fb630"}
{"seq":4,"ts":1781813040000,"agent_id":"persona-team","symbol":"SOLUSDT","side":"buy","price":69.81824075491865,"quantity":5.250120067858864,"notional_usd":366.55414689,"fee_usd":0.21993248813400001,"balance_before_usd":9997.615845543232,"balance_after_usd":9997.31589726185,"decision":"ALLOW","cert_hash":"4364ba233c4f3c9201906909daa8ecf3885cd1ee42e9cea42b8aa1a6a6f62175","prev_hash":"93f516b9a6ac00ce5c1b1203f15dd184f8262b601e820fde7ebd1ad2d2d0e473","record_hash":"6b8063cbbf777e882bcb3483ee379d3c8733d24b90201aa3a551cc924432d2a4","signature_hex":"6980cbfe899188906d66714a792859a191228e34a6c3ce0176d4e5ec73b180248aa35d7d39f16f7dd82f767abbd81ec1223e373cf32923db4f20877f36841c0b","public_key_hex":"c2f8243b0d573587f285c830a868acd19249d17d59ecbf9329e796dfed6fb630"}
{"seq":5,"ts":1781814000000,"agent_id":"persona-team","symbol":"SOLUSDT","side":"sell","price":69.86022976493798,"quantity":3.261358578501982,"notional_usd":227.83925964,"fee_usd":0.13670355578399998,"balance_before_usd":9997.315814727614,"balance_after_usd":9997.130940139004,"decision":"ALLOW","cert_hash":"60e8d6275d445670928c6590db5986fd36f483079f1a76e5d5c05d501aa769d7","prev_hash":"6b8063cbbf777e882bcb3483ee379d3c8733d24b90201aa3a551cc924432d2a4","record_hash":"77f3427d3b88f71cd41b245e5d00c8b26fecf0251006a09e0db071cd1acc997a","signature_hex":"999d24938d4487700bfadd9c385e44fc298886a7e0a02b842ac398e39b46252db29fbc20ae256c26c4269ea44b0db3a10f4a57d0fae2ab7fb2dbe5b534d20606","public_key_hex":"c2f8243b0d573587f285c830a868acd19249d17d59ecbf9329e796dfed6fb630"}
{"seq":6,"ts":1781814060000,"agent_id":"persona-team","symbol":"SOLUSDT","side":"buy","price":69.80075241123896,"quantity":3.261815355923593,"notional_usd":227.67716607,"fee_usd":0.136606299642,"balance_before_usd":9997.421303073977,"balance_after_usd":9997.23657713282,"decision":"ALLOW","cert_hash":"2842b9cc00a1a4d67f6e24f22abe027e3b2326e759eef8e75b35a1ccdfd0bf86","prev_hash":"77f3427d3b88f71cd41b245e5d00c8b26fecf0251006a09e0db071cd1acc997a","record_hash":"e3662d6de7a8ac3e82d7248f06e4ae5ce92c01af4d5bc03a436f5d3a19a07436","signature_hex":"cb81298b85d6ad97ab0876c3c4dcba22af56c06642048d845b75698fb2e6c52110f569e4b7a13a9c3be5d718720e9dd63ee7ada78f4a9719baa8f8bc0ab7d50c","public_key_hex":"c2f8243b0d573587f285c830a868acd19249d17d59ecbf9329e796dfed6fb630"}
{"seq":7,"ts":1781814180000,"agent_id":"persona-team","symbol":"SOLUSDT","side":"sell","price":69.78211430073257,"quantity":3.8068957766906064,"notional_usd":265.65323622,"fee_usd":0.159391941732,"balance_before_usd":9997.236569547975,"balance_after_usd":9997.020509300568,"decision":"ALLOW","cert_hash":"1fb38586ba905862fe901a3b15447148e57a778436631b4a93a6f7f4e26907b8","prev_hash":"e3662d6de7a8ac3e82d7248f06e4ae5ce92c01af4d5bc03a436f5d3a19a07436","record_hash":"9de2c12e6b8ed64ad04b9e031170e13768937f9476e08f6603c34c6d56de6f54","signature_hex":"0c240fd38958832a9ad3371c0163c7ca8233cc6746391f9a739d0096d45e37ff1fd52e19ea308ce507a0f0e55541e5a943b27acdb25aacf6698b83c428888909","public_key_hex":"c2f8243b0d573587f285c830a868acd19249d17d59ecbf9329e796dfed6fb630"}
{"seq":8,"ts":1781814600000,"agent_id":"persona-team","symbol":"SOLUSDT","side":"buy","price":69.7601902291768,"quantity":5.098867300554341,"notional_usd":355.69795284,"fee_usd":0.21341877170400003,"balance_before_usd":9997.21850373659,"balance_after_usd":9996.927632002049,"decision":"ALLOW","cert_hash":"4cb35f51585398c397785e403754b3381c4f6f9acc7ba07a16ed8a5f09810e1e","prev_hash":"9de2c12e6b8ed64ad04b9e031170e13768937f9476e08f6603c34c6d56de6f54","record_hash":"4721b39ba61bdb54223d3746ece95bb6e6749f58c1ef67037ef14407a2dfc8e1","signature_hex":"2cb22361d306f28738c504d0c20b29951a826fe48950eedb20eb3fd4152ad1d85cc43d20c62aac83d61596bce8b8c050152d4db05b5185eb6495da3be171f608","public_key_hex":"c2f8243b0d573587f285c830a868acd19249d17d59ecbf9329e796dfed6fb630"}
{"seq":9,"ts":1781814720000,"agent_id":"persona-team","symbol":"SOLUSDT","side":"sell","price":69.80767863117352,"quantity":5.570587817488966,"notional_usd":388.86980415,"fee_usd":0.23332188249000002,"balance_before_usd":9997.028351997458,"balance_after_usd":9996.709681084436,"decision":"ALLOW","cert_hash":"e00de6e5dc60e50346e40fc70ac3edc42904d731d56ee126de660f1e113f555a","prev_hash":"4721b39ba61bdb54223d3746ece95bb6e6749f58c1ef67037ef14407a2dfc8e1","record_hash":"7cfbe9663cd1fc3b28177fe3bcbd6087a687a0976bc71dc6f0cb371f428afd14","signature_hex":"4044975df4d54586cfc1c426dbd70301f69982cbfc3570b41b671ac7e684e8382501f85faf3ce4c1b687e0952d3eb401e74150b2a7d5e39b0dcb31c52c3d2b05","public_key_hex":"c2f8243b0d573587f285c830a868acd19249d17d59ecbf9329e796dfed6fb630"}
{"seq":10,"ts":1781814840000,"agent_id":"persona-team","symbol":"SOLUSDT","side":"sell","price":69.85925500263069,"quantity":3.1588552514865786,"notional_usd":220.67527453,"fee_usd":0.13240516471799998,"balance_before_usd":9996.491436487358,"balance_after_usd":9996.312454010267,"decision":"ALLOW","cert_hash":"4b00942f277727a45665c32c790d804480e24f44ef74811fdc6bd7ac18ba3c89","prev_hash":"7cfbe9663cd1fc3b28177fe3bcbd6087a687a0976bc71dc6f0cb371f428afd14","record_hash":"6b24bac23063230b8d89d724d84c550023f73c399b5af26d3132d319b387e32e","signature_hex":"5defeec7f84ccbde91d15120b1597ff3e500e1adb5e4e7e0ec8e20583923b5abcd32aa4ac4bd4a5a08738b06a5d9d6f17844a5f8e11b71f50898af4ee741da0a","public_key_hex":"c2f8243b0d573587f285c830a868acd19249d17d59ecbf9329e796dfed6fb630"}
{"seq":11,"ts":1781814900000,"agent_id":"persona-team","symbol":"SOLUSDT","side":"buy","price":69.78515473149935,"quantity":9.037116027276452,"notional_usd":630.65654029,"fee_usd":0.378393924174,"balance_before_usd":9997.093460923303,"balance_after_usd":9996.56907481618,"decision":"ALLOW","cert_hash":"599da57df5e67d34496a8bf2ff215368d6357a0e43c1345306b2fb1c75a740db","prev_hash":"6b24bac23063230b8d89d724d84c550023f73c399b5af26d3132d319b387e32e","record_hash":"a7ad911a2c0e71a73d71e8cad8e50307d98059d7cbd0868c8c84061930378701","signature_hex":"a0405fa1eef07aa5e3dcba9bafb060c62650b51cd464f7a8d0f8ce7561cead7aa1d27d0d7e3ecca882422b7440d172e8e591f432b0d31fcb9daa21d144996f03","public_key_hex":"c2f8243b0d573587f285c830a868acd19249d17d59ecbf9329e796dfed6fb630"}
{"seq":12,"ts":1781815080000,"agent_id":"persona-team","symbol":"SOLUSDT","side":"sell","price":69.80293673208638,"quantity":4.516162170080914,"notional_usd":315.24138223,"fee_usd":0.189144829338,"balance_before_usd":9996.647423608765,"balance_after_usd":9996.390250618719,"decision":"ALLOW","cert_hash":"26f493a7b0a5f7bb073b45664961720454778e4a5d66fbabb5aae3cc876cc735","prev_hash":"a7ad911a2c0e71a73d71e8cad8e50307d98059d7cbd0868c8c84061930378701","record_hash":"2769db718ee7d8de93f8a7c668da0379d21c6807a5f55649dfa68333c5e034f1","signature_hex":"287e50e0a45f0a61864862b475d0bae7374a498d6972d0fe8b9469990dc0b395982c9d3e8deb01617ee0732a2de23cfbb0d49687097a0c84ef39424d493b1408","public_key_hex":"c2f8243b0d573587f285c830a868acd19249d17d59ecbf9329e796dfed6fb630"}
{"seq":13,"ts":1781815140000,"agent_id":"persona-team","symbol":"SOLUSDT","side":"sell","price":69.82622874642979,"quantity":3.296601465130244,"notional_usd":230.18924799,"fee_usd":0.138113548794,"balance_before_usd":9996.323154852675,"balance_after_usd":9996.136346367719,"decision":"ALLOW","cert_hash":"c0fd8d3fd07d15b8e1a79fe4c1950d2887eb8bde84d1da1f0218a51939014d7e","prev_hash":"2769db718ee7d8de93f8a7c668da0379d21c6807a5f55649dfa68333c5e034f1","record_hash":"be70922feda14d036b7d8d4f2c3a584affd086c43dc3ffd8fc81eed668454efe","signature_hex":"d1d7cb61b2b380470ca9cb9ff3370875c1bd8336ee3fc3bbe2f6cf724872ef4d80fbea2a644b666fb2f13a2f24ee6d1bad3071f272f2ddcc2a8a02482f2ea20a","public_key_hex":"c2f8243b0d573587f285c830a868acd19249d17d59ecbf9329e796dfed6fb630"}
{"seq":14,"ts":1781815380000,"agent_id":"persona-team","symbol":"SOLUSDT","side":"buy","price":69.83131772203782,"quantity":5.553202848521066,"notional_usd":387.78747249,"fee_usd":0.23267248349400002,"balance_before_usd":9996.291691584831,"balance_after_usd":9995.973956683683,"decision":"ALLOW","cert_hash":"f62053db9fb8a4b328147c7b82a8bb74dbaac289d44c5e8c25a5fde6fd674b04","prev_hash":"be70922feda14d036b7d8d4f2c3a584affd086c43dc3ffd8fc81eed668454efe","record_hash":"fe265b2fd95d8fea853cb8ff35264877bf7f2b7d3e37b9714ba5a21ea2abc1ab","signature_hex":"f5ecf7d0f127b08da5bb9df35be37ea298bf315dedeba2e1ee4cd8d4b2dd291002130a987164b40b7f25d02465a01101c58d484a23e0d34a928b73c42115f901","public_key_hex":"c2f8243b0d573587f285c830a868acd19249d17d59ecbf9329e796dfed6fb630"}
{"seq":15,"ts":1781815440000,"agent_id":"persona-team","symbol":"SOLUSDT","side":"sell","price":69.83454168409912,"quantity":6.105702332361495,"notional_usd":426.38892404,"fee_usd":0.255833354424,"balance_before_usd":9995.951496085261,"balance_after_usd":9995.601278855387,"decision":"ALLOW","cert_hash":"143f7b1e92862a463c8cb4559d312a4ff44c9199851fb610c52a849f84463fe7","prev_hash":"fe265b2fd95d8fea853cb8ff35264877bf7f2b7d3e37b9714ba5a21ea2abc1ab","record_hash":"6877ace6e815594bfa13928b7262efd26c547dc825fefb905f03d269aacc4e6e","signature_hex":"2c7c345b7a7d298542ebbbd88a1367f252579e4e42033f34a0107f07ce124b826e4fa475c71939bcc3bfa41dc04bda46b08968344a8f0ba2d9b34a1e31b80204","public_key_hex":"c2f8243b0d573587f285c830a868acd19249d17d59ecbf9329e796dfed6fb630"}
{"seq":16,"ts":1781815500000,"agent_id":"persona-team","symbol":"SOLUSDT","side":"buy","price":69.7941893396058,"quantity":9.169499715456036,"notional_usd":639.97779929,"fee_usd":0.383986679574,"balance_before_usd":9996.088453043505,"balance_after_usd":9995.556018219024,"decision":"ALLOW","cert_hash":"5292c22838061264d49007589d5b34a02139a62259a564b89c39f7e7b50571c2","prev_hash":"6877ace6e815594bfa13928b7262efd26c547dc825fefb905f03d269aacc4e6e","record_hash":"ba9b70c999fb35154246aa05580220c6c2a6cc26493dde454bad427da5c1dc90","signature_hex":"b12f2c608f80ae9bbf10356ba39d34036b22ad3b19a90fdfb16ab78103cb8080b73aac86822c7e2272fec7b2e722e8155764a91e631c985e99e346ae05d37f02","public_key_hex":"c2f8243b0d573587f285c830a868acd19249d17d59ecbf9329e796dfed6fb630"}
{"seq":17,"ts":1781815800000,"agent_id":"persona-team","symbol":"SOLUSDT","side":"sell","price":69.81347303297203,"quantity":6.408286832238038,"notional_usd":447.38475995,"fee_usd":0.26843085597,"balance_before_usd":9995.678580987927,"balance_after_usd":9995.31064887361,"decision":"ALLOW","cert_hash":"5c5e892280aa17afebec85b0b9206f62f8a288686433609ec0ff22e20139a1b6","prev_hash":"ba9b70c999fb35154246aa05580220c6c2a6cc26493dde454bad427da5c1dc90","record_hash":"dccada689f02f9d3b6918e09d869887851c19231df5f8cd48c57d40a7597eb6c","signature_hex":"fab798f07cea8da5977d71d90f58a9388a21f6dabcd6f5d8a377b0057a2cf4761e57e60ab0179bdd908fb72114a69d32a566bf7b428ba15ffdceeba759eae103","public_key_hex":"c2f8243b0d573587f285c830a868acd19249d17d59ecbf9329e796dfed6fb630"}
{"seq":18,"ts":1781815860000,"agent_id":"persona-team","symbol":"SOLUSDT","side":"buy","price":69.81512663047066,"quantity":4.784703308325835,"notional_usd":334.04466736,"fee_usd":0.20042680041600003,"balance_before_usd":9995.426796636877,"balance_after_usd":9995.153993397604,"decision":"ALLOW","cert_hash":"e3957ca94f5a0cb0a8c24fa339207dacb3324d51d89b9dc215084c7ecda14cc0","prev_hash":"dccada689f02f9d3b6918e09d869887851c19231df5f8cd48c57d40a7597eb6c","record_hash":"5af562d3352f58dba1d16199e7a27dc91d5303421026885e9787b154af80911d","signature_hex":"2f43a6b57f0b451ad663e8099b5590719460a60eb64e754db5c0e4e1244ff29d39895b62802832e9b897a4630df59b0e488c07c6f36cf5a220689b251a125103","public_key_hex":"c2f8243b0d573587f285c830a868acd19249d17d59ecbf9329e796dfed6fb630"}
{"seq":19,"ts":1781815920000,"agent_id":"persona-team","symbol":"SOLUSDT","side":"sell","price":69.83429308698523,"quantity":7.125099958414722,"notional_usd":497.57631877,"fee_usd":0.29854579126200004,"balance_before_usd":9995.192973798765,"balance_after_usd":9994.782514682234,"decision":"ALLOW","cert_hash":"24447b83de0e01339f025524d0c494b2b500d33e5edd32b0c0cd31047e12678b","prev_hash":"5af562d3352f58dba1d16199e7a27dc91d5303421026885e9787b154af80911d","record_hash":"f3b46e8389a16cb557d17750464837f22f12edbfd94f2a88ee60821786d785aa","signature_hex":"71d0e6552eba57ba2f96ca04cbbc0c4c03eef0aa7d03b45a74f8f0b67df0817684fd58ea83fc9ee6b69c2d72666b5e25800a8a6096ac72cafad3a1420a00cf04","public_key_hex":"c2f8243b0d573587f285c830a868acd19249d17d59ecbf9329e796dfed6fb630"}
{"seq":20,"ts":1781816280000,"agent_id":"persona-team","symbol":"SOLUSDT","side":"buy","price":69.80314050258517,"quantity":8.95926470194903,"notional_usd":625.38481279,"fee_usd":0.3752308876739999,"balance_before_usd":9995.182280674151,"balance_after_usd":9994.662442751394,"decision":"ALLOW","cert_hash":"07c7e7ffeb8e5cf52ea6863c2586b2fd65a5400d640fc24e22dfdf4928225010","prev_hash":"f3b46e8389a16cb557d17750464837f22f12edbfd94f2a88ee60821786d785aa","record_hash":"2131fae998b7cfe41bfe975e8386b91a5c6ad29b7103ab4457a5c7404572068f","signature_hex":"473d4e34f1da20f190fd2b38695a0a72bcaf7633026dbb11a4fd0bc796ca5e19deef160aad70fe63dccb9ecb7ddad450aac816a81a9c75ad18e13917b015b00a","public_key_hex":"c2f8243b0d573587f285c830a868acd19249d17d59ecbf9329e796dfed6fb630"}
{"seq":21,"ts":1781816460000,"agent_id":"persona-team","symbol":"SOLUSDT","side":"sell","price":69.84053642663348,"quantity":10.220117725181199,"notional_usd":713.77850427,"fee_usd":0.428267102562,"balance_before_usd":9994.845406845068,"balance_after_usd":9994.248880084524,"decision":"ALLOW","cert_hash":"7b95508dbb813287ee773cb4177890a1932af6f734ad6790d744a79e72c95718","prev_hash":"2131fae998b7cfe41bfe975e8386b91a5c6ad29b7103ab4457a5c7404572068f","record_hash":"413968ad784ee13a4346f0569ff93ceed11fd9aeebc3bce4e1123d9e7ff7b505","signature_hex":"34af86687671962c1e23e60ada1d78cec35c996562c24c284bd2b7e7920a3f44e59121a57421280d245008e8480dd3b0e3ffa8e6a86285199dab2d59ab7d3d0f","public_key_hex":"c2f8243b0d573587f285c830a868acd19249d17d59ecbf9329e796dfed6fb630"}
{"seq":22,"ts":1781816520000,"agent_id":"persona-team","symbol":"SOLUSDT","side":"buy","price":69.8051293879381,"quantity":8.911485079454483,"notional_usd":622.06736901,"fee_usd":0.373240421406,"balance_before_usd":9994.766111541696,"balance_after_usd":9994.24913432034,"decision":"ALLOW","cert_hash":"0e02c861cf1c73632f8cc54206b566eb1dfe10a04c92b3b063b7deef0803360f","prev_hash":"413968ad784ee13a4346f0569ff93ceed11fd9aeebc3bce4e1123d9e7ff7b505","record_hash":"9aef07a9e17b20c8019c327d82fc921481a3ccbe6a6318f6361dc1d581fd1725","signature_hex":"6d520be73595057859b1d8c39c2e2cecb99679342953510e54a9993a2766cc9d1ce13bdecc21fdd3f29154382c9bd7fec493fa4cdb035bed4847faac6b93100c","public_key_hex":"c2f8243b0d573587f285c830a868acd19249d17d59ecbf9329e796dfed6fb630"}
{"seq":23,"ts":1781816880000,"agent_id":"persona-team","symbol":"SOLUSDT","side":"sell","price":69.82893096906996,"quantity":4.515110547799344,"notional_usd":315.28534276,"fee_usd":0.18917120565599999,"balance_before_usd":9994.320917026997,"balance_after_usd":9994.063707480842,"decision":"ALLOW","cert_hash":"6518d7a58269a96469e69e81064448d241ec4b116fe5b0b2f4f0f22fdfccc976","prev_hash":"9aef07a9e17b20c8019c327d82fc921481a3ccbe6a6318f6361dc1d581fd1725","record_hash":"4946cce0c8dceb80596ce84c50b6ed4fc8f9bbeaafaf7f9144e4568bf1703995","signature_hex":"536108418beabbb9b957fa2090a73c5fb86351de987c1cccba0d5506bddcf5edbc86ee71b6d0799a42309ddce9b3c0fdd1837275758805f877ec11041776e005","public_key_hex":"c2f8243b0d573587f285c830a868acd19249d17d59ecbf9329e796dfed6fb630"}
{"seq":24,"ts":1781817000000,"agent_id":"persona-team","symbol":"SOLUSDT","side":"buy","price":69.76686966698665,"quantity":7.885145180883972,"notional_usd":550.12189614,"fee_usd":0.330073137684,"balance_before_usd":9994.362234730532,"balance_after_usd":9993.907026964684,"decision":"ALLOW","cert_hash":"e2799bd370ae96a4358d9b522c09854632207044b9b7935d271840745208b13c","prev_hash":"4946cce0c8dceb80596ce84c50b6ed4fc8f9bbeaafaf7f9144e4568bf1703995","record_hash":"d197c313014734a0550f2e3eb4c32eed7c7e1fbf4942212ab9314f11e9d1abb1","signature_hex":"e869375010da8a9e4112d9cf5f2dc5ef35fd622727d017ec08a0a4161803f11cddf6f65d572b901c9da8951086d5a4458eef9a1a824a48f2e26d87c336fdd90f","public_key_hex":"c2f8243b0d573587f285c830a868acd19249d17d59ecbf9329e796dfed6fb630"}
{"seq":25,"ts":1781817540000,"agent_id":"persona-team","symbol":"SOLUSDT","side":"sell","price":69.56332207322288,"quantity":3.1532510531787126,"notional_usd":219.35061859,"fee_usd":0.13161037115399998,"balance_before_usd":9993.098221732222,"balance_after_usd":9992.920328172999,"decision":"ALLOW","cert_hash":"5c8643849e8df37322dc6048ea23ebd59817849c8b43e4fb3e497acf21bf55bf","prev_hash":"d197c313014734a0550f2e3eb4c32eed7c7e1fbf4942212ab9314f11e9d1abb1","record_hash":"326a1d8f37242634708ce85c32aa60ccc2b9f93467043ce8a79da224d44d1cee","signature_hex":"9b8e5063299e5162032a45b49e711da0e4353a203f7ef0e4694fa8835a82893733859073569fe6880d7452bf618bdac7de85c7bd1cb0fecf14659fe0f17ec005","public_key_hex":"c2f8243b0d573587f285c830a868acd19249d17d59ecbf9329e796dfed6fb630"}
{"seq":26,"ts":1781818080000,"agent_id":"persona-team","symbol":"SOLUSDT","side":"sell","price":69.6402210450504,"quantity":3.499374096936766,"notional_usd":243.69718563,"fee_usd":0.146218311378,"balance_before_usd":9993.03751629797,"balance_after_usd":9992.839580894464,"decision":"ALLOW","cert_hash":"23eb510bb94ab5f10de92fd20d6f855d26ed1cf07d06cd1d6cce8381b5e0034a","prev_hash":"326a1d8f37242634708ce85c32aa60ccc2b9f93467043ce8a79da224d44d1cee","record_hash":"b5c98670fdfd54ac9ac1a0ba18e2e893017128747d4ebf21607aeeb9af178656","signature_hex":"e4fe23bb9558bb3a116f3066c29abdcbded2bc8dee728077c2f7f66b0589d520a492dd008bead108809240df771bb1e68784d25d82ec982636395b8a8df2d500","public_key_hex":"c2f8243b0d573587f285c830a868acd19249d17d59ecbf9329e796dfed6fb630"}
{"seq":27,"ts":1781818200000,"agent_id":"persona-team","symbol":"SOLUSDT","side":"sell","price":69.64229373723254,"quantity":3.1977950462154006,"notional_usd":222.70178192,"fee_usd":0.133621069152,"balance_before_usd":9992.835625993672,"balance_after_usd":9992.654977310292,"decision":"ALLOW","cert_hash":"7f6f50a7b911dd59e571583bf5f9a80baba30736b244e42293993c7500e2d009","prev_hash":"b5c98670fdfd54ac9ac1a0ba18e2e893017128747d4ebf21607aeeb9af178656","record_hash":"96a74ae06a76558ffb21e662c83c76e30333f3ca435d5a648af0b624be2a4a9c","signature_hex":"660d620d07b07ed035fac377c1fe7a1d131bc955723c616ad35488ae1b77c24f0c39eeb754423f834e9909fdd955098627dc762c9486a350bc208f48d59ce605","public_key_hex":"c2f8243b0d573587f285c830a868acd19249d17d59ecbf9329e796dfed6fb630"}
{"seq":28,"ts":1781818560000,"agent_id":"persona-team","symbol":"SOLUSDT","side":"buy","price":69.67596267870277,"quantity":4.242865076916422,"notional_usd":295.62570875,"fee_usd":0.17737542525,"balance_before_usd":9992.634276328525,"balance_after_usd":9992.393416276349,"decision":"ALLOW","cert_hash":"e7f9591e605ed5e7bae82d4844d878578b53514f639dfacaa8d6832ac28b8a92","prev_hash":"96a74ae06a76558ffb21e662c83c76e30333f3ca435d5a648af0b624be2a4a9c","record_hash":"a9ee4eb443c535d64674af58121f4c60a2b0541c93667e0c51df7ae4df2e1724","signature_hex":"e05585402cbb551e315bfbfe643d8bdb15813b58907449d25ae4725a328bc1f9d10ffe6dfa5958e3b634378a5317049a7ba65f2554d75425105fa2c85bbbbc03","public_key_hex":"c2f8243b0d573587f285c830a868acd19249d17d59ecbf9329e796dfed6fb630"}
{"seq":29,"ts":1781818620000,"agent_id":"persona-team","symbol":"SOLUSDT","side":"buy","price":69.5568905466627,"quantity":4.057588133855149,"notional_usd":282.23321371,"fee_usd":0.169339928226,"balance_before_usd":9992.504369539818,"balance_after_usd":9992.274609906146,"decision":"ALLOW","cert_hash":"cc7666093dc49844d74135840b003df83d8f456489e26d539e15f702141e2a26","prev_hash":"a9ee4eb443c535d64674af58121f4c60a2b0541c93667e0c51df7ae4df2e1724","record_hash":"608957c6aee1ed7e04644ea9a5c4d9976ba55ebeff50d5e81d347a15c9bc4fd7","signature_hex":"06dc1f15634ff6d40753c3fa40cd0dc6bd78a755c3e1649820ea94cc2aa0279ea81839f7552b34f025c83c3a404984388662f790aa2ccce447c476ea9debcf05","public_key_hex":"c2f8243b0d573587f285c830a868acd19249d17d59ecbf9329e796dfed6fb630"}
{"seq":30,"ts":1781819640000,"agent_id":"persona-team","symbol":"SOLUSDT","side":"sell","price":69.46435064953603,"quantity":3.125866844210546,"notional_usd":217.13631055,"fee_usd":0.13028178633,"balance_before_usd":9992.077721816728,"balance_after_usd":9991.901648111492,"decision":"ALLOW","cert_hash":"e28848235f0ef3506dc078f5238331748320d674ff0c20ed6f292d2b51015539","prev_hash":"608957c6aee1ed7e04644ea9a5c4d9976ba55ebeff50d5e81d347a15c9bc4fd7","record_hash":"e8df20cde7f085ee61cf5dd6afe0a40834bea89f7250d2408cb384cb13e33cf4","signature_hex":"9b987a31c7ee883bceeffa1b75e9fe5ab8aef68b24c84bf7847e66f02b2795b2c6b56eb05e4c402c8b10d75f8d10f990444ee87d2cf629cde8c7f8195a9ed303","public_key_hex":"c2f8243b0d573587f285c830a868acd19249d17d59ecbf9329e796dfed6fb630"}
{"seq":31,"ts":1781819700000,"agent_id":"persona-team","symbol":"SOLUSDT","side":"sell","price":69.52860950863192,"quantity":6.1321357161193895,"notional_usd":426.35886966,"fee_usd":0.255815321796,"balance_before_usd":9991.901605271576,"balance_after_usd":9991.551413367972,"decision":"ALLOW","cert_hash":"ea881513a841761e4593efd8cac6fa25b14d4d2c1878fde6c88b4455dc879e29","prev_hash":"e8df20cde7f085ee61cf5dd6afe0a40834bea89f7250d2408cb384cb13e33cf4","record_hash":"544fa4bf3d3ee4c5206a082f9be27550ea151743bceb44b5585b502cfbdbf632","signature_hex":"4e30ada192af3174b225c23e3f63d9cfa6e8e9c9d3009becc545efc86db5ed6edf872330a5cbab691560011a3edbccfd0afcadef199c06843f576c5714c1a40f","public_key_hex":"c2f8243b0d573587f285c830a868acd19249d17d59ecbf9329e796dfed6fb630"}
{"seq":32,"ts":1781820000000,"agent_id":"persona-team","symbol":"SOLUSDT","side":"buy","price":69.54514896003587,"quantity":5.137616161773129,"notional_usd":357.29628127,"fee_usd":0.21437776876200001,"balance_before_usd":9991.637272495058,"balance_after_usd":9991.345065184381,"decision":"ALLOW","cert_hash":"8ccb4142e6493d088d91e58d9be0ad1b382f92a7e480e6b58d867e489a93362d","prev_hash":"544fa4bf3d3ee4c5206a082f9be27550ea151743bceb44b5585b502cfbdbf632","record_hash":"121a69685a4d5b36487df212e7af20629f6c2273c8bf7b2b757171c4503ecd0c","signature_hex":"9f6067a0500a08eda50ea7b0be6e50b92200894ef005a9772f485eae32d5ad1041019c346e8f3bdc956c2db995b8dd6c99f03392852535a7ae73538aea33e200","public_key_hex":"c2f8243b0d573587f285c830a868acd19249d17d59ecbf9329e796dfed6fb630"}
{"seq":33,"ts":1781820060000,"agent_id":"persona-team","symbol":"SOLUSDT","side":"sell","price":69.56167564769494,"quantity":5.825703747742146,"notional_usd":405.24571452,"fee_usd":0.24314742871199996,"balance_before_usd":9991.298291788771,"balance_after_usd":9990.965869223404,"decision":"ALLOW","cert_hash":"601c0eff6bcfd15d5aaf3d75ea7d947bd5c161b1b6010c4bf7f0eb3e10af493a","prev_hash":"121a69685a4d5b36487df212e7af20629f6c2273c8bf7b2b757171c4503ecd0c","record_hash":"bb1bc907599629d85541c7950d0dc8562a7454948191d35e0c8ac67750c4894e","signature_hex":"8b6c24775f5d17d2ae832651c5b1422bd07ac482fc121b996bff25450db8c46bd96475926781c1c079f75bc04008d5e0d6b5b7166f5cafd6f044813829b22407","public_key_hex":"c2f8243b0d573587f285c830a868acd19249d17d59ecbf9329e796dfed6fb630"}
{"seq":34,"ts":1781820120000,"agent_id":"persona-team","symbol":"SOLUSDT","side":"buy","price":69.53355264175632,"quantity":6.819356743973539,"notional_usd":474.17410114,"fee_usd":0.28450446068400004,"balance_before_usd":9991.368301283692,"balance_after_usd":9990.97773781056,"decision":"ALLOW","cert_hash":"252332319c91cba026fa77e86a9779a7309c324938dd6a9d2d8efcdfd3ec2af4","prev_hash":"bb1bc907599629d85541c7950d0dc8562a7454948191d35e0c8ac67750c4894e","record_hash":"6c1a1e516e978b39d7cd5501175fd6897017ab19a1cecc2d37c8ec7cd5e3de1b","signature_hex":"7cbde971ed7e00165c01497f32b49713da3c4d63b40745dbbe6ea9e4e626566d0850bc30346af2d767fefb839c11e39d55a48e2cd9d576ad7d8f97185d72da0b","public_key_hex":"c2f8243b0d573587f285c830a868acd19249d17d59ecbf9329e796dfed6fb630"}
{"seq":35,"ts":1781820240000,"agent_id":"persona-team","symbol":"SOLUSDT","side":"buy","price":69.45068455650971,"quantity":3.303691811753264,"notional_usd":229.44365789,"fee_usd":0.13766619473400002,"balance_before_usd":9990.977862912527,"balance_after_usd":9990.791683468693,"decision":"ALLOW","cert_hash":"2d9c3f63809e8882f68d6b8859cc3d92617b7868d7973cc6ca55762597ac8d63","prev_hash":"6c1a1e516e978b39d7cd5501175fd6897017ab19a1cecc2d37c8ec7cd5e3de1b","record_hash":"d9386631e81a367a6bc96ee6dc5d349a274ab46afb9b20f7cfbc9218448e8ffb","signature_hex":"d0470e218a909b20737678caa1feee95337c23634209af5a3de981ca8162525e8f2730476d3586dc86b01c5213ebbc0bfc09eacb520e29ab5e37fda1a16cfd0e","public_key_hex":"c2f8243b0d573587f285c830a868acd19249d17d59ecbf9329e796dfed6fb630"}
{"seq":36,"ts":1781820360000,"agent_id":"persona-team","symbol":"SOLUSDT","side":"sell","price":69.49326235580703,"quantity":3.4648631658300526,"notional_usd":240.78464501,"fee_usd":0.144470787006,"balance_before_usd":9991.029439433507,"balance_after_usd":9990.833904725987,"decision":"ALLOW","cert_hash":"64ba9dbc8a3d3cb5a9139a193997655f57d231b6ec27d17f7eed980c1f03a61c","prev_hash":"d9386631e81a367a6bc96ee6dc5d349a274ab46afb9b20f7cfbc9218448e8ffb","record_hash":"0d4f824adb213e49b1be77427941601741b743f75f5c04c985ea656520b81f41","signature_hex":"e35774117681007c5ac36895e7851b812d903223921177cf9059ce3b18df9e585edbaae890bb1b847892002426256ba35eb5a308d4915d707215d2b928e9170d","public_key_hex":"c2f8243b0d573587f285c830a868acd19249d17d59ecbf9329e796dfed6fb630"}
{"seq":37,"ts":1781820540000,"agent_id":"persona-team","symbol":"SOLUSDT","side":"sell","price":69.5179145036943,"quantity":4.881096672886638,"notional_usd":339.32366119,"fee_usd":0.203594196714,"balance_before_usd":9990.82983730129,"balance_after_usd":9990.552609338749,"decision":"ALLOW","cert_hash":"4cb8f8d0f6a1fc2cb19036e6d0d607a9862d5d0eedf5dbcda15310355eac06f5","prev_hash":"0d4f824adb213e49b1be77427941601741b743f75f5c04c985ea656520b81f41","record_hash":"3d40fad70ed52a6704192381b48bf42b53c2720c9ff08ef2a3e6f66f1f49fde9","signature_hex":"5b987d3e980433c3bbe7d4f9ad24c5d81750adafee93cfd69e8d096b14cf16fad85141e4919aa0493a43665bdea22b18bf345982a221fdcf47fa9e742a787a09","public_key_hex":"c2f8243b0d573587f285c830a868acd19249d17d59ecbf9329e796dfed6fb630"}
{"seq":38,"ts":1781820600000,"agent_id":"persona-team","symbol":"SOLUSDT","side":"sell","price":69.60013476030296,"quantity":8.019883080001815,"notional_usd":558.18494313,"fee_usd":0.33491096587799996,"balance_before_usd":9990.133974464909,"balance_after_usd":9989.671826131625,"decision":"ALLOW","cert_hash":"b906c9572aba9c80addceae14ff4d3c9f73308b0cef3101c9488160bac0cb426","prev_hash":"3d40fad70ed52a6704192381b48bf42b53c2720c9ff08ef2a3e6f66f1f49fde9","record_hash":"1a9cb2021c2a0698626a7247a22c99f27a597496e5a95542b924eaad689d079c","signature_hex":"2acdb6406eefdd438e129452f8381261958bf7eb223e44f82f9b4198ec966d60932c00e07a73b94b7f49a6570df28b7bb808d30f3bbc2a080637df56af199701","public_key_hex":"c2f8243b0d573587f285c830a868acd19249d17d59ecbf9329e796dfed6fb630"}
{"seq":39,"ts":1781820660000,"agent_id":"persona-team","symbol":"SOLUSDT","side":"buy","price":69.56088266423573,"quantity":8.15597314482745,"notional_usd":567.33669094,"fee_usd":0.340402014564,"balance_before_usd":9990.599347180218,"balance_after_usd":9990.129406582679,"decision":"ALLOW","cert_hash":"ed118ad4a2cb29faff754ae9048668af280154380c6e65e25736e273d7a884d2","prev_hash":"1a9cb2021c2a0698626a7247a22c99f27a597496e5a95542b924eaad689d079c","record_hash":"b4efb7f41f667de17ddabc6116a72b4b80c26263ab3d2c01b0a23f1e7741c662","signature_hex":"9ee6ba0ab8cb46a48177fb228bcedc188a19e652845e3cda35b3110aea3809821f15eec94186249b697b0393790180c949299e10cccae101ba909617c83edc0b","public_key_hex":"c2f8243b0d573587f285c830a868acd19249d17d59ecbf9329e796dfed6fb630"}
{"seq":40,"ts":1781820720000,"agent_id":"persona-team","symbol":"SOLUSDT","side":"sell","price":69.57295430186693,"quantity":4.663514425192284,"notional_usd":324.45447599,"fee_usd":0.194672685594,"balance_before_usd":9989.918375328054,"balance_after_usd":9989.65353681218,"decision":"ALLOW","cert_hash":"c6994a8963ce3c9062392cf0a3508e66cbef1ec003753b63c75be618d7c479e8","prev_hash":"b4efb7f41f667de17ddabc6116a72b4b80c26263ab3d2c01b0a23f1e7741c662","record_hash":"6d625691a8b1b68dc82f4a4a3f3f3270c1d785e1309d08921ed83a2cfea3b8fe","signature_hex":"5d329efd5837bb5a805a1976d7b6a24d3987ead9a68a565903f84f28eb4d7694f8f37d42ce06e116ef1abf276a4697585a189a3eab2e930fd1e6b81cf54c3b0f","public_key_hex":"c2f8243b0d573587f285c830a868acd19249d17d59ecbf9329e796dfed6fb630"}
{"seq":41,"ts":1781820960000,"agent_id":"persona-team","symbol":"SOLUSDT","side":"buy","price":69.5732229635519,"quantity":5.416142056512289,"notional_usd":376.8184589,"fee_usd":0.22609107534,"balance_before_usd":9989.940673352814,"balance_after_usd":9989.632132544357,"decision":"ALLOW","cert_hash":"4d88a5fdc17ec93ce4326bac075349134b8a72c41e4f616bec69cace538ed0e8","prev_hash":"6d625691a8b1b68dc82f4a4a3f3f3270c1d785e1309d08921ed83a2cfea3b8fe","record_hash":"8f0dcf3d419a61646ba6647acb7e3b334659ca1114d195a39a945e7f5c8857b4","signature_hex":"f20603cf817e7d3919111879d0c083a46dca2e3a1a21d6fe5793b5fecf490890503154c0bc93c556a523a6b9ea3da6537f9d4714768c297a4067a37166d2f00d","public_key_hex":"c2f8243b0d573587f285c830a868acd19249d17d59ecbf9329e796dfed6fb630"}
{"seq":42,"ts":1781821020000,"agent_id":"persona-team","symbol":"SOLUSDT","side":"buy","price":69.4786914401579,"quantity":7.450857189730969,"notional_usd":517.67580765,"fee_usd":0.31060548459000004,"balance_before_usd":9990.026864760992,"balance_after_usd":9989.599344596683,"decision":"ALLOW","cert_hash":"4f77072e99ded12126d11cc6a47d4b18af93d7264ad6918866ef86172b187022","prev_hash":"8f0dcf3d419a61646ba6647acb7e3b334659ca1114d195a39a945e7f5c8857b4","record_hash":"39e50d812dc94d80d8517890595c68e3bf324b1c9c9b16875def24b60f26dfce","signature_hex":"eaa85bca85926ad9d70ac59641e9b4a2cdd75fa734768f33fdfab6b1df8818e2ff1c85eb4b2598e072b3724ec540c9079e1f5546bb44d3773d2b154a11c22c0c","public_key_hex":"c2f8243b0d573587f285c830a868acd19249d17d59ecbf9329e796dfed6fb630"}
{"seq":43,"ts":1781822520000,"agent_id":"persona-team","symbol":"SOLUSDT","side":"sell","price":69.36741503262158,"quantity":2.94765942487323,"notional_usd":204.4715147,"fee_usd":0.12268290882,"balance_before_usd":9989.332386317445,"balance_after_usd":9989.166711892072,"decision":"ALLOW","cert_hash":"98f0abc0222e713b054fe8f6b8a7fa813c5f2001cfe0b00b6a6c2e458f46b56a","prev_hash":"39e50d812dc94d80d8517890595c68e3bf324b1c9c9b16875def24b60f26dfce","record_hash":"04756e6dd9161329461276c7c575fa40aaa5e1caa3724dcc8e38e2bcf3737352","signature_hex":"41a593374c1f334c63d5b7cb237e5575225911f5b95854ec49064f6b4bebfe42f4caef4a9a2db3ede935076fc85a518f6442cde317ff67c9d8ad4d4e5aa4c004","public_key_hex":"c2f8243b0d573587f285c830a868acd19249d17d59ecbf9329e796dfed6fb630"}
{"seq":44,"ts":1781822640000,"agent_id":"persona-team","symbol":"SOLUSDT","side":"sell","price":69.40934506003146,"quantity":3.199682071310692,"notional_usd":222.08783697,"fee_usd":0.133252702182,"balance_before_usd":9989.181333007684,"balance_after_usd":9989.001189156828,"decision":"ALLOW","cert_hash":"d150fb975523c830c37bdea7b9576d2c9cafcab950c540f30dafd3a587c27b30","prev_hash":"04756e6dd9161329461276c7c575fa40aaa5e1caa3724dcc8e38e2bcf3737352","record_hash":"3064f3b70c0031bb3a5650a26b8e29a968d2487269821158b1b283a62364ebdf","signature_hex":"e498b9d1ba437382d8e8db602e4d742b733aa736736a98f9eb6727e3cc60f6bd254359e4a585b5507cdfe9319559680514e39d3108728f7bd16e877ddef8b70f","public_key_hex":"c2f8243b0d573587f285c830a868acd19249d17d59ecbf9329e796dfed6fb630"}
{"seq":45,"ts":1781822700000,"agent_id":"persona-team","symbol":"SOLUSDT","side":"buy","price":69.35476002964785,"quantity":3.70653432165448,"notional_usd":257.06579842,"fee_usd":0.15423947905200003,"balance_before_usd":9989.240720219595,"balance_after_usd":9989.031772184064,"decision":"ALLOW","cert_hash":"50a8d7f77474aa6fd90b475f0e8a31fc29da2e7d34822944f26fed018bb3a93f","prev_hash":"3064f3b70c0031bb3a5650a26b8e29a968d2487269821158b1b283a62364ebdf","record_hash":"234027078ab8eb84cd987379cd011f1fd1b1d4d62d5825c4b90f7edd0c835ceb","signature_hex":"57d8e8569cafe5ea0da7df454a168cddacf9a4a48e7319b33fd09d4327bf775ba6dee16beb219b4592c11e8971fd29db10ad5e97dc4effbaeae41fe272380f04","public_key_hex":"c2f8243b0d573587f285c830a868acd19249d17d59ecbf9329e796dfed6fb630"}
{"seq":46,"ts":1781822820000,"agent_id":"persona-team","symbol":"SOLUSDT","side":"sell","price":69.38317074939918,"quantity":8.1008927901276,"notional_usd":562.06562768,"fee_usd":0.337239376608,"balance_before_usd":9989.08221565305,"balance_after_usd":9988.616745214378,"decision":"ALLOW","cert_hash":"6e5e0a6256a0f5d15066546e7022044a97bb09bbd822ea0e68eb4db3b7f37ad6","prev_hash":"234027078ab8eb84cd987379cd011f1fd1b1d4d62d5825c4b90f7edd0c835ceb","record_hash":"3a40eaf18164230461d0d5d1730c4a7e3227493c8c57112109a7f6f1eb317602","signature_hex":"6fa2aa9de774ca22abcc034958c9362d22b7cb3597a4bad2a8328f4a86b5e6f2cf0039b8a2df5792dfd9f25f41adbd462ffbcdc6145c952030e5fa385e08160e","public_key_hex":"c2f8243b0d573587f285c830a868acd19249d17d59ecbf9329e796dfed6fb630"}
{"seq":47,"ts":1781822880000,"agent_id":"persona-team","symbol":"SOLUSDT","side":"sell","price":69.46618188166985,"quantity":7.966625753416129,"notional_usd":553.41107357,"fee_usd":0.33204664414199997,"balance_before_usd":9988.015333959,"balance_after_usd":9987.557270285997,"decision":"ALLOW","cert_hash":"36b8a201364c321cb4d7d935014ba69c5bb0b1c414337a9ba4869e12c17a1f1a","prev_hash":"3a40eaf18164230461d0d5d1730c4a7e3227493c8c57112109a7f6f1eb317602","record_hash":"2fc3f07ce56be3e228b62741b3a12d88ecf2ab0549b1a818aa4b037a78954085","signature_hex":"3e1a3e3718252d50352c3d43050c9cf42dc7629c49bf0d35226daeb64d2ef4454fbe64c8912ba4e7d4248f87885dce93ed68b8b851bd10bc38a15f88b927a50e","public_key_hex":"c2f8243b0d573587f285c830a868acd19249d17d59ecbf9329e796dfed6fb630"}
{"seq":48,"ts":1781823060000,"agent_id":"persona-team","symbol":"SOLUSDT","side":"buy","price":69.55571497381146,"quantity":3.332653042345655,"notional_usd":231.80506512,"fee_usd":0.139083039072,"balance_before_usd":9986.659730160914,"balance_after_usd":9986.471607219602,"decision":"ALLOW","cert_hash":"8c6699c27c8d8cc54d2d40d138379fa1e2e857028f010f923694cd9ff6e86f93","prev_hash":"2fc3f07ce56be3e228b62741b3a12d88ecf2ab0549b1a818aa4b037a78954085","record_hash":"b0f17fa46c6145c8f38aeb558ea9300b78c16a497bc11dd0e30f2e7a9363cd60","signature_hex":"2c6a05ff2d97d182bdedfdafbcc4a60141cb239cccfbc32e74a9322f3c469fed9b4edb0228cdd4005899528f9663d2086bc75b6899ca6c9fe855cd7972003b00","public_key_hex":"c2f8243b0d573587f285c830a868acd19249d17d59ecbf9329e796dfed6fb630"}
{"seq":49,"ts":1781823240000,"agent_id":"persona-team","symbol":"SOLUSDT","side":"buy","price":69.51894087605656,"quantity":4.301782046322852,"notional_usd":299.05533174,"fee_usd":0.179433199044,"balance_before_usd":9986.911163203275,"balance_after_usd":9986.667457611853,"decision":"ALLOW","cert_hash":"b3ee84cdb0b129e35bfcb189d03a4a04f20ac3d61962b050327c77be267ee4e6","prev_hash":"b0f17fa46c6145c8f38aeb558ea9300b78c16a497bc11dd0e30f2e7a9363cd60","record_hash":"d869ee81ddf508ef0f97edcefd811465e88ab5633b8107ef82e71cee384c4883","signature_hex":"ecd4f90b4d57194f187cb61858ef8b68f907b176c0ef73fe0d40f16721423f9ad09944309de157077890a52bd6aac97ee4d8e0af58b573e1243581778349950e","public_key_hex":"c2f8243b0d573587f285c830a868acd19249d17d59ecbf9329e796dfed6fb630"}
{"seq":50,"ts":1781823600000,"agent_id":"persona-team","symbol":"SOLUSDT","side":"buy","price":69.49088955228218,"quantity":4.11586020315388,"notional_usd":286.01478679,"fee_usd":0.171608872074,"balance_before_usd":9986.879644675173,"balance_after_usd":9986.646752487419,"decision":"ALLOW","cert_hash":"a72007246636dc6a70fbfa1273fa21ccddbd8ddf4f1948921d027461016b5c39","prev_hash":"d869ee81ddf508ef0f97edcefd811465e88ab5633b8107ef82e71cee384c4883","record_hash":"a1e8ff6e6e8f2c575cb158c2fce62b475e41cbaac591d7120a7b0a99da560fd8","signature_hex":"d6f3cb15af971ff26dde099b11f70fc096fb8af38ee09ad1c6e7bc4d4558d639b18ccc8965cce859a081fdc4a7547af8274d0defe04cacb9c7e7a1a918429103","public_key_hex":"c2f8243b0d573587f285c830a868acd19249d17d59ecbf9329e796dfed6fb630"}
{"seq":51,"ts":1781823780000,"agent_id":"persona-team","symbol":"SOLUSDT","side":"buy","price":69.47095126894452,"quantity":4.390591393216634,"notional_usd":305.01856072,"fee_usd":0.18301113643199998,"balance_before_usd":9986.71599747144,"balance_after_usd":9986.467341422262,"decision":"ALLOW","cert_hash":"0ef495ed3472f0220f0561f029f39772fa5ff1e2bbd0ef05f0b4779c4839d29c","prev_hash":"a1e8ff6e6e8f2c575cb158c2fce62b475e41cbaac591d7120a7b0a99da560fd8","record_hash":"162a8a029b658e09245d6c686a37f6f0890f69c775cc54f9d90f1bbf5d690601","signature_hex":"8404afaa5f75a11d14f7942516044fdb825c1aa6e6ffb2ff23994afa70b6925548b3ae93369f7bcf4219aee4015cab04e3fc4b39135f8a8066d725be17cc6a0c","public_key_hex":"c2f8243b0d573587f285c830a868acd19249d17d59ecbf9329e796dfed6fb630"}
{"seq":52,"ts":1781823960000,"agent_id":"persona-team","symbol":"SOLUSDT","side":"buy","price":69.35385556350519,"quantity":4.104746942141194,"notional_usd":284.68002655,"fee_usd":0.17080801593,"balance_before_usd":9986.358725385784,"balance_after_usd":9986.126939040982,"decision":"ALLOW","cert_hash":"81054ab94f8571052d49f04b5761c0c610f96f4fe9f20aac1396d78025b61761","prev_hash":"162a8a029b658e09245d6c686a37f6f0890f69c775cc54f9d90f1bbf5d690601","record_hash":"933af3a62d0f357b9b24df30ba6bbce3064c21f821d19504b7dd7e4cdf46f1ee","signature_hex":"2f69eae15a178783f6fe6dade368131a9bc4dac56689b7ce543b75b8831abf631b10f00732a65b87feddb4dfb16c8f1ecf88c53cf760cf5ee953c9667bddaa0f","public_key_hex":"c2f8243b0d573587f285c830a868acd19249d17d59ecbf9329e796dfed6fb630"}
{"seq":53,"ts":1781824320000,"agent_id":"persona-team","symbol":"SOLUSDT","side":"sell","price":69.37639702707568,"quantity":3.0142280180446344,"notional_usd":209.11627971,"fee_usd":0.125469767826,"balance_before_usd":9986.388659675964,"balance_after_usd":9986.219173218002,"decision":"ALLOW","cert_hash":"817038ac1e6d052be4f2d7b1051e4f826907075afc19c18134473ae5ab433f3e","prev_hash":"933af3a62d0f357b9b24df30ba6bbce3064c21f821d19504b7dd7e4cdf46f1ee","record_hash":"47ec08480fb01b6bf0fad3f36bacf1964402ba6aacac3471daf1e819993ba896","signature_hex":"9397d4dfa83dd15f01aa5f0e327f7b1d261cb67b58a7f955c9aac65f4dec834d76a24d44298594f133995deeb06f2e3b149d38943037b62ea054730f47f36d0a","public_key_hex":"c2f8243b0d573587f285c830a868acd19249d17d59ecbf9329e796dfed6fb630"}
{"seq":54,"ts":1781824800000,"agent_id":"persona-team","symbol":"SOLUSDT","side":"sell","price":69.38920327960872,"quantity":3.8070073538029767,"notional_usd":264.16520716,"fee_usd":0.15849912429600002,"balance_before_usd":9986.245418412513,"balance_after_usd":9986.030588064876,"decision":"ALLOW","cert_hash":"6fe4b316046a0c23e1b32b2602ba96a8462ebaf1f6a0c5b315d21c4d1e71672c","prev_hash":"47ec08480fb01b6bf0fad3f36bacf1964402ba6aacac3471daf1e819993ba896","record_hash":"0308882be8bf2cb88fd831c3987c65978e5fc25cb153693f06b0d3b97f7df8f9","signature_hex":"ea737d55b51994b80da4847391564b54a9b54533f2cfe30485886c927433a59300179d6c66d5fd0f5cb31cc3c7075add0611cf77d20d495efdb85be32f950c0d","public_key_hex":"c2f8243b0d573587f285c830a868acd19249d17d59ecbf9329e796dfed6fb630"}
{"seq":55,"ts":1781824980000,"agent_id":"persona-team","symbol":"SOLUSDT","side":"sell","price":69.41787338342392,"quantity":5.148809122051657,"notional_usd":357.41937971,"fee_usd":0.214451627826,"balance_before_usd":9985.978731823985,"balance_after_usd":9985.686396134746,"decision":"ALLOW","cert_hash":"34b6835b9b3ae427010162a63e0d0e5a7321f033629b46aa423c5771f255aa20","prev_hash":"0308882be8bf2cb88fd831c3987c65978e5fc25cb153693f06b0d3b97f7df8f9","record_hash":"316ec3a77298b14e39e71217ec817a577949969ae5ae90c396edc45d3eca4036","signature_hex":"5f888e460863773139e78052faea2b70762c088b85407975f5cbafedd4b9ef87a81630b15657ac137f42ee5f56ccdfdd2bf99bdb253867da17c3d141723f320e","public_key_hex":"c2f8243b0d573587f285c830a868acd19249d17d59ecbf9329e796dfed6fb630"}
{"seq":56,"ts":1781825160000,"agent_id":"persona-team","symbol":"SOLUSDT","side":"buy","price":69.42959875674353,"quantity":2.9671031506572154,"notional_usd":206.00478122,"fee_usd":0.123602868732,"balance_before_usd":9985.81126133122,"balance_after_usd":9985.64434244536,"decision":"ALLOW","cert_hash":"6a2104100fdf875047758b79b9b355e8a67315edcc0431e8f0cb202b4ec721e4","prev_hash":"316ec3a77298b14e39e71217ec817a577949969ae5ae90c396edc45d3eca4036","record_hash":"a7129712389bc8563e978c0b8666d320fd34f5f2555986f6c05af506556e5d15","signature_hex":"936746070afe4a1ceedb9c9bee71adf5d0830b0d07e25920a5ee02e2fd83d8eed688db1d5268ffb4cd956b71d099c5cd414d3e3ebdee1ca885db2ef9dd2dff0d","public_key_hex":"c2f8243b0d573587f285c830a868acd19249d17d59ecbf9329e796dfed6fb630"}
{"seq":57,"ts":1781825220000,"agent_id":"persona-team","symbol":"SOLUSDT","side":"sell","price":69.44991490310758,"quantity":9.090487079657322,"notional_usd":631.33355411,"fee_usd":0.37880013246600003,"balance_before_usd":9985.4418799827,"balance_after_usd":9984.91685848476,"decision":"ALLOW","cert_hash":"17689b4bf7dc7043419bc53be49a7afa651db38912d49c58c46eb61d0ee186e4","prev_hash":"a7129712389bc8563e978c0b8666d320fd34f5f2555986f6c05af506556e5d15","record_hash":"339b584788a0197d468c52233188ce4832b5b43231ae4108cf74b21aa74c25f2","signature_hex":"d3a712d425d2964697d0cf14930f6bb24ab69dafa3188678c7000e00fce846991f2fbb0a1d5cc3106dc6e4aaaf512b8a11735a0c4ddda5df7ef9fa74de7ecf06","public_key_hex":"c2f8243b0d573587f285c830a868acd19249d17d59ecbf9329e796dfed6fb630"}
{"seq":58,"ts":1781825280000,"agent_id":"persona-team","symbol":"SOLUSDT","side":"sell","price":69.46227106145432,"quantity":3.4575695205461603,"notional_usd":240.17063125,"fee_usd":0.14410237875,"balance_before_usd":9984.773194752584,"balance_after_usd":9984.578166044848,"decision":"ALLOW","cert_hash":"bddcc60efa326a82395bbef15782b1389d9755b2a6a481dad0e92354010ce9b5","prev_hash":"339b584788a0197d468c52233188ce4832b5b43231ae4108cf74b21aa74c25f2","record_hash":"5e702217a2babd6a7ffb6eaa52561c5aa696d72d8e56f49ad75e565d408c2861","signature_hex":"66a4cbd27aa995055754f528a0cb4fa31285b892d29e2ea4fe540d91084fc63c9c5ed0cfa041bcb21912a5e140a859a593d947f0284cf74ea8c28456d3694b06","public_key_hex":"c2f8243b0d573587f285c830a868acd19249d17d59ecbf9329e796dfed6fb630"}
{"seq":59,"ts":1781825580000,"agent_id":"persona-team","symbol":"SOLUSDT","side":"buy","price":69.64710237057888,"quantity":4.846339904911605,"notional_usd":337.53353148,"fee_usd":0.20252011888800003,"balance_before_usd":9982.017890179424,"balance_after_usd":9981.74217883934,"decision":"ALLOW","cert_hash":"40acd782e418800c44a17a4630a5614eb0fb3da1596d579cc30617232db4cfe1","prev_hash":"5e702217a2babd6a7ffb6eaa52561c5aa696d72d8e56f49ad75e565d408c2861","record_hash":"f387df952e68accecba110a1931545361b42c0025d389d7ffef817887a18cbb9","signature_hex":"c0ed5a3eacfbde13f5c8b80042f90d6327dcd563e3aba6164d745b604105e46d3022b4379f8e1c4d79036f01a1267e3ea51776bf334a4156df2e342476245602","public_key_hex":"c2f8243b0d573587f285c830a868acd19249d17d59ecbf9329e796dfed6fb630"}
{"seq":60,"ts":1781825640000,"agent_id":"persona-team","symbol":"SOLUSDT","side":"buy","price":69.57908410862433,"quantity":4.836560795693025,"notional_usd":336.5234704,"fee_usd":0.20191408224000001,"balance_before_usd":9982.535845524832,"balance_after_usd":9982.260976234182,"decision":"ALLOW","cert_hash":"c71e6b845b67e115c812e23840b345fae1430ea3f69dd24ce6aca9f39c9531f4","prev_hash":"f387df952e68accecba110a1931545361b42c0025d389d7ffef817887a18cbb9","record_hash":"fe41be041349efc0f72d27052e501bf630f9b2d7bdbe03c52d7e06062515b32f","signature_hex":"f981fd0ec701740e6b4eb74405b85db683dda7afd75f04694828ba8a24130a90498659e56bae7cb71ae21af2fc649cf787d1d0bf360d9003f390d4217435d608","public_key_hex":"c2f8243b0d573587f285c830a868acd19249d17d59ecbf9329e796dfed6fb630"}
{"seq":61,"ts":1781826240000,"agent_id":"persona-team","symbol":"SOLUSDT","side":"buy","price":69.64975719288036,"quantity":3.420219316778189,"notional_usd":238.21744496,"fee_usd":0.142930466976,"balance_before_usd":9981.775690658473,"balance_after_usd":9981.582287355346,"decision":"ALLOW","cert_hash":"99671d5aae693a29337e85398a67e95f6669b811867eb595cfac5fe2c3a45a5b","prev_hash":"fe41be041349efc0f72d27052e501bf630f9b2d7bdbe03c52d7e06062515b32f","record_hash":"b0a724e9799f2b5ae8eb6c87a2225774e38495040d4a33aab46ac05792350df5","signature_hex":"96946d05110a9f0b4a539d1d45e3bf559caa03b5f5680bd7de28f95fe7fb3a5b3287e8b20d36ab095a18eac21211b82aff45e433811c1137804a706de28e000d","public_key_hex":"c2f8243b0d573587f285c830a868acd19249d17d59ecbf9329e796dfed6fb630"}
{"seq":62,"ts":1781826360000,"agent_id":"persona-team","symbol":"SOLUSDT","side":"buy","price":69.59782003574774,"quantity":3.727781334196103,"notional_usd":259.44545443,"fee_usd":0.155667272658,"balance_before_usd":9981.759856372519,"balance_after_usd":9981.548943247228,"decision":"ALLOW","cert_hash":"3d07661776eafb7fcc63a1027c8a031f408b8a9fd562f16956947f8446af810b","prev_hash":"b0a724e9799f2b5ae8eb6c87a2225774e38495040d4a33aab46ac05792350df5","record_hash":"f171222e7387c759cf14eb1193383c0fd3cb398765736c05f93ed381b02e6ce2","signature_hex":"cfa1aeed3d073fe0e9976d41ad3b70fb8f7854c3e258e5eb0320610b60708c001c724003dddfd1a8abf7f4e2741549dd36df7534d6865b26b9e4a6d59ec0440f","public_key_hex":"c2f8243b0d573587f285c830a868acd19249d17d59ecbf9329e796dfed6fb630"}
{"seq":63,"ts":1781826480000,"agent_id":"persona-team","symbol":"SOLUSDT","side":"buy","price":69.51970274638097,"quantity":3.315300969148608,"notional_usd":230.47873789,"fee_usd":0.13828724273399998,"balance_before_usd":9981.524529828921,"balance_after_usd":9981.33749855686,"decision":"ALLOW","cert_hash":"35d349f3afca7a5934fa16ff01848e09eabb255850d1dca3f764be8906aa190a","prev_hash":"f171222e7387c759cf14eb1193383c0fd3cb398765736c05f93ed381b02e6ce2","record_hash":"2fde4b765cd6ebfae9ab645291cf5f243e4fb382e26bfb6bb190dfecebd3c6e3","signature_hex":"945dd8b1180bae01a5bd863b2a3820adaf3f30ab3791e21d4386507ce1ab9cf94117e7c898c7d72823e10e764c3464d67d752324c0878fbc020296363c0dce05","public_key_hex":"c2f8243b0d573587f285c830a868acd19249d17d59ecbf9329e796dfed6fb630"}
{"seq":64,"ts":1781826540000,"agent_id":"persona-team","symbol":"SOLUSDT","side":"sell","price":69.60041546371588,"quantity":6.861072785965596,"notional_usd":477.53351643,"fee_usd":0.286520109858,"balance_before_usd":9981.740239136641,"balance_after_usd":9981.346792389002,"decision":"ALLOW","cert_hash":"e641374fd060bde2dd38416d264c00897ccfe9557a675256479b0a9d70840db4","prev_hash":"2fde4b765cd6ebfae9ab645291cf5f243e4fb382e26bfb6bb190dfecebd3c6e3","record_hash":"9cb8c554e3c420ff999e626320f9e200a51bdceb9da0f7664c03a446d92c73dd","signature_hex":"f35752fdcaf71435bfb9ef5650a42a39b0bae51d03235c614b88633c35bb6e39213e2914005cb399c81e10f91aeb7679421f3a3d335e624a35dfddf13593870d","public_key_hex":"c2f8243b0d573587f285c830a868acd19249d17d59ecbf9329e796dfed6fb630"}
{"seq":65,"ts":1781826600000,"agent_id":"persona-team","symbol":"SOLUSDT","side":"sell","price":69.64102522302632,"quantity":4.30590070952676,"notional_usd":299.86733992,"fee_usd":0.179920403952,"balance_before_usd":9981.217481218026,"balance_after_usd":9980.973080911277,"decision":"ALLOW","cert_hash":"24051436b57dcd9e6e7abd00fb763f832a73594da5e9bff38a70cff283844984","prev_hash":"9cb8c554e3c420ff999e626320f9e200a51bdceb9da0f7664c03a446d92c73dd","record_hash":"dc9dc2dbabe06eff60dff5ad4817ccf2eb1a0d608f93bdd9c7000ab651cebf6d","signature_hex":"8ea26497c38b996a58004938d0788afb10a5fd7956241705394932146f9b6b629a979dd922432fb2ef630602b6b60cdfcfabaed8540a631c60815221404bb003","public_key_hex":"c2f8243b0d573587f285c830a868acd19249d17d59ecbf9329e796dfed6fb630"}
{"seq":66,"ts":1781826960000,"agent_id":"persona-team","symbol":"SOLUSDT","side":"buy","price":69.66935942137135,"quantity":5.884425046747909,"notional_usd":409.96412357,"fee_usd":0.245978474142,"balance_before_usd":9980.988158271244,"balance_after_usd":9980.65179843328,"decision":"ALLOW","cert_hash":"52b434f100f5f73c17cad130a3a459243a72628e43baa96e4c2356f7023e0dea","prev_hash":"dc9dc2dbabe06eff60dff5ad4817ccf2eb1a0d608f93bdd9c7000ab651cebf6d","record_hash":"45e342b78cf8d430cd6ddd2154f166686b443936909c470a3a2d4ea157fe493d","signature_hex":"1fff3befafc85bed8859695196c15da10d569b94557af4fa3a4dc7d246b2d4d77acdf4f4905fea83f9b42b1dba85a2d89c35000778e76cfbf94c7c7c4f02a400","public_key_hex":"c2f8243b0d573587f285c830a868acd19249d17d59ecbf9329e796dfed6fb630"}
{"seq":67,"ts":1781827020000,"agent_id":"persona-team","symbol":"SOLUSDT","side":"sell","price":69.69276239891931,"quantity":5.338779948486725,"notional_usd":372.07432245,"fee_usd":0.22324459347000003,"balance_before_usd":9980.562468666672,"balance_after_usd":9980.25787387409,"decision":"ALLOW","cert_hash":"ee8fc371d497e34b251d45e7c1e4a0375966ea2ccca658abc0df2337f927024b","prev_hash":"45e342b78cf8d430cd6ddd2154f166686b443936909c470a3a2d4ea157fe493d","record_hash":"52e0e9c9bdf3e46e5c080f6eb66d1513f1b434fd6ceaf79c99b107ba055e946a","signature_hex":"4c500f5a06d95ff0a99b6c659fb51fefb6d610dadb0b964592f01adf666c233f2065baa90332b2980bfc615b1cb61125055a9916a562f941b009de184be74f09","public_key_hex":"c2f8243b0d573587f285c830a868acd19249d17d59ecbf9329e796dfed6fb630"}
{"seq":68,"ts":1781827080000,"agent_id":"persona-team","symbol":"SOLUSDT","side":"buy","price":69.68108760464963,"quantity":4.75276862581435,"notional_usd":331.17808698,"fee_usd":0.198706852188,"balance_before_usd":9980.551581339289,"balance_after_usd":9980.281166593082,"decision":"ALLOW","cert_hash":"843452276b76164a6ab48a5362e8aab631a87fe4e06e47cefdaef93414501f7a","prev_hash":"52e0e9c9bdf3e46e5c080f6eb66d1513f1b434fd6ceaf79c99b107ba055e946a","record_hash":"a1f16775b5fcd4677b77ca9afc959fee86af11259c2d7265ccca201b2c604bb2","signature_hex":"6d7ab4cace9aa2305b06a338cc8f328b4c45291bcd86ede3835349938f31f70e9220d18213fe1e0cac2827becb37d5d8ecc3569b825950a47827367e765e470c","public_key_hex":"c2f8243b0d573587f285c830a868acd19249d17d59ecbf9329e796dfed6fb630"}
{"seq":69,"ts":1781827260000,"agent_id":"persona-team","symbol":"SOLUSDT","side":"buy","price":69.61787450558812,"quantity":3.9339264715416835,"notional_usd":273.87159941,"fee_usd":0.164322959646,"balance_before_usd":9980.422303367455,"balance_after_usd":9980.199465196523,"decision":"ALLOW","cert_hash":"552f6f8699377f307d4ca7afae1355aacb8030ba48104423d7a198c66cf0905f","prev_hash":"a1f16775b5fcd4677b77ca9afc959fee86af11259c2d7265ccca201b2c604bb2","record_hash":"c4869e5076fb5010c7792ac103134da888f1f2b0ee4a9cd49dd42917fa8e585f","signature_hex":"195bb4224695e2c10f17445540a9d9e5a1efb154a29909bb0f59af5b4213e6913036374f13d2c81f8138ade6cf6e7fd2d14b95fb6b4cc91af00e525bacc39a09","public_key_hex":"c2f8243b0d573587f285c830a868acd19249d17d59ecbf9329e796dfed6fb630"}
{"seq":70,"ts":1781827440000,"agent_id":"persona-team","symbol":"SOLUSDT","side":"sell","price":69.66530526619282,"quantity":7.248786071638174,"notional_usd":504.98889449,"fee_usd":0.302993336694,"balance_before_usd":9980.331570693033,"balance_after_usd":9979.91480958852,"decision":"ALLOW","cert_hash":"1c4d5b4f62e19a1438d6503888f1d083c928e2f0d8097fbe16250861e543d151","prev_hash":"c4869e5076fb5010c7792ac103134da888f1f2b0ee4a9cd49dd42917fa8e585f","record_hash":"1c2b35fda22fc28e842c0f55a6c04edb3a396ee6619313d3759d92ec7b8a4b49","signature_hex":"c617b1ba0f796662f3ed17b7c29fab0d7228047d6220e79661da442673ffb18cfb1f720eb9984a528b7b7a9d6cf39a6b3aa81fe6f7c7562091e8768ac59fab0a","public_key_hex":"c2f8243b0d573587f285c830a868acd19249d17d59ecbf9329e796dfed6fb630"}
{"seq":71,"ts":1781827560000,"agent_id":"persona-team","symbol":"SOLUSDT","side":"buy","price":69.60313368519678,"quantity":9.147847709124303,"notional_usd":636.71886703,"fee_usd":0.38203132021799996,"balance_before_usd":9980.436991419356,"balance_after_usd":9979.907371603971,"decision":"ALLOW","cert_hash":"f4689c05a50603b9dac923bb53642e3300f86a2ea7b0c0277997a071b1eff129","prev_hash":"1c2b35fda22fc28e842c0f55a6c04edb3a396ee6619313d3759d92ec7b8a4b49","record_hash":"6a3181d1700d5a1d17f2e9fd3d9e17dc0381899afe39ae7cfdf2a1c5a0f253aa","signature_hex":"3d82e0521796947c6c1a75cd855182f883901f5b3b41f4e56585049c5bd08a3bc5d1fa971410af7d2167fc510eaa0595c358ea2fa21e135057bc7a0a07f13e0e","public_key_hex":"c2f8243b0d573587f285c830a868acd19249d17d59ecbf9329e796dfed6fb630"}
{"seq":72,"ts":1781827800000,"agent_id":"persona-team","symbol":"SOLUSDT","side":"sell","price":69.64945646393346,"quantity":6.642006954922243,"notional_usd":462.61217424,"fee_usd":0.27756730454399997,"balance_before_usd":9980.187603908205,"balance_after_usd":9979.806796329003,"decision":"ALLOW","cert_hash":"7a3ee208ce05cd7211ec90c0a693928bb686fcac730dc216b9cdce22e529ee67","prev_hash":"6a3181d1700d5a1d17f2e9fd3d9e17dc0381899afe39ae7cfdf2a1c5a0f253aa","record_hash":"81954cc3c7e89c7a432d8b98e30ef45b485466a43aea57bdf72efe093f396474","signature_hex":"6690d78cb91be65b84ed16a5a94e722ecae5f06646aabc865609385d9123dbd0e788d1d0ff8e0edef0a3af0defbbd9cd160c6c932e104f1f8abfbc1f1bfeb10c","public_key_hex":"c2f8243b0d573587f285c830a868acd19249d17d59ecbf9329e796dfed6fb630"}
{"seq":73,"ts":1781827860000,"agent_id":"persona-team","symbol":"SOLUSDT","side":"buy","price":69.64502639769347,"quantity":4.534974415064046,"notional_usd":315.83841285,"fee_usd":0.18950304771,"balance_before_usd":9979.913521307704,"balance_after_usd":9979.655873930904,"decision":"ALLOW","cert_hash":"e8db0d2c81e9cee988b00b13c163ded8cd411c31f104ccba5a20b3836e2a1873","prev_hash":"81954cc3c7e89c7a432d8b98e30ef45b485466a43aea57bdf72efe093f396474","record_hash":"98ddbd51d24aa235c2670c5a3a50a20042a5353f40d2aabec8640a850a3ea294","signature_hex":"71ad9de77dd92c6a151bd6e57e667d47d750391415168b5975b6314e3783bdbeebb6694c2aee25e37255976386adca9e8f9115f352386b5331412580256da307","public_key_hex":"c2f8243b0d573587f285c830a868acd19249d17d59ecbf9329e796dfed6fb630"}
{"seq":74,"ts":1781828340000,"agent_id":"persona-team","symbol":"SOLUSDT","side":"sell","price":69.72684037841145,"quantity":13.209217440966503,"notional_usd":921.03699603,"fee_usd":0.552622197618,"balance_before_usd":9979.825242512165,"balance_after_usd":9979.045955141777,"decision":"ALLOW","cert_hash":"e9c6cb6949071cb40c28d61ffa31389954c9f98a3e03fd078d92a27a290f2815","prev_hash":"98ddbd51d24aa235c2670c5a3a50a20042a5353f40d2aabec8640a850a3ea294","record_hash":"b6df25cc2503bc2da48b726fcb2d2b6d822f372e4e282e055909165a2d0d46ee","signature_hex":"34b59a8fa8e41bfca136d5c1d68602baa163c17917ee0e337a15219a0fd483e3342d695b1264a0bfac4ad31e15c7ab64c31234e32b07d55a68f268d333916d06","public_key_hex":"c2f8243b0d573587f285c830a868acd19249d17d59ecbf9329e796dfed6fb630"}
{"seq":75,"ts":1781828400000,"agent_id":"persona-team","symbol":"SOLUSDT","side":"buy","price":69.6506659289396,"quantity":11.291249613497747,"notional_usd":786.44305475,"fee_usd":0.47186583284999994,"balance_before_usd":9980.335543236262,"balance_after_usd":9979.675498239714,"decision":"ALLOW","cert_hash":"16dbccb9625234651455a4f103d15fcada2fd684c0deed5ba95b7ab5f4f46769","prev_hash":"b6df25cc2503bc2da48b726fcb2d2b6d822f372e4e282e055909165a2d0d46ee","record_hash":"dcb98f5c63bf73040bb2b0462e461f5c7e1bde10f98c72f8639cfeb17521502b","signature_hex":"4de35e00016e9b059dde79cf9985fc503675033f3869ff1c6db39fed14c9a70083febccc54947c46762859569c991af92a97ae6e46cba0d1b2b4cb70ab66950e","public_key_hex":"c2f8243b0d573587f285c830a868acd19249d17d59ecbf9329e796dfed6fb630"}
{"seq":76,"ts":1781828520000,"agent_id":"persona-team","symbol":"SOLUSDT","side":"sell","price":69.65785378982807,"quantity":4.996333331056812,"notional_usd":348.03385666,"fee_usd":0.208820313996,"balance_before_usd":9979.658639377505,"balance_after_usd":9979.37414354879,"decision":"ALLOW","cert_hash":"3ccf4b5bf371389ee222813997b00049325ccf52225a65bbe9e18e9891980c32","prev_hash":"dcb98f5c63bf73040bb2b0462e461f5c7e1bde10f98c72f8639cfeb17521502b","record_hash":"c7b234fd38ff3a7d0be87d830ffd8c3e27233ec1bd38a5eca6626fc80eabfc25","signature_hex":"7208e596990f762ae49b102b5edeeebff53b4a44bd60528e696d577d05d44e597916e802a107baa8b851581e06f4f180457b8d00fbaf9f716d0eced4b48c800d","public_key_hex":"c2f8243b0d573587f285c830a868acd19249d17d59ecbf9329e796dfed6fb630"}
{"seq":77,"ts":1781828580000,"agent_id":"persona-team","symbol":"SOLUSDT","side":"sell","price":69.69508840522278,"quantity":3.994648466636235,"notional_usd":278.40737803,"fee_usd":0.16704442681800002,"balance_before_usd":9979.173284910368,"balance_after_usd":9978.946673904338,"decision":"ALLOW","cert_hash":"7e6f1c35829ee16975e9130f26d6b2f1f47b10d075596da7fb4fe4b78ed16510","prev_hash":"c7b234fd38ff3a7d0be87d830ffd8c3e27233ec1bd38a5eca6626fc80eabfc25","record_hash":"45dc16470bfc53f5f5c1e14f32e2d8ad503dc12f6f730c275bf9e5b26f520670","signature_hex":"085219ebed5b59dcf6eebc8c35e679ddf65db8247ba93aca4152f9fff8486c2ce290309b637e6604dd6262eb39dbb1947d6830acfcb10f93b92ca10268a04908","public_key_hex":"c2f8243b0d573587f285c830a868acd19249d17d59ecbf9329e796dfed6fb630"}
{"seq":78,"ts":1781828940000,"agent_id":"persona-team","symbol":"SOLUSDT","side":"sell","price":69.74326794790875,"quantity":3.211525448696961,"notional_usd":223.98227989,"fee_usd":0.134389367934,"balance_before_usd":9978.494357409176,"balance_after_usd":9978.31265568104,"decision":"ALLOW","cert_hash":"e5f10a325755a9b5cfca308faaac29bd885913911083cc9d6b1e1c50fc5e7e3c","prev_hash":"45dc16470bfc53f5f5c1e14f32e2d8ad503dc12f6f730c275bf9e5b26f520670","record_hash":"5376f819f94cc00f01c5564f329fc9a088a302c8da4613429437ae240c436376","signature_hex":"df93f45d6c3b710a49b9c2aff5b3d782c27a705a0c0383fbff9f963cd397919559fe44119d6a8df951d7befd46872f5474a1bbc0242152b2ddcc682065c10607","public_key_hex":"c2f8243b0d573587f285c830a868acd19249d17d59ecbf9329e796dfed6fb630"}
{"seq":79,"ts":1781829180000,"agent_id":"persona-team","symbol":"SOLUSDT","side":"buy","price":69.83997140679045,"quantity":4.124237903568136,"notional_usd":288.03665726,"fee_usd":0.172821994356,"balance_before_usd":9977.466125034814,"balance_after_usd":9977.231557397105,"decision":"ALLOW","cert_hash":"d38cef1d1f794b730708229872337f67d008525b68a99af5ea5dd5d596f1902d","prev_hash":"5376f819f94cc00f01c5564f329fc9a088a302c8da4613429437ae240c436376","record_hash":"9c01b75c70703c4a220b228ad5a9228a80b4fe23a701b2e1271e607f17976a35","signature_hex":"5b68d4d7b4c44992e35034bf62668d33b60ed6802dd739b1f009031977222f29c0995168e30c88663c8da9704208000e958dd8effb726eac1b112aa58589050e","public_key_hex":"c2f8243b0d573587f285c830a868acd19249d17d59ecbf9329e796dfed6fb630"}
{"seq":80,"ts":1781829240000,"agent_id":"persona-team","symbol":"SOLUSDT","side":"sell","price":69.80997892606655,"quantity":4.3363701795498715,"notional_usd":302.72191085,"fee_usd":0.18163314650999998,"balance_before_usd":9977.231557397105,"balance_after_usd":9976.984787313524,"decision":"ALLOW","cert_hash":"de3d7cff418638aecc4d6609ace567252d240a52d091a547773dac47ecb1ba47","prev_hash":"9c01b75c70703c4a220b228ad5a9228a80b4fe23a701b2e1271e607f17976a35","record_hash":"8b05e23160766fc124f00e4da64d47eddbc1df76a81e26056ac13fe66b8a38fb","signature_hex":"b4f53352bb54492963b108aa52d0029ffd2f31460af8ef7163bb310674a962053451eb26d936d8208de32e01e2ca1ab330a5e878c5337ff07a6ea44baf454806","public_key_hex":"c2f8243b0d573587f285c830a868acd19249d17d59ecbf9329e796dfed6fb630"}
{"seq":81,"ts":1781829420000,"agent_id":"persona-team","symbol":"SOLUSDT","side":"buy","price":69.84216284930288,"quantity":4.907375785877757,"notional_usd":342.7417388,"fee_usd":0.20564504328000002,"balance_before_usd":9976.959093477442,"balance_after_usd":9976.67903863465,"decision":"ALLOW","cert_hash":"dbf69bea97d365c8e8cbe814dab3dcddfa6facdf2964a90028cd601a98746927","prev_hash":"8b05e23160766fc124f00e4da64d47eddbc1df76a81e26056ac13fe66b8a38fb","record_hash":"692bc027d3ab28c2d0e54a623c22905de2029856abf1f142621e79010381c56d","signature_hex":"6f8c672b4907888ec2cb6b5753b152af4dce4ddcfa15306d1ade148b82591438ad521e10f90cebe915747d1de9faf2ed49555fdc7542f6594a132a8e25948a05","public_key_hex":"c2f8243b0d573587f285c830a868acd19249d17d59ecbf9329e796dfed6fb630"}
{"seq":82,"ts":1781829480000,"agent_id":"persona-team","symbol":"SOLUSDT","side":"buy","price":69.75788016597105,"quantity":7.937734842466052,"notional_usd":553.71955593,"fee_usd":0.332231733558,"balance_before_usd":9977.353899726297,"balance_after_usd":9976.895615446005,"decision":"ALLOW","cert_hash":"abcdf04c44fd03c87d2c6c779c72747c51be9251e09d97cbcb5e1396dcdf8ba5","prev_hash":"692bc027d3ab28c2d0e54a623c22905de2029856abf1f142621e79010381c56d","record_hash":"f5ca0176246123e7618f3c49413531da9dca6304e2899362ff480e14e9ec4983","signature_hex":"20a8a7b00a7f60373780b186a02f6d44f680fc5db034c32db0483867695f215ed908eb66a876954d2b4b34850c2b418a9020bcbd4a4dca4109407e78a84da904","public_key_hex":"c2f8243b0d573587f285c830a868acd19249d17d59ecbf9329e796dfed6fb630"}
{"seq":83,"ts":1781829600000,"agent_id":"persona-team","symbol":"SOLUSDT","side":"sell","price":69.76931075448906,"quantity":3.0119103119630486,"notional_usd":210.13890652,"fee_usd":0.12608334391200002,"balance_before_usd":9976.895539534693,"balance_after_usd":9976.725213500751,"decision":"ALLOW","cert_hash":"80a2c574c243808f9d08d46aef6adc99664a3414feec5cdc34e93b4657fe0d2c","prev_hash":"f5ca0176246123e7618f3c49413531da9dca6304e2899362ff480e14e9ec4983","record_hash":"3b9fa59bd52ea883cfa7b7f45012f876c754ac967de484bda4ec6c34f4d1cf07","signature_hex":"16ca789e00fc319515e5dfbec5d94feb3e45ae00b11db2ed12f0e789df7576e675c790ad22412c8bf53b686febcd1fe86a27fd73c51a1c44d03e9d1680973e0d","public_key_hex":"c2f8243b0d573587f285c830a868acd19249d17d59ecbf9329e796dfed6fb630"}
{"seq":84,"ts":1781829780000,"agent_id":"persona-team","symbol":"SOLUSDT","side":"buy","price":69.78768895089763,"quantity":3.013083395238228,"notional_usd":210.27612677,"fee_usd":0.126165676062,"balance_before_usd":9976.758364395717,"balance_after_usd":9976.587939685613,"decision":"ALLOW","cert_hash":"2ca164b8a1878f46815339957dc4ba3c4b87185f738272f5fa36f2fb0565bc87","prev_hash":"3b9fa59bd52ea883cfa7b7f45012f876c754ac967de484bda4ec6c34f4d1cf07","record_hash":"4c68be9adcac4428f2b6ad90bd904d09715cc5f0ed5fb338b6a0fc89829d6a96","signature_hex":"8a2f147f7a452bb81f1196e6e2073cea49ceb240a8268e8579a93048b84ccfea641d26b8d2f312d40facbea278184734cd33f53b60a1e97a75fb70d3d464b60a","public_key_hex":"c2f8243b0d573587f285c830a868acd19249d17d59ecbf9329e796dfed6fb630"}
{"seq":85,"ts":1781829840000,"agent_id":"persona-team","symbol":"SOLUSDT","side":"sell","price":69.80004588897809,"quantity":4.070962454121678,"notional_usd":284.15336611,"fee_usd":0.170492019666,"balance_before_usd":9976.587913043797,"balance_after_usd":9976.356543399626,"decision":"ALLOW","cert_hash":"44f80e0d6094d3321442e95dd2371dcb5d323d3f16d1e0bebc834fd191c50b96","prev_hash":"4c68be9adcac4428f2b6ad90bd904d09715cc5f0ed5fb338b6a0fc89829d6a96","record_hash":"69d1decb3a1aad8500e058758cbf3d5eb66d71d6d4d30f75ca48d0102c0d93f6","signature_hex":"55a0e5dcb24d231027e0a13ac5b95687e4006e690748337cd1f6516e2236fc73e37cf44fcab3df383423da3910fed1bd7404af6cbd25e7644da9bec245c8bb04","public_key_hex":"c2f8243b0d573587f285c830a868acd19249d17d59ecbf9329e796dfed6fb630"}
{"seq":86,"ts":1781829900000,"agent_id":"persona-team","symbol":"SOLUSDT","side":"buy","price":69.79100145670141,"quantity":4.293679160284156,"notional_usd":299.66016853,"fee_usd":0.179796101118,"balance_before_usd":9976.515335674165,"balance_after_usd":9976.271128131035,"decision":"ALLOW","cert_hash":"6cd83d77c2b1a5b1d9cb5cdc051b411796d531414869fa0d9a071f18b7cdce43","prev_hash":"69d1decb3a1aad8500e058758cbf3d5eb66d71d6d4d30f75ca48d0102c0d93f6","record_hash":"74d9ce7ebfcc1508b1b1192c8fe1290b59c98341b2693bf67b07f0bccbeaaf48","signature_hex":"ca8af1fa42128dd3806176d277ca5e5774686f04130e76648601ae0c916bb77d038fe0f2a4631c40c209173ebb365b953259878a4e03d721cf6bcfbdc5e14c0d","public_key_hex":"c2f8243b0d573587f285c830a868acd19249d17d59ecbf9329e796dfed6fb630"}
{"seq":87,"ts":1781830080000,"agent_id":"persona-team","symbol":"SOLUSDT","side":"buy","price":69.75280323598126,"quantity":3.514716827947297,"notional_usd":245.16135133,"fee_usd":0.147096810798,"balance_before_usd":9976.2626890007,"balance_after_usd":9976.06356300729,"decision":"ALLOW","cert_hash":"cdab3ec97385f4b3ac617bb8eb29a84794528b76f430d94e7de44942bdd245a7","prev_hash":"74d9ce7ebfcc1508b1b1192c8fe1290b59c98341b2693bf67b07f0bccbeaaf48","record_hash":"e5c3392a2247b374f36d2329616a3bab9a673d8d216faa2b2fd748a5d0cbc924","signature_hex":"f07025030b182841f8da8645147b7685bbb520f04c47fbe894ed1b23487cfa6d9938cfa00d7eca762db8c53873a63fbc4f289f3f876a950e4a21db69b0c53e00","public_key_hex":"c2f8243b0d573587f285c830a868acd19249d17d59ecbf9329e796dfed6fb630"}
{"seq":88,"ts":1781830320000,"agent_id":"persona-team","symbol":"SOLUSDT","side":"sell","price":69.74132830733984,"quantity":2.9651827999128604,"notional_usd":206.79578714,"fee_usd":0.12407747228399998,"balance_before_usd":9976.130825392984,"balance_after_usd":9975.963243669978,"decision":"ALLOW","cert_hash":"cb651fb336465aa553a490566750263126a68b0b839495e28f33d952e8065dcc","prev_hash":"e5c3392a2247b374f36d2329616a3bab9a673d8d216faa2b2fd748a5d0cbc924","record_hash":"1326f44f08832a99aadd5a39e6498ccb5b6be47e8e0ad1eee98b3d564efbfe7d","signature_hex":"3855a3d28865113ef99b68e14f404ac34f06116200bea0e03bbfa2a1ee5a541055543e2dfb3a062899d8f23caa3790719a9b4ca9aa0d0e2b1018fa6c6a117000","public_key_hex":"c2f8243b0d573587f285c830a868acd19249d17d59ecbf9329e796dfed6fb630"}
{"seq":89,"ts":1781830500000,"agent_id":"persona-team","symbol":"SOLUSDT","side":"buy","price":69.72170879248617,"quantity":3.1547505175849087,"notional_usd":219.9545969,"fee_usd":0.13197275814,"balance_before_usd":9975.925434466119,"balance_after_usd":9975.747059137271,"decision":"ALLOW","cert_hash":"fba1de7c63b6a9330cb01769747d37d99705c625c5714a504ab8be1529aa3a53","prev_hash":"1326f44f08832a99aadd5a39e6498ccb5b6be47e8e0ad1eee98b3d564efbfe7d","record_hash":"32f9783bcea89a181c05de6dd0e92b4a43d16a4016c85aa228ca0ea0465c7eed","signature_hex":"ce8455aee048cd282cabdc055fde2daf879d1ca78893a2e420c538205e9d9dd52887823ed0ddb4d0efb8a29fb21a64f08fe5f703afe187a007755576af98bb09","public_key_hex":"c2f8243b0d573587f285c830a868acd19249d17d59ecbf9329e796dfed6fb630"}
{"seq":90,"ts":1781830740000,"agent_id":"persona-team","symbol":"SOLUSDT","side":"sell","price":69.74513804146669,"quantity":3.743755123758718,"notional_usd":261.1087179,"fee_usd":0.15666523074,"balance_before_usd":9975.955156584183,"balance_after_usd":9975.742851820036,"decision":"ALLOW","cert_hash":"9d3b57d3c8f596b5e5cf177d1dcbbfa145d6997db7d60ee65f7774d2131d9cc7","prev_hash":"32f9783bcea89a181c05de6dd0e92b4a43d16a4016c85aa228ca0ea0465c7eed","record_hash":"9cfa4e941e708bb45ffed30a33336bee9936de7a2121051b59a00d2bc2e899ad","signature_hex":"9767e5bf53bf2d96242ad984b51d43aaf844d2b5314740d150720a9a7d3a2510e3e4b72170d7fa1ba6bbdcfc52b1677cdf44fb21e161b7a3aa14ac21d3a29a09","public_key_hex":"c2f8243b0d573587f285c830a868acd19249d17d59ecbf9329e796dfed6fb630"}
{"seq":91,"ts":1781830920000,"agent_id":"persona-team","symbol":"SOLUSDT","side":"sell","price":69.7837110482123,"quantity":9.566533191374353,"notional_usd":667.58818796,"fee_usd":0.40055291277599997,"balance_before_usd":9975.750156291999,"balance_after_usd":9975.193774581294,"decision":"ALLOW","cert_hash":"c301da38299dbd0eb3195a6639d2db9614d2986fa614d660786e47b55bfc2a31","prev_hash":"9cfa4e941e708bb45ffed30a33336bee9936de7a2121051b59a00d2bc2e899ad","record_hash":"1d80eed000f63fe876600e6816f906680348cb344c6bd510c2eb68fe88e402af","signature_hex":"0fea7162b83a7d85f83b64e3420b8068d430332fbdc7065c1aa1503b2d6a0bd1b90fb7312f25713b7f24673b3032ad9be6cc67d1c5dad4c0a98cf83ad8515707","public_key_hex":"c2f8243b0d573587f285c830a868acd19249d17d59ecbf9329e796dfed6fb630"}
{"seq":92,"ts":1781830980000,"agent_id":"persona-team","symbol":"SOLUSDT","side":"sell","price":69.93787346941016,"quantity":4.6470122812949315,"notional_usd":325.00215694,"fee_usd":0.195001294164,"balance_before_usd":9973.758034608276,"balance_after_usd":9973.492740140688,"decision":"ALLOW","cert_hash":"d16b663955e32dac060230dd662b3553a8e872fcd0a7d8f7db6565de9197791e","prev_hash":"1d80eed000f63fe876600e6816f906680348cb344c6bd510c2eb68fe88e402af","record_hash":"f700163e152690ee2a1c2f0a1c4703808715d2ef892b2390c8734cdc7dfb3ddd","signature_hex":"3766939aaee6f1d4acacc127a7289bf56f839cf67d70d790cb30f247c71970d404ddda9cfd64562fd16e6e8144971a9ab2a9333c7b6cdaf975f4a830d21ce50c","public_key_hex":"c2f8243b0d573587f285c830a868acd19249d17d59ecbf9329e796dfed6fb630"}
{"seq":93,"ts":1781831160000,"agent_id":"persona-team","symbol":"SOLUSDT","side":"buy","price":69.94072250564182,"quantity":3.0119880559284606,"notional_usd":210.66062081,"fee_usd":0.12639637248600002,"balance_before_usd":9973.871575349875,"balance_after_usd":9973.700834966241,"decision":"ALLOW","cert_hash":"af34740300931fd6f2e623bac262a9f268183286d5f098da3ef9a8b3bd9ec37b","prev_hash":"f700163e152690ee2a1c2f0a1c4703808715d2ef892b2390c8734cdc7dfb3ddd","record_hash":"29cbacdf2e7f903500fb288cf6bfbff2edc7a8f68c610da5d916fbc09e0fa813","signature_hex":"9d1f3f1adbf1b834cdd45faeab8d2b92f67d0f84aa2769e3159f94a12e82e6e0a0e6b83ec2c71a3e24312b69b4f059417239dcc7fa21e6cf529e0041ad1b1e0a","public_key_hex":"c2f8243b0d573587f285c830a868acd19249d17d59ecbf9329e796dfed6fb630"}
{"seq":94,"ts":1781831280000,"agent_id":"persona-team","symbol":"SOLUSDT","side":"buy","price":69.88921307898586,"quantity":5.067971697716812,"notional_usd":354.19655386,"fee_usd":0.212517932316,"balance_before_usd":9974.273820138358,"balance_after_usd":9973.984202752308,"decision":"ALLOW","cert_hash":"8bd285c08e8792a9e3f904a7da1ced604b9c4433f5253e23eed44ed1f757a404","prev_hash":"29cbacdf2e7f903500fb288cf6bfbff2edc7a8f68c610da5d916fbc09e0fa813","record_hash":"084229fb6d480fcf2a2a41c1c5c943714fa9c30cd94afe8962aa99457b3fc7cf","signature_hex":"5403d4eee6c6dad3f68b8b973f2e4146ee70c2ce13d95d6ea3b5e649bba515b39b43407b5f52d848a194464987f52c4cbbc56bec6e630697675d7be8bdddd70e","public_key_hex":"c2f8243b0d573587f285c830a868acd19249d17d59ecbf9329e796dfed6fb630"}
{"seq":95,"ts":1781831340000,"agent_id":"persona-team","symbol":"SOLUSDT","side":"buy","price":69.79248707894932,"quantity":6.286884069393526,"notional_usd":438.77727518,"fee_usd":0.263266365108,"balance_before_usd":9974.56144722254,"balance_after_usd":9974.200815387505,"decision":"ALLOW","cert_hash":"49cf50fc1f7e8c0588e6a59f01418faee1d0a65bc23c2e37572b24fbb58194d6","prev_hash":"084229fb6d480fcf2a2a41c1c5c943714fa9c30cd94afe8962aa99457b3fc7cf","record_hash":"7cf7c207c95afb0bbf9ec5ad49648d906e255b8f276662b7b238ad16fb5b2fd8","signature_hex":"e9f492aa4ad69f661aa8b039bde92ef30089003cd4113488b9d540c42cca2630a7e85dd400046b6539cea1d6039ff1fd6ad1964dd9192f555ce2532835840506","public_key_hex":"c2f8243b0d573587f285c830a868acd19249d17d59ecbf9329e796dfed6fb630"}
{"seq":96,"ts":1781831460000,"agent_id":"persona-team","symbol":"SOLUSDT","side":"buy","price":69.674789999235,"quantity":3.5323325916404227,"notional_usd":246.11453153,"fee_usd":0.14766871891799999,"balance_before_usd":9974.161513900017,"balance_after_usd":9973.96160198477,"decision":"ALLOW","cert_hash":"3fd74e27ce26bc5881649778be50bd8d85317019d03635812ac7ce0f1e85c344","prev_hash":"7cf7c207c95afb0bbf9ec5ad49648d906e255b8f276662b7b238ad16fb5b2fd8","record_hash":"c6a4f9dad30995a8661ca1d180535d5fe41d0613990b336e1a477d5bb3a17969","signature_hex":"a787c3c24c521e6a621678d70bdda3aee48607c04afa6061525e907bed8a110ea60b57276f78283bbf2359ef24256673da7fa5464b40f8069d0a18fc00f3e80a","public_key_hex":"c2f8243b0d573587f285c830a868acd19249d17d59ecbf9329e796dfed6fb630"}
{"seq":97,"ts":1781831700000,"agent_id":"persona-team","symbol":"SOLUSDT","side":"sell","price":69.79944660143323,"quantity":6.530843625351032,"notional_usd":455.84927089,"fee_usd":0.273509562534,"balance_before_usd":9974.561179609642,"balance_after_usd":9974.186093233226,"decision":"ALLOW","cert_hash":"55f8db88b49e5d08c9ed4b4f73ca8a168056c73676e88f800547ea996c7a3bdf","prev_hash":"c6a4f9dad30995a8661ca1d180535d5fe41d0613990b336e1a477d5bb3a17969","record_hash":"e7cd598a22e00a9c60810d3be9b3644b01ed0ff10db1d66dbb1c37b8d84041d2","signature_hex":"3641dca9eeb9e172344e57491140739e3944d92772bf8c61cf2c7c8722341d24cad464ec045d1d9e9f283c5a136ea810967b8531904a716e20fc8afdc8421b0e","public_key_hex":"c2f8243b0d573587f285c830a868acd19249d17d59ecbf9329e796dfed6fb630"}
{"seq":98,"ts":1781831760000,"agent_id":"persona-team","symbol":"SOLUSDT","side":"sell","price":69.89087834533414,"quantity":4.671782642459777,"notional_usd":326.51499232,"fee_usd":0.195908995392,"balance_before_usd":9973.94379655276,"balance_after_usd":9973.677242473574,"decision":"ALLOW","cert_hash":"2ea569144097981aa780cb657446332b53f16c3984eb76bf78677ee9aaee76fa","prev_hash":"e7cd598a22e00a9c60810d3be9b3644b01ed0ff10db1d66dbb1c37b8d84041d2","record_hash":"6fc0c0c11080b21d713be37e8187d138f5e51d0dfbc4fc039ab5885c6c0b5cff","signature_hex":"be72d99ab88c159d0fedcb0c60c526957a4fa4eac052c4d52aa6701b0cc9f3042161f7eabe789f2b6a6153b1cb91b2f01e6d8de124d7a1576de660b91046f805","public_key_hex":"c2f8243b0d573587f285c830a868acd19249d17d59ecbf9329e796dfed6fb630"}
{"seq":99,"ts":1781831820000,"agent_id":"persona-team","symbol":"SOLUSDT","side":"buy","price":69.8950874687373,"quantity":4.547902406047917,"notional_usd":317.87603647,"fee_usd":0.19072562188199998,"balance_before_usd":9973.867936445267,"balance_after_usd":9973.608594488016,"decision":"ALLOW","cert_hash":"50260e968c21f2078040d5af36f8fb3f6eab4fca66a1df0621daaec802ecebb1","prev_hash":"6fc0c0c11080b21d713be37e8187d138f5e51d0dfbc4fc039ab5885c6c0b5cff","record_hash":"c7ce63ef83336aa414f593b137efc4c050aa552d443e7b221d935e00b29e3afc","signature_hex":"80fa130bd7fc95e57970e053c69ec159168056077a3ad583ff221c95cf1557fa3d8ba6bca3c634bf610d5f5db7a1b6e3769d41357588eb2cf0bd8c45b06f110c","public_key_hex":"c2f8243b0d573587f285c830a868acd19249d17d59ecbf9329e796dfed6fb630"}
{"seq":100,"ts":1781831880000,"agent_id":"persona-team","symbol":"SOLUSDT","side":"buy","price":69.82769243292333,"quantity":2.991096329305637,"notional_usd":208.86135452,"fee_usd":0.12531681271200001,"balance_before_usd":9973.795288723099,"balance_after_usd":9973.626025428202,"decision":"ALLOW","cert_hash":"c40d1dab7069928e6424cc29131bcfd3208c446699d8ab48a924927e737016ef","prev_hash":"c7ce63ef83336aa414f593b137efc4c050aa552d443e7b221d935e00b29e3afc","record_hash":"313df32d2e172557697488738a4ff8b640b75e746c4a1c0a941f27abbc9f2e6e","signature_hex":"9e14534cb3382e0eaa9fac46ee9b18ea62c33f182b9f55fb1ec046b009aefe050e47e1e9cbeefe4d4614bf570568e229b5a2077c6dca7e3707f656bee874840f","public_key_hex":"c2f8243b0d573587f285c830a868acd19249d17d59ecbf9329e796dfed6fb630"}
{"seq":101,"ts":1781832060000,"agent_id":"persona-team","symbol":"SOLUSDT","side":"sell","price":69.90498608000608,"quantity":4.217567873664533,"notional_usd":294.8290235,"fee_usd":0.1768974141,"balance_before_usd":9973.647919255527,"balance_after_usd":9973.407699614803,"decision":"ALLOW","cert_hash":"4c249a38444df7f0ca8979167e7a2d68c8877eebb484a3b3c8d0b1c1a57d35d0","prev_hash":"313df32d2e172557697488738a4ff8b640b75e746c4a1c0a941f27abbc9f2e6e","record_hash":"e6f99ebfbf58397f994ff978d1b4adf4666dface6db7cfb977c6c8b2097475aa","signature_hex":"a518310552a5c6b020cc1929f4d6343ebcbeb16f93517211ce01108f9210b024740608a487818ab81b286406d33f8905f46a0cccc4400ba84ab8ce92c463cb07","public_key_hex":"c2f8243b0d573587f285c830a868acd19249d17d59ecbf9329e796dfed6fb630"}
{"seq":102,"ts":1781832180000,"agent_id":"persona-team","symbol":"SOLUSDT","side":"sell","price":69.89731488052784,"quantity":2.879221332664735,"notional_usd":201.2498401,"fee_usd":0.12074990406,"balance_before_usd":9973.439803236124,"balance_after_usd":9973.276771622806,"decision":"ALLOW","cert_hash":"51a222c58aa4a6da36df46c442279724e3bdbf1d274643b8dd2f94eb69b2033c","prev_hash":"e6f99ebfbf58397f994ff978d1b4adf4666dface6db7cfb977c6c8b2097475aa","record_hash":"1388ea38b900de140edd66ad07446c007e0ed729947df98ad1497fe3c06385c7","signature_hex":"7b04cf5d37e558bb3e21eb7d25c8865298aac587f135a9fc6f5896e7aea51230ee1c82d826977907600971a4aa0219d436ee19975eeac36287f14d512b7d5c0e","public_key_hex":"c2f8243b0d573587f285c830a868acd19249d17d59ecbf9329e796dfed6fb630"}
{"seq":103,"ts":1781832240000,"agent_id":"persona-team","symbol":"SOLUSDT","side":"buy","price":69.86130479778416,"quantity":5.470875721206435,"notional_usd":382.20251627,"fee_usd":0.229321509762,"balance_before_usd":9973.731655106654,"balance_after_usd":9973.418602950278,"decision":"ALLOW","cert_hash":"e7036e3024b79f74166009fac6bb0f114aed389f2c396cad0f0a03d4349f513f","prev_hash":"1388ea38b900de140edd66ad07446c007e0ed729947df98ad1497fe3c06385c7","record_hash":"c4e1b8cb82e4ab87775d5d9e1605951a1114712d775bf378c17034e429b7cc08","signature_hex":"0db2bed7ced2ad74e06794884728655265902b71fdceb2f8cc392acc91e8f8ba5cd05ec19294a761091879d85ed602c841409c79a99d37970bc4fe0e8c31900f","public_key_hex":"c2f8243b0d573587f285c830a868acd19249d17d59ecbf9329e796dfed6fb630"}
{"seq":104,"ts":1781832360000,"agent_id":"persona-team","symbol":"SOLUSDT","side":"sell","price":69.84006345710765,"quantity":3.9614754197627122,"notional_usd":276.6696947,"fee_usd":0.16600181681999998,"balance_before_usd":9973.40581126579,"balance_after_usd":9973.180638701446,"decision":"ALLOW","cert_hash":"45dcb9fc342f739b04b644cb2b71797638101975374d6113c1f610fa53c0db63","prev_hash":"c4e1b8cb82e4ab87775d5d9e1605951a1114712d775bf378c17034e429b7cc08","record_hash":"0660d46297671bace9650f3b52566c525a4165a2e3f3591de74e09cc3b438ac6","signature_hex":"2f93c8112fce705414079c6defa4a17b7164e4b61e991e3210c449c3878219e0b7c4f0efe2ed39aa6d862631594f4c2e920b9dd4078f039b880920016d8a320d","public_key_hex":"c2f8243b0d573587f285c830a868acd19249d17d59ecbf9329e796dfed6fb630"}
{"seq":105,"ts":1781832420000,"agent_id":"persona-team","symbol":"SOLUSDT","side":"buy","price":69.80526970773514,"quantity":5.381596229523237,"notional_usd":375.66377626,"fee_usd":0.225398265756,"balance_before_usd":9973.5305189917,"balance_after_usd":9973.22294532437,"decision":"ALLOW","cert_hash":"772307e2eec2fd735d85c18a4057267c344bfa79484f1a1eeb66b0a7f73cdc7d","prev_hash":"0660d46297671bace9650f3b52566c525a4165a2e3f3591de74e09cc3b438ac6","record_hash":"b1d6fdd5524227ad9dafe2a93533ac298c536a9ebf469386c1b3444bcaef3eae","signature_hex":"b21e09ebd6ff01eb8d3484cbba34b00c07ae94ec070fc8d4c331bfaefaa19ef18d94e15c9d9e81d0d31d514142e2e051fc853c67040b54a675ce96529858d501","public_key_hex":"c2f8243b0d573587f285c830a868acd19249d17d59ecbf9329e796dfed6fb630"}
{"seq":106,"ts":1781832540000,"agent_id":"persona-team","symbol":"SOLUSDT","side":"buy","price":69.66588515770404,"quantity":3.9328403405738004,"notional_usd":273.98480351,"fee_usd":0.164390882106,"balance_before_usd":9973.223108992242,"balance_after_usd":9973.000177161442,"decision":"ALLOW","cert_hash":"3bc308c5eb5c6e8439fa8f772a3be8fb38b26fc45cee8f016af7915dd5e7d228","prev_hash":"b1d6fdd5524227ad9dafe2a93533ac298c536a9ebf469386c1b3444bcaef3eae","record_hash":"149b38ed349ddd9cd3cdfeeccc145adf4689997d1348a9b7a8616812a7514ea3","signature_hex":"aeff4d11eb0342d060cf2accc2c068ea8c98579c8029af80e04663befc61dd92d04c1144434660671d0d1a1e6e819e66797ef2721e53b35af805ae438dd63f0d","public_key_hex":"c2f8243b0d573587f285c830a868acd19249d17d59ecbf9329e796dfed6fb630"}
{"seq":107,"ts":1781833260000,"agent_id":"persona-team","symbol":"SOLUSDT","side":"sell","price":69.66024973922332,"quantity":3.3626291668045303,"notional_usd":234.24158754,"fee_usd":0.140544952524,"balance_before_usd":9973.094537070416,"balance_after_usd":9972.904392460785,"decision":"ALLOW","cert_hash":"80e0300da9084f3bfb590cef5edbabef5489455534adaee570b0f9317590ea9d","prev_hash":"149b38ed349ddd9cd3cdfeeccc145adf4689997d1348a9b7a8616812a7514ea3","record_hash":"064c1944082416f4ab0591b5dd89f2867c904851aa8be06b514f1e21f298d4f6","signature_hex":"538975372ba2a0285f6f2a06d43d786e55ccdc8b3cc64b6d5927254b4773cdb1f60e9c2fbec0c2fe1638cf0a7570db16417a9ea67d688fd12ccb3236e4321a05","public_key_hex":"c2f8243b0d573587f285c830a868acd19249d17d59ecbf9329e796dfed6fb630"}
{"seq":108,"ts":1781833500000,"agent_id":"persona-team","symbol":"SOLUSDT","side":"sell","price":69.71335686056347,"quantity":6.987005322871538,"notional_usd":487.08759546,"fee_usd":0.29225255727599997,"balance_before_usd":9972.935120280967,"balance_after_usd":9972.533569025181,"decision":"ALLOW","cert_hash":"dd21bda672293156b7b8bd8869265d3d1f59c02ca6792f42a783934e60db9436","prev_hash":"064c1944082416f4ab0591b5dd89f2867c904851aa8be06b514f1e21f298d4f6","record_hash":"487230bb4a0f17942ba70a9d85037ce06390de9d88dc7e4dcb7f89e7b67f7c7e","signature_hex":"a2ced2d2edbb3c12586c871e2d34c7e4070add2dfd546ccd4cd4a7d0c59638d4917ee3254bfcbdfd7da2c66d9fd3f96aab6ed31f81f47a61f673b14fb77dce0d","public_key_hex":"c2f8243b0d573587f285c830a868acd19249d17d59ecbf9329e796dfed6fb630"}
{"seq":109,"ts":1781833560000,"agent_id":"persona-team","symbol":"SOLUSDT","side":"sell","price":69.76475411937402,"quantity":5.302623536478098,"notional_usd":369.93622721,"fee_usd":0.22196173632600003,"balance_before_usd":9972.206252472773,"balance_after_usd":9971.903447571007,"decision":"ALLOW","cert_hash":"8a245364e9569c9ececfd15370bb63f5e1adb649adde6a3f08b9b8d449cdb8f5","prev_hash":"487230bb4a0f17942ba70a9d85037ce06390de9d88dc7e4dcb7f89e7b67f7c7e","record_hash":"7143e998a59d07a3e523565e34708b3af982dfcc3623edb54ee2ddac8508844d","signature_hex":"c0b632e3cf536e05cf71a151865a36cbbdec256d2dc6ad67ee2e598ef151b64ddad8d508273486b20915a1e1b5770de0f091ae801fefc65320f0883082c64909","public_key_hex":"c2f8243b0d573587f285c830a868acd19249d17d59ecbf9329e796dfed6fb630"}
{"seq":110,"ts":1781833920000,"agent_id":"persona-team","symbol":"SOLUSDT","side":"buy","price":69.8258196756609,"quantity":3.5149143395669995,"notional_usd":245.43177485,"fee_usd":0.14725906491000001,"balance_before_usd":9971.540109121286,"balance_after_usd":9971.340760165887,"decision":"ALLOW","cert_hash":"b7a406d6f8015535cdf6d7849b57fe1ca83a6f9b7be0015369993a1ddaefe6dc","prev_hash":"7143e998a59d07a3e523565e34708b3af982dfcc3623edb54ee2ddac8508844d","record_hash":"8901d5a0c17b90dde6d52cec254ed1f5dfa5a4162e5267dc4a54e46c333c9e66","signature_hex":"f7a82db30dcd37b2cab583e9a9af8b7485bc888a86155d3d53285a82f2bd56647648cd8565b31420244c671749e4969678714a145f48042b8a3fbad0edeb260d","public_key_hex":"c2f8243b0d573587f285c830a868acd19249d17d59ecbf9329e796dfed6fb630"}
{"seq":111,"ts":1781833980000,"agent_id":"persona-team","symbol":"SOLUSDT","side":"sell","price":69.85486293700691,"quantity":4.769250092873703,"notional_usd":333.15531155,"fee_usd":0.19989318693,"balance_before_usd":9970.856624997938,"balance_after_usd":9970.584539371921,"decision":"ALLOW","cert_hash":"13a18d7171f2754d2dd57265ea37dee52e47ec0b0edb5932fa752273cd8cc31c","prev_hash":"8901d5a0c17b90dde6d52cec254ed1f5dfa5a4162e5267dc4a54e46c333c9e66","record_hash":"e90b35d99c977e68390ceff1091ae0b645bfcdaa20bf4b4f09a9d7d7a8475f38","signature_hex":"5405255fc286bb67c22792fa48e198dc16fdb94c9899b1a662f4bd65ee667d48cc098cf9a369470c266605abeb914565caee649dfab42f5568605d3b0cde4109","public_key_hex":"c2f8243b0d573587f285c830a868acd19249d17d59ecbf9329e796dfed6fb630"}
{"seq":112,"ts":1781834460000,"agent_id":"persona-team","symbol":"SOLUSDT","side":"buy","price":69.9212976306728,"quantity":5.3830689889097,"notional_usd":376.39116894,"fee_usd":0.22583470136400002,"balance_before_usd":9970.11744185932,"balance_after_usd":9969.809258956677,"decision":"ALLOW","cert_hash":"a7cc740e5ae0828ac4f676a39541e3a21ea24b2f0af38dd7fe35d74eaafd23f5","prev_hash":"e90b35d99c977e68390ceff1091ae0b645bfcdaa20bf4b4f09a9d7d7a8475f38","record_hash":"5dceb6cf01fa4c35aeef81a031256fd978760d186fc30c90e31254d6fe58f847","signature_hex":"5cb2f0bc89d99819a3ac13bc4202abf82411c3f67fc57627c8f6a7243de50d27cd0520a5042b809a08f0f88d86cd3f2adca7cad933b466fac4092332767fb20b","public_key_hex":"c2f8243b0d573587f285c830a868acd19249d17d59ecbf9329e796dfed6fb630"}
{"seq":113,"ts":1781834580000,"agent_id":"persona-team","symbol":"SOLUSDT","side":"sell","price":70.01024453511313,"quantity":3.0647435409597414,"notional_usd":214.56344474,"fee_usd":0.128738066844,"balance_before_usd":9968.905827388591,"balance_after_usd":9968.731867606042,"decision":"ALLOW","cert_hash":"f8c369e0ac33af50c211783f4e08913c6478ce2160b5187a1a0bfcdca37d4680","prev_hash":"5dceb6cf01fa4c35aeef81a031256fd978760d186fc30c90e31254d6fe58f847","record_hash":"5d249c7caa112c61af310aaae438d2d129975fbe453a39da379e776a24a6b5d2","signature_hex":"d30bf5b5bb45166d8ba9c46fc52b64605aaf3082203032e7b30a6a02f9f2695fb9cc1f782ad7aaa71c9a034908df0a7be79093a8c46f5ef894154e856aa0e207","public_key_hex":"c2f8243b0d573587f285c830a868acd19249d17d59ecbf9329e796dfed6fb630"}
{"seq":114,"ts":1781834760000,"agent_id":"persona-team","symbol":"SOLUSDT","side":"buy","price":69.97015927243893,"quantity":4.7702259108830205,"notional_usd":333.77346675,"fee_usd":0.20026408005000002,"balance_before_usd":9969.477829988078,"balance_after_usd":9969.205252753849,"decision":"ALLOW","cert_hash":"145cb2c72c1d18513374d6692e4eff85140e2cc4ae1fb04499dda729cfa844d7","prev_hash":"5d249c7caa112c61af310aaae438d2d129975fbe453a39da379e776a24a6b5d2","record_hash":"e79ed78e05fdebb474ef244edce4523214f31efe4d61a9b7a0faeb36eaa9ac65","signature_hex":"47f295ae7a9389476ea75803cd5525dda3a4b8717b68aef953061b6c0777eb2f4082b64ecba2bd333847a53464545b1403785e0b51ae9a40507c08bd833b6404","public_key_hex":"c2f8243b0d573587f285c830a868acd19249d17d59ecbf9329e796dfed6fb630"}
{"seq":115,"ts":1781834820000,"agent_id":"persona-team","symbol":"SOLUSDT","side":"buy","price":69.87562128368283,"quantity":6.753729628450571,"notional_usd":471.92105377,"fee_usd":0.283152632262,"balance_before_usd":9969.764458810792,"balance_after_usd":9969.375804252086,"decision":"ALLOW","cert_hash":"ea5fe2462465ea9c1f578de668d30f377f79c12725bda0b4e3887d3bdcad6aba","prev_hash":"e79ed78e05fdebb474ef244edce4523214f31efe4d61a9b7a0faeb36eaa9ac65","record_hash":"43bf1ceb9fd1a72d6f771da36e4489db3356076b84738d94d977834480aa0a90","signature_hex":"849a0e042c59959a4ad07568c896a3fd9f01bc085e6f6fedc0b08d01f09a623badc6372f65d517a202ce25726b1dacf9bf391a7b8c95d1ad63896249b0db8a07","public_key_hex":"c2f8243b0d573587f285c830a868acd19249d17d59ecbf9329e796dfed6fb630"}
{"seq":116,"ts":1781835360000,"agent_id":"persona-team","symbol":"SOLUSDT","side":"buy","price":69.76478910279926,"quantity":3.4455621294260457,"notional_usd":240.3789153,"fee_usd":0.14422734918,"balance_before_usd":9969.2803957431,"balance_after_usd":9969.085211621388,"decision":"ALLOW","cert_hash":"5efad0a1c341003dd398adb95ec01ab6916ee1426fa5246bb20ec39e850291a1","prev_hash":"43bf1ceb9fd1a72d6f771da36e4489db3356076b84738d94d977834480aa0a90","record_hash":"de623374470e002083705cfdd55454215c0287a9c855471d800152e8781685c4","signature_hex":"307064feebea885f236ac34dc6f93ee26883f1a9536109dda07019aa23b3bd743f967491b3ef2644a84afb1264fe454f924fcddbdb4ec02a4603f1fc5bbeda0a","public_key_hex":"c2f8243b0d573587f285c830a868acd19249d17d59ecbf9329e796dfed6fb630"}
{"seq":117,"ts":1781836380000,"agent_id":"persona-team","symbol":"SOLUSDT","side":"sell","price":69.51419703780753,"quantity":3.7157059662146183,"notional_usd":258.29431667,"fee_usd":0.154976590002,"balance_before_usd":9968.132058022733,"balance_after_usd":9967.922077977795,"decision":"ALLOW","cert_hash":"cce3ab4da9c516b7ad0c1452761f7b55fa5e82c2bc833a39f40a460cd07b16a5","prev_hash":"de623374470e002083705cfdd55454215c0287a9c855471d800152e8781685c4","record_hash":"235224a4c6c4b6cc748d92c6a93ae06a36b333fe491d790f1751ea3790e713fc","signature_hex":"50ec11d961c48b62f4e05c5865c0da213bd4e871bd1427ec35b25e49706f27f77de0b91b7eccb0a17f43af6a22a71f467daa8aa255139f1158ace80acb60f901","public_key_hex":"c2f8243b0d573587f285c830a868acd19249d17d59ecbf9329e796dfed6fb630"}
{"seq":118,"ts":1781837340000,"agent_id":"persona-team","symbol":"SOLUSDT","side":"sell","price":69.50739424006392,"quantity":2.9059718008185005,"notional_usd":201.98652761,"fee_usd":0.12119191656600001,"balance_before_usd":9967.917897534082,"balance_after_usd":9967.754261691014,"decision":"ALLOW","cert_hash":"de6eec2e98d94fce6884e24030554603e1a020830feda51147a345281b6be5d6","prev_hash":"235224a4c6c4b6cc748d92c6a93ae06a36b333fe491d790f1751ea3790e713fc","record_hash":"825d5071d91855efafb07fb4e10b6ec1c960277619bf4035849925ab5f99d549","signature_hex":"6b97e16177bfb84debc91ba31fc224cc304a6fb0ed0538c98e810f5cb159099cc673bf241558230f016e03ae888e4a841cfcd471f8efbeace0f27d6399fffd08","public_key_hex":"c2f8243b0d573587f285c830a868acd19249d17d59ecbf9329e796dfed6fb630"}
{"seq":119,"ts":1781837460000,"agent_id":"persona-team","symbol":"SOLUSDT","side":"sell","price":69.6085137089251,"quantity":10.573598981551442,"notional_usd":736.01250966,"fee_usd":0.441607505796,"balance_before_usd":9967.516458838752,"balance_after_usd":9966.900531902438,"decision":"ALLOW","cert_hash":"997562a05bd83b9a301bf891093e7828f8477cd4e7e9d8d21624ddcb27cc0cae","prev_hash":"825d5071d91855efafb07fb4e10b6ec1c960277619bf4035849925ab5f99d549","record_hash":"9376567f9c1d90fcb95b07b8903668fa35d5bff0c1903ad6e663e12b18be2427","signature_hex":"9cb2433dd92975a81f8daf15419d84e6aca56204be6f477a6092070cb2374f83908befaa1356bb33b8c20234d238ec054af08c6cb603b2d4e914a509090fab01","public_key_hex":"c2f8243b0d573587f285c830a868acd19249d17d59ecbf9329e796dfed6fb630"}
{"seq":120,"ts":1781837880000,"agent_id":"persona-team","symbol":"SOLUSDT","side":"buy","price":69.66280118232893,"quantity":3.589535217303764,"notional_usd":250.05707818,"fee_usd":0.150034246908,"balance_before_usd":9966.604237518077,"balance_after_usd":9966.401073905941,"decision":"ALLOW","cert_hash":"4cda63f58b5d105532dc87381dc8ea6e57cf1c9e388164abd238105ce09e6b07","prev_hash":"9376567f9c1d90fcb95b07b8903668fa35d5bff0c1903ad6e663e12b18be2427","record_hash":"b6785d16e0440ede85dd5d2efc0b7bf32c9c079a6194751364d2d76ee7043e60","signature_hex":"97bfdbf4c415fc4639738bebe8caf0e662681194fb60bc27ae325f14b34b60812872d6298b441a7dbfad790436154ef4e0fa8fea19c37172da228c33f5fa1b08","public_key_hex":"c2f8243b0d573587f285c830a868acd19249d17d59ecbf9329e796dfed6fb630"}
{"seq":121,"ts":1781838120000,"agent_id":"persona-team","symbol":"SOLUSDT","side":"buy","price":69.6238094322466,"quantity":3.6597865051891905,"notional_usd":254.8082782,"fee_usd":0.15288496691999998,"balance_before_usd":9966.763494249428,"balance_after_usd":9966.556409922223,"decision":"ALLOW","cert_hash":"a8c81230170d51d119d0d433399f2acfe7575c86dd4ab819e7ec139b64caaaf5","prev_hash":"b6785d16e0440ede85dd5d2efc0b7bf32c9c079a6194751364d2d76ee7043e60","record_hash":"dcee654205b4015ca4df486fa86eaae25a171c813caa58e3e28f3a763c60d8fa","signature_hex":"57738361651924131debe35016e30ad299e2e85791a95fb5c1e0f43cfc953acdd9751e6bec3fecb8e938ccf0dcdd9537c95c261b244c87eb0c9387041da87303","public_key_hex":"c2f8243b0d573587f285c830a868acd19249d17d59ecbf9329e796dfed6fb630"}
{"seq":122,"ts":1781838240000,"agent_id":"persona-team","symbol":"SOLUSDT","side":"sell","price":69.63131064740193,"quantity":3.138131846555341,"notional_usd":218.51223346,"fee_usd":0.131107340076,"balance_before_usd":9966.34798733807,"balance_after_usd":9966.1707828728,"decision":"ALLOW","cert_hash":"7bcc35b2f9cbdd00fbc8f47ca66c82162a9fa07798d88de9b83071c13c2757e3","prev_hash":"dcee654205b4015ca4df486fa86eaae25a171c813caa58e3e28f3a763c60d8fa","record_hash":"44af834257bf4a3cda87d83428cc44c6dad767033bacb86b66b963039ac7b768","signature_hex":"f4174d764719420277c8400eece4d94c845b8f091f4d7700fe847916cc3353c48b4ed0e44afa8f4db8e9f8cea859573478558044910f1251633c320fc39afb0a","public_key_hex":"c2f8243b0d573587f285c830a868acd19249d17d59ecbf9329e796dfed6fb630"}
{"seq":123,"ts":1781838300000,"agent_id":"persona-team","symbol":"SOLUSDT","side":"buy","price":69.62587642556544,"quantity":8.061366868107497,"notional_usd":561.27973338,"fee_usd":0.33676784002800003,"balance_before_usd":9966.486545160615,"balance_after_usd":9966.02179162955,"decision":"ALLOW","cert_hash":"0e89b672be6b6d2df1bbbce3d1947f8240e8eb6570c93321e4e5728e23134937","prev_hash":"44af834257bf4a3cda87d83428cc44c6dad767033bacb86b66b963039ac7b768","record_hash":"37e7e66e80d8cddfd921b4e3e54af1d1bdf5047affd337384343ea84120f38f6","signature_hex":"26a2469c4c25ca9fd47d96e778992b041471b1ad1362e2669ca6cc05d48f1c4e8a112a914156ca836ca8ee2889af36a5d398263838329df4e8ff92ba212c0f0a","public_key_hex":"c2f8243b0d573587f285c830a868acd19249d17d59ecbf9329e796dfed6fb630"}
{"seq":124,"ts":1781838540000,"agent_id":"persona-team","symbol":"SOLUSDT","side":"buy","price":69.55871714858081,"quantity":3.3388754912473035,"notional_usd":232.24789589,"fee_usd":0.13934873753399998,"balance_before_usd":9966.068638943914,"balance_after_usd":9965.880151479685,"decision":"ALLOW","cert_hash":"c6aa03810ad1b35b60cc3c94cc58301fb6b3408d19cb350c2e5ca636599b6577","prev_hash":"37e7e66e80d8cddfd921b4e3e54af1d1bdf5047affd337384343ea84120f38f6","record_hash":"21e8e25c368c5ab6fb6ed0c448fad862f637cfb9a6e42c56e12d71d764705c9b","signature_hex":"1dd5253221e43e3a0e116b3642fa8febe4ef6cff4b349d709049355b72bdd19cbe7b7f02835408a10a6c64845e6e9d937d6f890b9bffdef155966a397743fc0d","public_key_hex":"c2f8243b0d573587f285c830a868acd19249d17d59ecbf9329e796dfed6fb630"}
{"seq":125,"ts":1781839440000,"agent_id":"persona-team","symbol":"SOLUSDT","side":"sell","price":69.26032531251083,"quantity":3.4200114224299325,"notional_usd":236.87110369,"fee_usd":0.142122662214,"balance_before_usd":9965.172932268972,"balance_after_usd":9964.980622007926,"decision":"ALLOW","cert_hash":"0130d529db49760271bb983978463f51cd0e714463fcf9b025facd29840d60ec","prev_hash":"21e8e25c368c5ab6fb6ed0c448fad862f637cfb9a6e42c56e12d71d764705c9b","record_hash":"c339cf38b633da30089153b4b419909289703ef9e0decf351462b1c78f5eda70","signature_hex":"a9e5ef2b06cb3dd537efdb3ec16df14d2d5b1965e3f4002544d029e1972991f42ff37ac799cefa72a46af5c9db2e92e8f1bfb45e7ffc9d05bc40d8b66cbadc0c","public_key_hex":"c2f8243b0d573587f285c830a868acd19249d17d59ecbf9329e796dfed6fb630"}
{"seq":126,"ts":1781839740000,"agent_id":"persona-team","symbol":"SOLUSDT","side":"sell","price":69.29954696821562,"quantity":6.623856157682173,"notional_usd":459.03023091,"fee_usd":0.275418138546,"balance_before_usd":9964.948984258941,"balance_after_usd":9964.571207460656,"decision":"ALLOW","cert_hash":"e6802d81412f80f7202fa31c8623d69d1de113f2e0942ee7cd5a27631e2b9c19","prev_hash":"c339cf38b633da30089153b4b419909289703ef9e0decf351462b1c78f5eda70","record_hash":"999eb4f33ad2225917f67071f8b989d6373b32217df845e9b7cd64f95a954e72","signature_hex":"4918bfdd6c1e8227644fe927545c16f68eb9576000d7908aeaacffb12d5de9360d4a975c89f3c09d1b014cc2667ba60147ae01ad1b958eb73495757bac41de00","public_key_hex":"c2f8243b0d573587f285c830a868acd19249d17d59ecbf9329e796dfed6fb630"}
{"seq":127,"ts":1781839800000,"agent_id":"persona-team","symbol":"SOLUSDT","side":"buy","price":69.24563025770274,"quantity":3.267818842833463,"notional_usd":226.28217534,"fee_usd":0.13576930520400002,"balance_before_usd":9965.194050650769,"balance_after_usd":9965.010472313768,"decision":"ALLOW","cert_hash":"807bdef5ed78714373aaedf2375de262200c17ecc6d309445476de807f469925","prev_hash":"999eb4f33ad2225917f67071f8b989d6373b32217df845e9b7cd64f95a954e72","record_hash":"c53d38216b56f742ddadb7a479c2e762820998082af03821038fd8af9a395311","signature_hex":"edda1d4ceab38ddfa4af9b39c8c29f4c8388107e8eaf0af1527872c2266033cd8324db04aa05fe0ed35e3b73a6d64f804c03a834358271af6c9494e94caa2705","public_key_hex":"c2f8243b0d573587f285c830a868acd19249d17d59ecbf9329e796dfed6fb630"}
{"seq":128,"ts":1781839980000,"agent_id":"persona-team","symbol":"SOLUSDT","side":"buy","price":69.06571558535977,"quantity":3.7936407182544243,"notional_usd":262.01051088,"fee_usd":0.157206306528,"balance_before_usd":9965.756928900872,"balance_after_usd":9965.543896950529,"decision":"ALLOW","cert_hash":"d3eeb2cc7f2a127e008691f8084da7cd08d10f7490cf80ba867c1a98f945942d","prev_hash":"c53d38216b56f742ddadb7a479c2e762820998082af03821038fd8af9a395311","record_hash":"bfacd96c28645eba850ae75fb726083e755105a489b59fbdd92e148c4de1627a","signature_hex":"6a01414052998ff7009cfdf2b584107735f127cb563328eaa3319c4bb879b3ee421cc800918d5c7d422cca4ce3319000c99a502dab141af4d3217395f9e08405","public_key_hex":"c2f8243b0d573587f285c830a868acd19249d17d59ecbf9329e796dfed6fb630"}
{"seq":129,"ts":1781840280000,"agent_id":"persona-team","symbol":"SOLUSDT","side":"buy","price":68.97051403987358,"quantity":3.0365374993279355,"notional_usd":209.43155223,"fee_usd":0.125658931338,"balance_before_usd":9965.577464281045,"balance_after_usd":9965.407732923362,"decision":"ALLOW","cert_hash":"623c9f4663bd4bef6e87422980f1e43865b33d447f4c6c87b41cd3b579163f81","prev_hash":"bfacd96c28645eba850ae75fb726083e755105a489b59fbdd92e148c4de1627a","record_hash":"e251f4051a58d4e8d4fd9ff86514cbb5ca791a707f13a5b77cc9cda9bc0c4bd7","signature_hex":"7c6ca644a05120100217f221cefef40801d6bc31e422b0e9e1a74cefef1604c0ba02c8c5d14a8fb69d344a3e0144396b6ae6d3337966fda4718ff2e149cf1c06","public_key_hex":"c2f8243b0d573587f285c830a868acd19249d17d59ecbf9329e796dfed6fb630"}
