{"seq":0,"ts":1778526000000,"agent_id":"regime","symbol":"SOLUSDT","side":"buy","price":98.16244186266,"quantity":20.37439128499084,"notional_usd":2000.0,"fee_usd":1.2,"balance_before_usd":10000.0,"balance_after_usd":9998.200139970006,"decision":"ALLOW_CAPPED","cert_hash":"a5e2d90cd821904c127f1bd1d53c0ab749c33b34286f6c4119f111ae53c3bf0f","prev_hash":"0000000000000000000000000000000000000000000000000000000000000000","record_hash":"aea3cbf94c1a6346d12e9c164fee8f6d5a83f8f2330aea98c3f698c99c8a867e","signature_hex":"461b2ced1e79981cef241e1ce6449b0c586a373a10f4f141ed8afb3ded1a699c4d1a341329b13b1eb0a1a27f864eacb1fac61c124223e2ff260525a524309805","public_key_hex":"c2f8243b0d573587f285c830a868acd19249d17d59ecbf9329e796dfed6fb630"}
{"seq":1,"ts":1778529600000,"agent_id":"regime","symbol":"SOLUSDT","side":"buy","price":97.60727535156,"quantity":20.49027588155123,"notional_usd":2000.0,"fee_usd":1.2,"balance_before_usd":9986.892352806837,"balance_after_usd":9985.092492776843,"decision":"ALLOW_CAPPED","cert_hash":"acc0c66633811f12c67fdba689b2dc4af7d7c36cf89738b325481620a7acac7a","prev_hash":"aea3cbf94c1a6346d12e9c164fee8f6d5a83f8f2330aea98c3f698c99c8a867e","record_hash":"b86fc75f2be479fe00593806b53410952a1b3465685bd2db13ae0dee9e75d840","signature_hex":"ac680089b105513b0cdbd84daea6ac1ca71fb1865ad4890e73a459da420cdacbe8985f842b98839a4fb1fe90875fd1c57dc997eb34ae91c669ea636960352f09","public_key_hex":"c2f8243b0d573587f285c830a868acd19249d17d59ecbf9329e796dfed6fb630"}
{"seq":2,"ts":1778533200000,"agent_id":"regime","symbol":"SOLUSDT","side":"buy","price":97.36720334675998,"quantity":20.54079742721246,"notional_usd":2000.0,"fee_usd":1.2,"balance_before_usd":9975.284972656871,"balance_after_usd":9973.485112626879,"decision":"ALLOW_CAPPED","cert_hash":"67ba1fb9b6c7951903aedc4116e6fa322c4d8598dc9053261107d39bbbf164e3","prev_hash":"b86fc75f2be479fe00593806b53410952a1b3465685bd2db13ae0dee9e75d840","record_hash":"7add3a859c7ad15699544ccb1fb38d6f5613bf27e9aa76bd38a9ecd575e1f90e","signature_hex":"117d5db887cf8787d049f80fe2e25e2eb04d699a56a491e13d4bf257a65a5542d25c20f25192b90b34577e32808265e0a8d58abca7c38fd9a2e8820630907604","public_key_hex":"c2f8243b0d573587f285c830a868acd19249d17d59ecbf9329e796dfed6fb630"}
{"seq":3,"ts":1778554800000,"agent_id":"regime","symbol":"SOLUSDT","side":"sell","price":96.06817282194,"quantity":20.818549382707122,"notional_usd":2000.0,"fee_usd":1.2,"balance_before_usd":9897.28093106603,"balance_after_usd":9895.480791036023,"decision":"ALLOW_CAPPED","cert_hash":"64dcfb3aa523d58f768450edd24b270b047b8425a8e1b376136fc3c1321e3df3","prev_hash":"7add3a859c7ad15699544ccb1fb38d6f5613bf27e9aa76bd38a9ecd575e1f90e","record_hash":"919425cd5634d4ed1b5cb25625bda73658318997ed8410a534a8b374d5d332ed","signature_hex":"543f1a577d0e993d1ae5e4a488379cb5786ed517a8f6c203f0a91891a9f401114408c270347ce4f999c81783bac92f6d73881aec18bdd702e7c4005c0523ca02","public_key_hex":"c2f8243b0d573587f285c830a868acd19249d17d59ecbf9329e796dfed6fb630"}
{"seq":4,"ts":1778558400000,"agent_id":"regime","symbol":"SOLUSDT","side":"sell","price":96.28310832624,"quantity":20.77207554645326,"notional_usd":2000.0,"fee_usd":1.2,"balance_before_usd":9904.2069778064,"balance_after_usd":9902.406837776392,"decision":"ALLOW_CAPPED","cert_hash":"b6ea7d165c794bb4aa05998581366e5e9bb51ae6fcc13ae4e5ce4de8821ee364","prev_hash":"919425cd5634d4ed1b5cb25625bda73658318997ed8410a534a8b374d5d332ed","record_hash":"3bbdd0cd537f7cd75af4ca48ec884de35f8b4ba84215a876470d9be811236189","signature_hex":"cccb4abce581c9ea2cde5a50d8c3ef33c5d36955c11cfa9c536ccdb7260e1b047a73f620e5fc40ebccd1251cb56ca59144e72fbde19b82b5e50dd441294f1206","public_key_hex":"c2f8243b0d573587f285c830a868acd19249d17d59ecbf9329e796dfed6fb630"}
{"seq":5,"ts":1778562000000,"agent_id":"regime","symbol":"SOLUSDT","side":"sell","price":96.48946880893592,"quantity":19.820698759747795,"notional_usd":1912.48869475,"fee_usd":1.14749321685,"balance_before_usd":9906.488694747299,"balance_after_usd":9904.775693387113,"decision":"ALLOW","cert_hash":"3c1a2564c63ec908778cafbc7e3d36a0ade1fdc855fbe4ddcd3e08347529d847","prev_hash":"3bbdd0cd537f7cd75af4ca48ec884de35f8b4ba84215a876470d9be811236189","record_hash":"00fc4f0ad69f5ce09d70aab73b61b710f2c3c717519981e7367c3259eedd886b","signature_hex":"35fb5a86b6546c79741ecfb6d9a97ba0595659980d8b8c0f2b1879c35c2b957707b2dbc57bc06c2588211a1c711decb93f80a5ca8d90bb61645f269f5c63e10f","public_key_hex":"c2f8243b0d573587f285c830a868acd19249d17d59ecbf9329e796dfed6fb630"}
{"seq":6,"ts":1778580000000,"agent_id":"regime","symbol":"SOLUSDT","side":"buy","price":95.00749559958,"quantity":21.050970635298395,"notional_usd":2000.0,"fee_usd":1.2,"balance_before_usd":9904.784710534555,"balance_after_usd":9902.984850504561,"decision":"ALLOW_CAPPED","cert_hash":"d7c372510f2b52f087843de9ebd3bb113e163a831e87a0e0d04bf256b9a9c7bb","prev_hash":"00fc4f0ad69f5ce09d70aab73b61b710f2c3c717519981e7367c3259eedd886b","record_hash":"eca105b218889ed9f732e1a398676378329016d2c98fe30b03e83977e7fc2bdc","signature_hex":"7d4be6b69cab69c249a6af8036e27a1f3e621ed1602b5860286e2089b8497253888d0dccde1e1de968d5ad06f1473a96f68c8f5459f5d4c1273d9c08511f190f","public_key_hex":"c2f8243b0d573587f285c830a868acd19249d17d59ecbf9329e796dfed6fb630"}
{"seq":7,"ts":1778583600000,"agent_id":"regime","symbol":"SOLUSDT","side":"buy","price":94.9734853989,"quantity":21.058509031228674,"notional_usd":2000.0,"fee_usd":1.2,"balance_before_usd":9902.269316712196,"balance_after_usd":9900.469456682202,"decision":"ALLOW_CAPPED","cert_hash":"e4e935c6894330314d7c714dc4248cea63d8ee6b832c62b0da74f367beedc86d","prev_hash":"eca105b218889ed9f732e1a398676378329016d2c98fe30b03e83977e7fc2bdc","record_hash":"9ade183697be5a4101463b1d52bb437bd5e64fb4ac98658184004b41453488c2","signature_hex":"88c0a2edff99db238c491c2670cf6f6746555ea309e52fa4bd8fd7e92f7fb94f0022356d0200768b9e917b424ea784f680fc38732a07f2e823427a85f2d9db03","public_key_hex":"c2f8243b0d573587f285c830a868acd19249d17d59ecbf9329e796dfed6fb630"}
{"seq":8,"ts":1778587200000,"agent_id":"regime","symbol":"SOLUSDT","side":"sell","price":95.15344730364001,"quantity":21.018681473703076,"notional_usd":2000.0,"fee_usd":1.2,"balance_before_usd":9910.448014757618,"balance_after_usd":9908.647874727612,"decision":"ALLOW_CAPPED","cert_hash":"ed89a85b06cf72049be47cc3de9d4f018cf3315da3015d24bf9ab676eec60539","prev_hash":"9ade183697be5a4101463b1d52bb437bd5e64fb4ac98658184004b41453488c2","record_hash":"942d563884a43d209e7f55094b20739b7d7d61665437875c499539aa7e53fa57","signature_hex":"e4268ed32d925521e1b3f696e73c8155a20e224d072ac58ef386b94cdec1de831635eaded2c8f4cb7876ad5a17c3eae16ba3e088cf0e035a0e73499cd285f302","public_key_hex":"c2f8243b0d573587f285c830a868acd19249d17d59ecbf9329e796dfed6fb630"}
{"seq":9,"ts":1778590800000,"agent_id":"regime","symbol":"SOLUSDT","side":"buy","price":94.69940319342,"quantity":21.119457278047197,"notional_usd":2000.0,"fee_usd":1.2,"balance_before_usd":9897.873470848703,"balance_after_usd":9896.07361081871,"decision":"ALLOW_CAPPED","cert_hash":"4c77df9a4d01e691b6ba911056a5e43fc62d340778d76737510bf754848d566e","prev_hash":"942d563884a43d209e7f55094b20739b7d7d61665437875c499539aa7e53fa57","record_hash":"2ba258665061004556ffe4ecaefe29bf6a6f5db84aad0d37860d99fe935145ea","signature_hex":"32446efe1394ad372eabd212d93ad63865f393caaf8191f55680e9b4878a1b46cfb60301f7306e8fdb20fa7a533bf75279b1c39d856b049df4dfa8bbe1025d0d","public_key_hex":"c2f8243b0d573587f285c830a868acd19249d17d59ecbf9329e796dfed6fb630"}
{"seq":10,"ts":1778594400000,"agent_id":"regime","symbol":"SOLUSDT","side":"buy","price":94.55509785386297,"quantity":20.565181302496608,"notional_usd":1944.54273044,"fee_usd":1.166725638264,"balance_before_usd":9889.996177740606,"balance_after_usd":9888.25161464344,"decision":"ALLOW","cert_hash":"b58882214bb6bc6fb984d65934b0143b4f9570bd46dc993ff4f3ee3fd6f3e99e","prev_hash":"2ba258665061004556ffe4ecaefe29bf6a6f5db84aad0d37860d99fe935145ea","record_hash":"d9ec7ecbcb989a72f70394fdde7f2516ab2a21d6e8d9fd29b0566d2523c47b96","signature_hex":"6f0a399d8229e56f22f8c8faaa6ce6d80ca9801df7deacf368a1f3de5cc15e8a994cc956b27760086774b8c6822b6b2e29b938ce2f82a29ca967f7a92df25502","public_key_hex":"c2f8243b0d573587f285c830a868acd19249d17d59ecbf9329e796dfed6fb630"}
{"seq":11,"ts":1778601600000,"agent_id":"regime","symbol":"SOLUSDT","side":"sell","price":93.7818588762,"quantity":21.32608613186234,"notional_usd":2000.0,"fee_usd":1.2,"balance_before_usd":9843.24582744816,"balance_after_usd":9841.445687418152,"decision":"ALLOW_CAPPED","cert_hash":"20d8d4f6cb682ee7f2e8097d1ffe4bf7a663ff58356c9c900753beed2199acd5","prev_hash":"d9ec7ecbcb989a72f70394fdde7f2516ab2a21d6e8d9fd29b0566d2523c47b96","record_hash":"ed32e17ea4a0d6ce4b9c8d8fbe3f57e619b751d60d2130f1aaa1a40438af9e28","signature_hex":"e29d3b716fc8445b16f1a576963ed9cd526a97b3a8e16c2a669efe6301dbbdb7b232c2a00c518d96b7dcb0f2047e056fec4560aba8c8806d0f4982360796b50f","public_key_hex":"c2f8243b0d573587f285c830a868acd19249d17d59ecbf9329e796dfed6fb630"}
{"seq":12,"ts":1778605200000,"agent_id":"regime","symbol":"SOLUSDT","side":"sell","price":94.47065218998,"quantity":21.170595879639002,"notional_usd":2000.0,"fee_usd":1.2,"balance_before_usd":9870.000253093589,"balance_after_usd":9868.200113063584,"decision":"ALLOW_CAPPED","cert_hash":"6dece0d0e167224fd4f0946490c8fc652bc98283a2fb146c49cab6dc274d420e","prev_hash":"ed32e17ea4a0d6ce4b9c8d8fbe3f57e619b751d60d2130f1aaa1a40438af9e28","record_hash":"b379e0f1e0f4fe472ff2abe67e1be3214bdb9947e8f94740d1f91696f538752a","signature_hex":"28374057026df88dac33302eb8aa81d085157d5e3bf39f8862f36c7c02fc2f9372fa47c7db73ff32dc84c5622e543a484190dd6d36db6330a393847804c1f308","public_key_hex":"c2f8243b0d573587f285c830a868acd19249d17d59ecbf9329e796dfed6fb630"}
{"seq":13,"ts":1778608800000,"agent_id":"regime","symbol":"SOLUSDT","side":"sell","price":94.50403721825526,"quantity":20.278894210032792,"notional_usd":1916.43737317,"fee_usd":1.149862423902,"balance_before_usd":9868.869118620585,"balance_after_usd":9867.152201903864,"decision":"ALLOW","cert_hash":"430283c9ca756c21f070e161761b9f378e3d1ceb3f499438647781330de42308","prev_hash":"b379e0f1e0f4fe472ff2abe67e1be3214bdb9947e8f94740d1f91696f538752a","record_hash":"7f6833da7b2d02b889b84c83d6543e9cb9a2a1b523ec92b0eec6a95a98ebaa35","signature_hex":"49e4fcb41154184afb1869f6e4989cc8ad5b197307f0d06940df4c8976cf1605483dba29cd7b4d36fe048ba4ae024e9e4e1b271762e1f493442247df10cbf108","public_key_hex":"c2f8243b0d573587f285c830a868acd19249d17d59ecbf9329e796dfed6fb630"}
{"seq":14,"ts":1778684400000,"agent_id":"regime","symbol":"SOLUSDT","side":"sell","price":90.37088240796,"quantity":22.1310221468396,"notional_usd":2000.0,"fee_usd":1.2,"balance_before_usd":9867.176999881949,"balance_after_usd":9865.376859851942,"decision":"ALLOW_CAPPED","cert_hash":"3a836375028ab76657694d8a625c90aa231912a7ac28df4f9ce87852f6b0adbc","prev_hash":"7f6833da7b2d02b889b84c83d6543e9cb9a2a1b523ec92b0eec6a95a98ebaa35","record_hash":"9e5d558273174fa7bff15760fbd8551918c97cc56200cb1f6cdfac9150737f6c","signature_hex":"1ac3d3be8aa6be986e13d4bb074cd0b87e783de014b9d851f26e1811c3da041b126f7b4dfcbb5f135d4d9fc77487447bacd3ac0369118b6665a6b95b33a4d305","public_key_hex":"c2f8243b0d573587f285c830a868acd19249d17d59ecbf9329e796dfed6fb630"}
{"seq":15,"ts":1778688000000,"agent_id":"regime","symbol":"SOLUSDT","side":"sell","price":90.80675161668002,"quantity":22.024794020190743,"notional_usd":2000.0,"fee_usd":1.2,"balance_before_usd":9855.725118831033,"balance_after_usd":9853.924978801026,"decision":"ALLOW_CAPPED","cert_hash":"bbf6f0efa2ccdaa260f7c917de4f728f35d49a51548eb358461de9041394392e","prev_hash":"9e5d558273174fa7bff15760fbd8551918c97cc56200cb1f6cdfac9150737f6c","record_hash":"99a028f24e8fc798b35023450fb2fafdac02fae9659407436ba7fdc1b980987b","signature_hex":"dd0f42a0f9bbf04221bc5e2633233784988550a6f4a38ef720fc1aa228cac74f4a8acbf79bfe96a7f979d784100b330ecfaa331c3907a9a4e1b7d88e9062720a","public_key_hex":"c2f8243b0d573587f285c830a868acd19249d17d59ecbf9329e796dfed6fb630"}
{"seq":16,"ts":1778691600000,"agent_id":"regime","symbol":"SOLUSDT","side":"sell","price":90.83920220929008,"quantity":20.901764643369148,"notional_usd":1898.69962497,"fee_usd":1.1392197749819999,"balance_before_usd":9852.511800730295,"balance_after_usd":9850.81245984093,"decision":"ALLOW","cert_hash":"fd25040809ed256936fdee6501c0f7e1947db548cc83a74d8fea4802a8d8459a","prev_hash":"99a028f24e8fc798b35023450fb2fafdac02fae9659407436ba7fdc1b980987b","record_hash":"b066d81e43a1e320c75800566222491790cf602fea601ffc29d1a3b12ff82515","signature_hex":"8ee2b707ac50f3657d337f926dc3c5b458e5f139c212044a84c3ac6b7dd20c76fddba2405fa1719987a0d4ec1b3cd644897121ed036fd0434c0c2d736c838107","public_key_hex":"c2f8243b0d573587f285c830a868acd19249d17d59ecbf9329e796dfed6fb630"}
{"seq":17,"ts":1778770800000,"agent_id":"regime","symbol":"SOLUSDT","side":"buy","price":93.14393666232,"quantity":21.472143777331567,"notional_usd":2000.0,"fee_usd":1.2,"balance_before_usd":9704.419406295063,"balance_after_usd":9702.619546265068,"decision":"ALLOW_CAPPED","cert_hash":"7a945d264962f260ad7259775e6ed471f0d8a913e84ed0265fbed82dab13a8a5","prev_hash":"b066d81e43a1e320c75800566222491790cf602fea601ffc29d1a3b12ff82515","record_hash":"ad40729bdae207635f20108e4d83d8937eb4f0ffcaea8552d5556729fb01f90b","signature_hex":"ba6dcd902ee1ba45c53a588cd04e77449fd7fd7051ed77b95d7d946c887ccb7f0ca814104a9a9e4b6bd9deca76f745a9bbde1464e15433fba9f42cbfffabac0d","public_key_hex":"c2f8243b0d573587f285c830a868acd19249d17d59ecbf9329e796dfed6fb630"}
{"seq":18,"ts":1778774400000,"agent_id":"regime","symbol":"SOLUSDT","side":"buy","price":93.32199006587999,"quantity":21.431176066735336,"notional_usd":2000.0,"fee_usd":1.2,"balance_before_usd":9694.860270732472,"balance_after_usd":9693.060410702477,"decision":"ALLOW_CAPPED","cert_hash":"e4fea296d4200503789377711e81cfb8342aaaa4636ba8767e77107e35b2dfa5","prev_hash":"ad40729bdae207635f20108e4d83d8937eb4f0ffcaea8552d5556729fb01f90b","record_hash":"8b4a78caff906f2697a1e40d51570e8e63f6058fc1066234dcf103b770186a13","signature_hex":"49ed5e00995362469196aebb99e440f2609f84c916e290afbfcd1505cd1829a751eae8cdb54644296f9f7243268dc2646f8a0ed319015aaa08340fb34aa3d10e","public_key_hex":"c2f8243b0d573587f285c830a868acd19249d17d59ecbf9329e796dfed6fb630"}
{"seq":19,"ts":1778778000000,"agent_id":"regime","symbol":"SOLUSDT","side":"buy","price":93.00489495954001,"quantity":21.50424449025034,"notional_usd":2000.0,"fee_usd":1.2,"balance_before_usd":9700.085212967037,"balance_after_usd":9698.285352937042,"decision":"ALLOW_CAPPED","cert_hash":"cfcad6a2852308c1e7cc76e894534b3d5f588eeebe6729d6c63dfcf5a27b9a02","prev_hash":"8b4a78caff906f2697a1e40d51570e8e63f6058fc1066234dcf103b770186a13","record_hash":"39c2f96c69a6166863311f238f1e9bf4bbe8a8cc4f33dc3b3758542a6ecaed6c","signature_hex":"2af49a0eb1f2ea1e312cc51925be38a22fd6690407f07815e3c741ef3046c32510b792dc12f83bc271278b845a8c14a6bbe451c6cb3a1a81023408017181b402","public_key_hex":"c2f8243b0d573587f285c830a868acd19249d17d59ecbf9329e796dfed6fb630"}
{"seq":20,"ts":1778781600000,"agent_id":"regime","symbol":"SOLUSDT","side":"sell","price":93.37498096806,"quantity":21.41901373649675,"notional_usd":2000.0,"fee_usd":1.2,"balance_before_usd":9698.005890538776,"balance_after_usd":9696.205750508769,"decision":"ALLOW_CAPPED","cert_hash":"caaf812acfd46976d1e3b7b49126a4f040e644a1f2c913ac29df06da2ab73264","prev_hash":"39c2f96c69a6166863311f238f1e9bf4bbe8a8cc4f33dc3b3758542a6ecaed6c","record_hash":"8486a634ac9e7d6ae3b6c6dae4829881f6bf0e4306c09487c21702456738bb46","signature_hex":"a15492ff23708cf31c882a3e68be29ece7791ad4518ebbe3ca15b6045204965ed06ea63a2b7fe716e046162ea8b7c51fbf22068b2e9e87b12a4de189f3513007","public_key_hex":"c2f8243b0d573587f285c830a868acd19249d17d59ecbf9329e796dfed6fb630"}
{"seq":21,"ts":1778785200000,"agent_id":"regime","symbol":"SOLUSDT","side":"buy","price":92.89886315741998,"quantity":21.528788749663583,"notional_usd":2000.0,"fee_usd":1.2,"balance_before_usd":9707.949665806907,"balance_after_usd":9706.149805776913,"decision":"ALLOW_CAPPED","cert_hash":"a30f198cae4e20341ad994d88767db2fd08ff9fbcc95644b440d871de8a4ce94","prev_hash":"8486a634ac9e7d6ae3b6c6dae4829881f6bf0e4306c09487c21702456738bb46","record_hash":"8962b2a35e92aa2164d914938c6d4551c7006c769c609b68a63b8ef20fc82fb6","signature_hex":"53bb81b5e9785dcf9d87e208934fb8647fc4fdafe819c09a52846dc0eb09d716bfd2c90dfb12aba55eb8b9d29850c4c9fd8f0bb8afe861fbcb09db15ee12e50e","public_key_hex":"c2f8243b0d573587f285c830a868acd19249d17d59ecbf9329e796dfed6fb630"}
{"seq":22,"ts":1778853600000,"agent_id":"regime","symbol":"SOLUSDT","side":"sell","price":88.99129638036,"quantity":22.474107933564067,"notional_usd":2000.0,"fee_usd":1.2,"balance_before_usd":9708.25446852094,"balance_after_usd":9706.454328490932,"decision":"ALLOW_CAPPED","cert_hash":"37719aaa621eea68f3fcc5aa3e3fa60f215a52b9a893ceabe6d10c46116f83c5","prev_hash":"8962b2a35e92aa2164d914938c6d4551c7006c769c609b68a63b8ef20fc82fb6","record_hash":"1488cb150d7e49db0a1218a432fcdbb5aa1124a898092ab105ea7054c3c204d5","signature_hex":"12281e3ad88986a01c62493a87282d1be0dd6e1e1c7404e5b19de96026ab51247f329e1190b5f0a40ec71dccbc0c93490ebe187096f3d8811b273d674599be01","public_key_hex":"c2f8243b0d573587f285c830a868acd19249d17d59ecbf9329e796dfed6fb630"}
{"seq":23,"ts":1778857200000,"agent_id":"regime","symbol":"SOLUSDT","side":"sell","price":88.9882972803,"quantity":22.474865360107916,"notional_usd":2000.0,"fee_usd":1.2,"balance_before_usd":9706.523389534752,"balance_after_usd":9704.723249504745,"decision":"ALLOW_CAPPED","cert_hash":"ec0d09a6f45601d16ec14b37338c3785041c9c78cb21741e8222c6d77c94848f","prev_hash":"1488cb150d7e49db0a1218a432fcdbb5aa1124a898092ab105ea7054c3c204d5","record_hash":"adfa8550088916bfcd0ace5d621d131468579458ff3c33d4ed678f54ee5f382f","signature_hex":"b876e44c0fa624d7dfe458a9f3e339be0c52c1a35736609377a29d77a4421965d1416ae0fb157b8b439d27b7d0a3920836139b47dd83fc8dfc64a7c23722160e","public_key_hex":"c2f8243b0d573587f285c830a868acd19249d17d59ecbf9329e796dfed6fb630"}
{"seq":24,"ts":1778860800000,"agent_id":"regime","symbol":"SOLUSDT","side":"sell","price":89.4693249432246,"quantity":19.42718596684379,"notional_usd":1738.137214,"fee_usd":1.0428823284,"balance_before_usd":9682.885547120788,"balance_after_usd":9681.343870689703,"decision":"ALLOW","cert_hash":"fe5ba18d5c1d44650fbbb61e9fecc9ae3c5a695d1dc59cfbdcda061e5b79e824","prev_hash":"adfa8550088916bfcd0ace5d621d131468579458ff3c33d4ed678f54ee5f382f","record_hash":"1e0c77df31dee94bfc4520ba04e073c22424c452d6fcf0dc798f94c94d19fe33","signature_hex":"9b2c9e5f007fe48a829b995c970f8130e8cdbb12f84a1814dacc7d7198e4ff4a2226a91ead8274ea7d2a03754424fa50505646c77468e1be55c231699be6bc0c","public_key_hex":"c2f8243b0d573587f285c830a868acd19249d17d59ecbf9329e796dfed6fb630"}
{"seq":25,"ts":1778914800000,"agent_id":"regime","symbol":"SOLUSDT","side":"sell","price":87.41458421933203,"quantity":2.434012374481392,"notional_usd":212.7681797,"fee_usd":0.12766090781999997,"balance_before_usd":9815.213857977746,"balance_after_usd":9815.041372831893,"decision":"ALLOW","cert_hash":"80276418e60ae214891722caf487d2cb470689b30bc35a33361c5de322f78f67","prev_hash":"1e0c77df31dee94bfc4520ba04e073c22424c452d6fcf0dc798f94c94d19fe33","record_hash":"c147dc8229137bf9a0e37bff523765dd07dc86b427e092c02d4bee39aab72a30","signature_hex":"9f5c95cbf48222d76e078914acfef44f2fb65875aecb3f58d4fc85a9323a6925700d3a43a3a82dc8cf4e2601c9f6f494c0c020a3ef48c3d955dec541315f2f08","public_key_hex":"c2f8243b0d573587f285c830a868acd19249d17d59ecbf9329e796dfed6fb630"}
{"seq":26,"ts":1779015600000,"agent_id":"regime","symbol":"SOLUSDT","side":"buy","price":86.89006093728,"quantity":23.01759232789195,"notional_usd":2000.0,"fee_usd":1.2,"balance_before_usd":9853.367171055756,"balance_after_usd":9851.567311025761,"decision":"ALLOW_CAPPED","cert_hash":"aee799b2095387671bbdff4f33b9050bfd35f40bdce6e61a20b2838af812acea","prev_hash":"c147dc8229137bf9a0e37bff523765dd07dc86b427e092c02d4bee39aab72a30","record_hash":"cf55e62cfdaa81eb6e7d8a727e1f4a3bb7ad8d27942ca1ef4b156fe353dad3e9","signature_hex":"fd27b850fc79023f95708a376f62f626233977942ba7a45783c99e8b24a1f1bfe05a7f8c13249b737cf8edfa51a466ee9c0299dd8cb704bf6e4fae133a9d0f01","public_key_hex":"c2f8243b0d573587f285c830a868acd19249d17d59ecbf9329e796dfed6fb630"}
{"seq":27,"ts":1779019200000,"agent_id":"regime","symbol":"SOLUSDT","side":"buy","price":86.75502043457999,"quantity":23.053420885401728,"notional_usd":2000.0,"fee_usd":1.2,"balance_before_usd":9857.553051633062,"balance_after_usd":9855.753191603068,"decision":"ALLOW_CAPPED","cert_hash":"015442dc03e34741eb43bf921d27cd1467cd1d0159f3264dcd29224457cd7e35","prev_hash":"cf55e62cfdaa81eb6e7d8a727e1f4a3bb7ad8d27942ca1ef4b156fe353dad3e9","record_hash":"069dd89e26e2543d5f18037eb9710cdd617440d7dd6f638bf9a472b4f99797a2","signature_hex":"8c07951c8098d1355ede12d78fa206b124592036b3cac083f73f410f011dae7ba4408b5fbd1a3fc21cc1a57d45d98683cc4b195533ca9e7edd6104dfa947520a","public_key_hex":"c2f8243b0d573587f285c830a868acd19249d17d59ecbf9329e796dfed6fb630"}
{"seq":28,"ts":1779022800000,"agent_id":"regime","symbol":"SOLUSDT","side":"buy","price":86.38821218675616,"quantity":21.27918633685787,"notional_usd":1838.27086443,"fee_usd":1.102962518658,"balance_before_usd":9863.543647427694,"balance_after_usd":9861.904190089092,"decision":"ALLOW","cert_hash":"8c93777b158a7800edf2fb58216014d7c4dff4088b67bf8a4d55546c088528a4","prev_hash":"069dd89e26e2543d5f18037eb9710cdd617440d7dd6f638bf9a472b4f99797a2","record_hash":"5bd4db90cd0317527348a3ba3f0af16d91e8282e373c104c4a745e4d0f304110","signature_hex":"808da76962a88087c2b73af87ba9de43b0719fc57ecc2dc2e0ecc8c57db7e9a234c13efc3f6f2d3befb36cd577a2114b4eb6070af15c46a06fdc325ee1112208","public_key_hex":"c2f8243b0d573587f285c830a868acd19249d17d59ecbf9329e796dfed6fb630"}
{"seq":29,"ts":1779066000000,"agent_id":"regime","symbol":"SOLUSDT","side":"sell","price":84.91351999877999,"quantity":23.553375246117877,"notional_usd":2000.0,"fee_usd":1.2,"balance_before_usd":9861.913036106791,"balance_after_usd":9860.112896076784,"decision":"ALLOW_CAPPED","cert_hash":"ee8729de061c6f3842c2dc61cee65f6fdb6828b4deb73d712c927fa21ff57794","prev_hash":"5bd4db90cd0317527348a3ba3f0af16d91e8282e373c104c4a745e4d0f304110","record_hash":"dad8df275c0e03874b960812500c54e3c62cb01c83619dcbb5b92b5ebc69b7ad","signature_hex":"8d64faea755721368ac82124d86470c1e13af1c0155c10278e5d6103efe5f5166d7bf5fe383ff66bf9c53b510a7aab77515f27804533684b76538837dea3ea03","public_key_hex":"c2f8243b0d573587f285c830a868acd19249d17d59ecbf9329e796dfed6fb630"}
{"seq":30,"ts":1779069600000,"agent_id":"regime","symbol":"SOLUSDT","side":"sell","price":84.8195481969,"quantity":23.579470092875315,"notional_usd":2000.0,"fee_usd":1.2,"balance_before_usd":9862.32749728648,"balance_after_usd":9860.527357256473,"decision":"ALLOW_CAPPED","cert_hash":"0590a11859fcddc8e07adf66948eb60331b69a1dbd0f61f2ff97d081d59564cc","prev_hash":"dad8df275c0e03874b960812500c54e3c62cb01c83619dcbb5b92b5ebc69b7ad","record_hash":"41b9474eab73a4515cd27813218d38a22158abdbfb3d0f4d50bab198dad6230a","signature_hex":"14fced9322f50b72872d8242e1134840f011b62dac58dbd8b9e98509e718559fad1c677a35734a20646f8e807031b945e5aa7d9202f30a6c64be9d46124dbc0a","public_key_hex":"c2f8243b0d573587f285c830a868acd19249d17d59ecbf9329e796dfed6fb630"}
{"seq":31,"ts":1779073200000,"agent_id":"regime","symbol":"SOLUSDT","side":"sell","price":84.77990014540447,"quantity":22.644754040490156,"notional_usd":1919.81998637,"fee_usd":1.1518919918219999,"balance_before_usd":9862.412919553675,"balance_after_usd":9860.692647528085,"decision":"ALLOW","cert_hash":"d5f3bbb249f44b774dfafba14fb1df510d89f2a49af90b987d762dff6403665a","prev_hash":"41b9474eab73a4515cd27813218d38a22158abdbfb3d0f4d50bab198dad6230a","record_hash":"04a04eb60f0b7b2f321bcc3fd789e3d08d7a7802daaa0427a2086bdd4e0374b5","signature_hex":"a816cc849e101fa22384eaef5ab0223faa08e3b1642f9a63360ab32e9869b2a3f962f20de69f9ab02b2e0083fc46fee58a62ec5ce0fc63f0a103041bd694af0f","public_key_hex":"c2f8243b0d573587f285c830a868acd19249d17d59ecbf9329e796dfed6fb630"}
{"seq":32,"ts":1779138000000,"agent_id":"regime","symbol":"SOLUSDT","side":"buy","price":85.55866161066,"quantity":23.375774729870415,"notional_usd":2000.0,"fee_usd":1.2,"balance_before_usd":9809.890032777515,"balance_after_usd":9808.090172747521,"decision":"ALLOW_CAPPED","cert_hash":"e5ee086cb62d7ec6263c2713acbe773ff0273dd575ae0488221bcd2472004154","prev_hash":"04a04eb60f0b7b2f321bcc3fd789e3d08d7a7802daaa0427a2086bdd4e0374b5","record_hash":"9be79f35ad872cee918260469aff1832aaf9fd485588ff28a6bf31c9b3122a1a","signature_hex":"f7b8877cf63318d48eebbe5de1dc98a6c5a3de72840c7374111efffe4d8ad711626301386277ee030010135453f32e60cf02df86b960df5906317bd5fcfb6a08","public_key_hex":"c2f8243b0d573587f285c830a868acd19249d17d59ecbf9329e796dfed6fb630"}
{"seq":33,"ts":1779141600000,"agent_id":"regime","symbol":"SOLUSDT","side":"buy","price":85.44562770840001,"quantity":23.406697962655187,"notional_usd":2000.0,"fee_usd":1.2,"balance_before_usd":9813.334280899218,"balance_after_usd":9811.534420869224,"decision":"ALLOW_CAPPED","cert_hash":"6b862f63b400ab105ead2dd0e7c4423de49b0477a358db978a3ac5bc618a278d","prev_hash":"9be79f35ad872cee918260469aff1832aaf9fd485588ff28a6bf31c9b3122a1a","record_hash":"63bc1311a5efbb8b98f3cc2d78fdd4d0f985b88a645be8fba951bc3b0c17da6b","signature_hex":"f75742d3ed5fbed15a475f1c8e09b49efc6ea047d7effa340da0603925c2930ab6b2d54733776f5f29986c7adaa2a7b7a2b86ce26fa947c322d643f693997308","public_key_hex":"c2f8243b0d573587f285c830a868acd19249d17d59ecbf9329e796dfed6fb630"}
{"seq":34,"ts":1779145200000,"agent_id":"regime","symbol":"SOLUSDT","side":"buy","price":85.36044354984787,"quantity":22.99448272517204,"notional_usd":1962.81924462,"fee_usd":1.177691546772,"balance_before_usd":9813.489534665357,"balance_after_usd":9811.72678185114,"decision":"ALLOW","cert_hash":"3e5ee7d6bac11592d3b85b72c0e9bd4a29317311f89065aaf91c367e6a28c81f","prev_hash":"63bc1311a5efbb8b98f3cc2d78fdd4d0f985b88a645be8fba951bc3b0c17da6b","record_hash":"4b57692fd9d04a7f605d8ca41bae570b2c543dac511e64888e8c8ef1292228bb","signature_hex":"57e2b1d3dca1cb3eba90f6e6b8c865a8955f8bf31a3274a9132e3d58c757a93e8fbc639c90d8e30eb669a88b66223d4c84cba66ee03dbc7d77c4d19d586d270e","public_key_hex":"c2f8243b0d573587f285c830a868acd19249d17d59ecbf9329e796dfed6fb630"}
{"seq":35,"ts":1779278400000,"agent_id":"regime","symbol":"SOLUSDT","side":"sell","price":85.03748280126001,"quantity":23.51904047623533,"notional_usd":2000.0,"fee_usd":1.2,"balance_before_usd":9811.72864669752,"balance_after_usd":9809.928506667513,"decision":"ALLOW_CAPPED","cert_hash":"7ce45064089182c9d47408e331c8ca10bfc060e8a6bf29349ab6cb79963b7c4e","prev_hash":"4b57692fd9d04a7f605d8ca41bae570b2c543dac511e64888e8c8ef1292228bb","record_hash":"1c9f778181e8e341a66684897ea988059ff96de3398c48d03da3c2dea10a20e8","signature_hex":"ea6992b91e95f45fb91033820b83f648ca9dc138ea15cd2e8a72d1baa31579ccd231eb26949296574a2ef05d23643ebf38524179a6800526ded3cb86fc61c606","public_key_hex":"c2f8243b0d573587f285c830a868acd19249d17d59ecbf9329e796dfed6fb630"}
{"seq":36,"ts":1779282000000,"agent_id":"regime","symbol":"SOLUSDT","side":"buy","price":84.67035857820983,"quantity":23.518850577095343,"notional_usd":1991.34951171,"fee_usd":1.194809707026,"balance_before_usd":9819.762331416678,"balance_after_usd":9817.971117097888,"decision":"ALLOW","cert_hash":"b93271a0abe9954afd9688de4ac5d4cfc97cae16315fbd19c5adf7e7c79796e2","prev_hash":"1c9f778181e8e341a66684897ea988059ff96de3398c48d03da3c2dea10a20e8","record_hash":"9bed70a25c0af5276ffed0e984375328b2538ec671016c2ec10e32a2107b4e9a","signature_hex":"97f7ecab95241311f7f139e4283967cf4b0ad72917426257ef328c1488990b6a9702c11ffe9b3e1809d8d080ce842787b12fcf880d64c74bd4cb0d0674c78e00","public_key_hex":"c2f8243b0d573587f285c830a868acd19249d17d59ecbf9329e796dfed6fb630"}
{"seq":37,"ts":1779285600000,"agent_id":"regime","symbol":"SOLUSDT","side":"sell","price":85.77526141602,"quantity":23.316746192119044,"notional_usd":2000.0,"fee_usd":1.2,"balance_before_usd":9817.96297197737,"balance_after_usd":9816.162831947362,"decision":"ALLOW_CAPPED","cert_hash":"aae346b0cc3103f063e99d79fd2467c93169385748f62f4e51b1cf387305390c","prev_hash":"9bed70a25c0af5276ffed0e984375328b2538ec671016c2ec10e32a2107b4e9a","record_hash":"883f50465f1c9d96d5be2f0ef88684bfbebefc931a2b1682faf72d42dc4a0cb5","signature_hex":"f20839ce016466af5277ac2ed3bb00e36623fa98845e91eee37f916c87ef98db07b776d5eba7b1a9d36332a353b65f76fc2a6f40f3642633c11139b1e85d2b06","public_key_hex":"c2f8243b0d573587f285c830a868acd19249d17d59ecbf9329e796dfed6fb630"}
{"seq":38,"ts":1779289200000,"agent_id":"regime","symbol":"SOLUSDT","side":"sell","price":85.85123861754,"quantity":23.29611118262173,"notional_usd":2000.0,"fee_usd":1.2,"balance_before_usd":9814.390223744409,"balance_after_usd":9812.590083714402,"decision":"ALLOW_CAPPED","cert_hash":"db6d41cc270e148e18d323747bb528f48a6cacb18b05ea53afd182e055497d43","prev_hash":"883f50465f1c9d96d5be2f0ef88684bfbebefc931a2b1682faf72d42dc4a0cb5","record_hash":"c8f369fd7f35536fe8af8a10a9d5b507baa65c99c58ac34572ac01476b144777","signature_hex":"ddd1980e73b64680ace97af4211c5b4516bb2d4d100817c5cb84c522d6016267a10849bd9ccf05f2246c7200d7048b9dca398f71db4386b7bad8c10d0b0b820f","public_key_hex":"c2f8243b0d573587f285c830a868acd19249d17d59ecbf9329e796dfed6fb630"}
{"seq":39,"ts":1779292800000,"agent_id":"regime","symbol":"SOLUSDT","side":"sell","price":86.41375258660906,"quantity":21.31669948395981,"notional_usd":1842.05599517,"fee_usd":1.105233597102,"balance_before_usd":9786.38969804477,"balance_after_usd":9784.746272923665,"decision":"ALLOW","cert_hash":"635eaa1046bb147eb4ec26f805d138e279b3ce858c1498f0041f682e2188871e","prev_hash":"c8f369fd7f35536fe8af8a10a9d5b507baa65c99c58ac34572ac01476b144777","record_hash":"c040e66cd455d66ef68d8f6aca460481dce8daddc56bb094f6ba262316ba6692","signature_hex":"0362826185bc4c54ecaf2e4a702fac1423340c733efa324f1ccaf5c95fe53ced6c40f425caf303596d03665b14e0effce723cb0adea9132b391c986db82d9106","public_key_hex":"c2f8243b0d573587f285c830a868acd19249d17d59ecbf9329e796dfed6fb630"}
{"seq":40,"ts":1779296400000,"agent_id":"regime","symbol":"SOLUSDT","side":"buy","price":86.5059457296,"quantity":23.11979810326094,"notional_usd":2000.0,"fee_usd":1.2,"balance_before_usd":9781.960872208427,"balance_after_usd":9780.161012178432,"decision":"ALLOW_CAPPED","cert_hash":"6eab30e447d58c8ef7568eb04c5001300b712b029e606326ad010b87074939aa","prev_hash":"c040e66cd455d66ef68d8f6aca460481dce8daddc56bb094f6ba262316ba6692","record_hash":"375708bff64e7a73aaf56ad938d0a300969f7a50319493858567d7487b5d7a03","signature_hex":"674bfbaa233f0775f82a5e3d861b1da4df638dc06bab48def4677dc17cc907912d164f2612e2e106289a07244ee9a98bf2ccdfe09d5f6fd2007f1969bef0b70b","public_key_hex":"c2f8243b0d573587f285c830a868acd19249d17d59ecbf9329e796dfed6fb630"}
{"seq":41,"ts":1779300000000,"agent_id":"regime","symbol":"SOLUSDT","side":"buy","price":85.81673901582,"quantity":23.30547656479125,"notional_usd":2000.0,"fee_usd":1.2,"balance_before_usd":9811.039790621862,"balance_after_usd":9809.239930591868,"decision":"ALLOW_CAPPED","cert_hash":"24b3389c890a9cd9acdf64f76cc50df99edcd937398ac1946f47ed65878df504","prev_hash":"375708bff64e7a73aaf56ad938d0a300969f7a50319493858567d7487b5d7a03","record_hash":"e91a4ae347988e70f1752bc371872ffae197c05c1fbed5f6e901c2e8fc7f5532","signature_hex":"d33071566effb38a5f5a551d4808b509011612bf845c6802cec2b0dffb0700d750fc775d7ad7ece9d326d31b5114b45e29a8fbed0d9424982e1ac92e6367340d","public_key_hex":"c2f8243b0d573587f285c830a868acd19249d17d59ecbf9329e796dfed6fb630"}
{"seq":42,"ts":1779303600000,"agent_id":"regime","symbol":"SOLUSDT","side":"buy","price":86.16921201067399,"quantity":21.505034202824735,"notional_usd":1853.07185152,"fee_usd":1.111843110912,"balance_before_usd":9801.64643175751,"balance_after_usd":9799.992403494733,"decision":"ALLOW","cert_hash":"443cc1f142832e80a09c164e41328ee3e32e6deb0c18a53f14d7edf64457a459","prev_hash":"e91a4ae347988e70f1752bc371872ffae197c05c1fbed5f6e901c2e8fc7f5532","record_hash":"08583adb643e9973c2170dada374bc0447ad27e2abe54790453d5c8728d3c640","signature_hex":"cd4f19f203cc9c0c6b937bf94ebf9a92b02d90e6edaa94409c36c4f0dcd5e876571a94349b14cd029d8d605c2a642b72e9146bfead8de565684b92996113df09","public_key_hex":"c2f8243b0d573587f285c830a868acd19249d17d59ecbf9329e796dfed6fb630"}
{"seq":43,"ts":1779472800000,"agent_id":"regime","symbol":"SOLUSDT","side":"buy","price":85.43462440818,"quantity":23.409712559215144,"notional_usd":2000.0,"fee_usd":1.2,"balance_before_usd":9799.997029540507,"balance_after_usd":9798.197169510515,"decision":"ALLOW_CAPPED","cert_hash":"c58a9325c8cb49afe4da8208af814534f2afb849c3341ba4ce029f5ccb95d6ca","prev_hash":"08583adb643e9973c2170dada374bc0447ad27e2abe54790453d5c8728d3c640","record_hash":"a4505fc595e1617d9eea3723a1b80754b554427e9099470f447c7ca63a907029","signature_hex":"d87b8f76e1340bde3c8f1043f547c0d4619ba966832ba2b052505261551183ddebbdef4d5cff134a2d180934d3ea9a00499a6c6ea8fb3276ce21995c3629440d","public_key_hex":"c2f8243b0d573587f285c830a868acd19249d17d59ecbf9329e796dfed6fb630"}
{"seq":44,"ts":1779476400000,"agent_id":"regime","symbol":"SOLUSDT","side":"buy","price":84.52435138998,"quantity":23.661820139528352,"notional_usd":2000.0,"fee_usd":1.2,"balance_before_usd":9776.900058566873,"balance_after_usd":9775.10019853688,"decision":"ALLOW_CAPPED","cert_hash":"fb34040f5f5a18fec668a85278f2130b387b126aa4b89197a4379ab47692aed1","prev_hash":"a4505fc595e1617d9eea3723a1b80754b554427e9099470f447c7ca63a907029","record_hash":"2088dc6a13c9917ddda52c8fa867ede62ae10f319c85f5715ac5754dd7298901","signature_hex":"9eb76d1163d1cef5349e60b276ba90929167e11d3b41720762e983e3bb372a93b17419da0eb43beb7914a9045d8402efbf283209aafa77d75288b495e58dc606","public_key_hex":"c2f8243b0d573587f285c830a868acd19249d17d59ecbf9329e796dfed6fb630"}
{"seq":45,"ts":1779480000000,"agent_id":"regime","symbol":"SOLUSDT","side":"sell","price":84.92551639902,"quantity":23.550048145754687,"notional_usd":2000.0,"fee_usd":1.2,"balance_before_usd":9796.373686455909,"balance_after_usd":9794.573546425903,"decision":"ALLOW_CAPPED","cert_hash":"02fd9fa13a60a9b4af0acaf9e832d5f592f923fc649a1f3a7123572e72ec0e40","prev_hash":"2088dc6a13c9917ddda52c8fa867ede62ae10f319c85f5715ac5754dd7298901","record_hash":"470b80c91637eb7feeac91a9bfa0cab795f894df56c91bd739b537e9ed2ad129","signature_hex":"b15eb2ba0c0454046bb6be4682e457f6f758e60429ed67fc4448233e00950acbaedc27a6838dd78efb076b1438deacd14526c450c6198ad48b4a8e95a50af703","public_key_hex":"c2f8243b0d573587f285c830a868acd19249d17d59ecbf9329e796dfed6fb630"}
{"seq":46,"ts":1779483600000,"agent_id":"regime","symbol":"SOLUSDT","side":"sell","price":85.10346300258001,"quantity":23.50080630607673,"notional_usd":2000.0,"fee_usd":1.2,"balance_before_usd":9798.759250355046,"balance_after_usd":9796.95911032504,"decision":"ALLOW_CAPPED","cert_hash":"0bd1c44fe81354a155dc7f1fc69a6fb7939c58e7e569f0841cf30d484f9e95b6","prev_hash":"470b80c91637eb7feeac91a9bfa0cab795f894df56c91bd739b537e9ed2ad129","record_hash":"e6a81adc890f256e47b508d9a6db6f19e1a8887d3fff87d30c4caa2de98e324d","signature_hex":"ce07f4e4a6b3fb7bf28fe73a335fceb45c71d4322973223796898d04e08bbe96505cf14494d282f66cc313f2ab8fadd6be0f0b05eb3daf069cdc1e544c7a2b08","public_key_hex":"c2f8243b0d573587f285c830a868acd19249d17d59ecbf9329e796dfed6fb630"}
{"seq":47,"ts":1779519600000,"agent_id":"regime","symbol":"SOLUSDT","side":"sell","price":82.17334224396001,"quantity":24.338793401664347,"notional_usd":2000.0,"fee_usd":1.2,"balance_before_usd":9796.916949920984,"balance_after_usd":9795.116809890977,"decision":"ALLOW_CAPPED","cert_hash":"2a0ed6ab9b8fe274c501bbe0bdbfed19109f45fccaceb33b18777f65d2c83da5","prev_hash":"e6a81adc890f256e47b508d9a6db6f19e1a8887d3fff87d30c4caa2de98e324d","record_hash":"9166637b54fd754e4c32fb8649aaceae5816b09e37d8acb1df316134ef70456e","signature_hex":"4b73bb5715bab824fa932ba1588abb9d223915f225f095380a58e382d4dd3d49856f510f837a6457f27ecc22a81ac473d188895e8fec0f8abaacd5f5cbe3790b","public_key_hex":"c2f8243b0d573587f285c830a868acd19249d17d59ecbf9329e796dfed6fb630"}
{"seq":48,"ts":1779523200000,"agent_id":"regime","symbol":"SOLUSDT","side":"sell","price":82.05237854154,"quantity":24.374674269649308,"notional_usd":2000.0,"fee_usd":1.2,"balance_before_usd":9798.060063391422,"balance_after_usd":9796.259923361413,"decision":"ALLOW_CAPPED","cert_hash":"9571e8a05619952b2448ebe205aa361d4b2f905f820d7882c09502b604cff56e","prev_hash":"9166637b54fd754e4c32fb8649aaceae5816b09e37d8acb1df316134ef70456e","record_hash":"5c6a171b45f914685455f72e69478b119e664d70dda54e3b37e3cd0ca14b9f27","signature_hex":"bc71310b7ef46d6dd3511bbfd50a2ba429bb2a1aaf99557c95aba2cff05279ae07c54ca8dd2e6a48193bdcbc9d9457eaf496f8bfbf0df5ec8333411808916501","public_key_hex":"c2f8243b0d573587f285c830a868acd19249d17d59ecbf9329e796dfed6fb630"}
{"seq":49,"ts":1779526800000,"agent_id":"regime","symbol":"SOLUSDT","side":"sell","price":81.9128646343122,"quantity":23.09270823142032,"notional_usd":1891.5898834,"fee_usd":1.13495393004,"balance_before_usd":9803.077795032406,"balance_after_usd":9801.38549014448,"decision":"ALLOW","cert_hash":"3ac8792a22b883ef0aa941705bffab83f5d6a0c092d016b48353f48877efcd82","prev_hash":"5c6a171b45f914685455f72e69478b119e664d70dda54e3b37e3cd0ca14b9f27","record_hash":"29bd2423a92f382b7710d50c596eb3d190a71f6aa98e02c185aa0516c000bbbf","signature_hex":"12c5b8f1441c1dab6a0a34f282b0c0f4ca01e5b148e5e5ab2488941e5a26c62debbf14308e7527936e5b0fc06d05dc383f33a533317b223d8297b0fafb16160d","public_key_hex":"c2f8243b0d573587f285c830a868acd19249d17d59ecbf9329e796dfed6fb630"}
{"seq":50,"ts":1779544800000,"agent_id":"regime","symbol":"SOLUSDT","side":"buy","price":84.1018611935556,"quantity":2.9510868470413585,"notional_usd":248.19189638,"fee_usd":0.148915137828,"balance_before_usd":9647.248513588613,"balance_after_usd":9647.046888517409,"decision":"ALLOW","cert_hash":"c617db07d06cda7ce3e3fb81ef62dd6ba1cb0410ebfdcdd8a1b269c1caefe096","prev_hash":"29bd2423a92f382b7710d50c596eb3d190a71f6aa98e02c185aa0516c000bbbf","record_hash":"e62d53eea50c48085b0d24818088148803e5292cf1502a7148c23ad363b1f6cf","signature_hex":"d8d9f0f7e1deecda687225e221b52d35c32cc0d317c15e7f01cf61c56a8eabe95187a516a722e8cc65f33f1d312d32dab3cd3f02f1652a6bbff6fa98c2d4580e","public_key_hex":"c2f8243b0d573587f285c830a868acd19249d17d59ecbf9329e796dfed6fb630"}
{"seq":51,"ts":1779559200000,"agent_id":"regime","symbol":"SOLUSDT","side":"buy","price":84.70440539358,"quantity":23.61152280931525,"notional_usd":2000.0,"fee_usd":1.2,"balance_before_usd":9606.086669191987,"balance_after_usd":9604.286809161991,"decision":"ALLOW_CAPPED","cert_hash":"0a51be2740cae61cc1f5a45a5bdb994ac382b9f5aa6ab4908e7f6b93d540a103","prev_hash":"e62d53eea50c48085b0d24818088148803e5292cf1502a7148c23ad363b1f6cf","record_hash":"83892abc94790d4a6c370f7c290345727b40138cfe22db9982e7ff981ddf3f1d","signature_hex":"15c00bdbfd07670486df1adfdd9cf3e2071da4d40b0924f3df7360bcf8a610d9d76dc2834d3fd2d90f1b5703ae8cc8e7f4607c0841d271a3629266d1461a1207","public_key_hex":"c2f8243b0d573587f285c830a868acd19249d17d59ecbf9329e796dfed6fb630"}
{"seq":52,"ts":1779562800000,"agent_id":"regime","symbol":"SOLUSDT","side":"buy","price":84.94347709836,"quantity":23.54506865411345,"notional_usd":2000.0,"fee_usd":1.2,"balance_before_usd":9593.477034678499,"balance_after_usd":9591.677174648505,"decision":"ALLOW_CAPPED","cert_hash":"2571bad86feb87a1e1d6be6a4a74af0bdb475360f6dc24e8c419d54cd5846da3","prev_hash":"83892abc94790d4a6c370f7c290345727b40138cfe22db9982e7ff981ddf3f1d","record_hash":"7817795727a561d66702bdb2fa71bfe712cf2609eeb2d5d52d686efa2863bd08","signature_hex":"edb5d3dab7a5138aa0ea78abdcd144f6347c99b336d8ec0edd4ca33480625224187c56d3af0d9e811d8b2aff8496f130d30fe67c0ac918c71d9d06c075b72406","public_key_hex":"c2f8243b0d573587f285c830a868acd19249d17d59ecbf9329e796dfed6fb630"}
{"seq":53,"ts":1779566400000,"agent_id":"regime","symbol":"SOLUSDT","side":"buy","price":87.05261853847608,"quantity":21.67773191148668,"notional_usd":1887.10332687,"fee_usd":1.132261996122,"balance_before_usd":9545.945379730056,"balance_after_usd":9544.257765924885,"decision":"ALLOW","cert_hash":"101bbf3ca50c7e53ba031558a01b38282b351e81823f3c5eec8e59ab2a5f9a43","prev_hash":"7817795727a561d66702bdb2fa71bfe712cf2609eeb2d5d52d686efa2863bd08","record_hash":"6ba7532818aecb08f149e8c9e87f33d13f7f35cb37bee26832322f197420cc02","signature_hex":"81e9fac983bb6e74e07a6f6a64765d3e1e67fc8c10549fc07fb8e8e0f86b4369e1ddfe99ef8802dfb4bade2e64b825fe8ff39c894401c188ffb1a69b30c20606","public_key_hex":"c2f8243b0d573587f285c830a868acd19249d17d59ecbf9329e796dfed6fb630"}
{"seq":54,"ts":1779570000000,"agent_id":"regime","symbol":"SOLUSDT","side":"sell","price":86.2091312247,"quantity":23.199398620397822,"notional_usd":2000.0,"fee_usd":1.2,"balance_before_usd":9544.262819972852,"balance_after_usd":9542.462679942844,"decision":"ALLOW_CAPPED","cert_hash":"cdd0148ab649a0f167c30c2b44b77b4326f4c3027ada1fb0a1db42c6b665601a","prev_hash":"6ba7532818aecb08f149e8c9e87f33d13f7f35cb37bee26832322f197420cc02","record_hash":"36ae645afdf3153086fa3850b90a136d88494417f9c06dd930821156d3a362bb","signature_hex":"d9772a10d73720f885afbb7e2fd39a329a2fadc2d7c4e2f77f0aae2af989f568406504fefcbc09d52d5cf0d9449407344d2e47e36b9f72e62d56c0bec7a4e90c","public_key_hex":"c2f8243b0d573587f285c830a868acd19249d17d59ecbf9329e796dfed6fb630"}
{"seq":55,"ts":1779573600000,"agent_id":"regime","symbol":"SOLUSDT","side":"buy","price":85.78768817660126,"quantity":23.19883127929799,"notional_usd":1990.17410385,"fee_usd":1.19410446231,"balance_before_usd":9553.439013880052,"balance_after_usd":9551.648973742895,"decision":"ALLOW","cert_hash":"c54c55ecff073e9d396a76945a9f945cc618db61980da8b27249ec9a3cf172df","prev_hash":"36ae645afdf3153086fa3850b90a136d88494417f9c06dd930821156d3a362bb","record_hash":"5618a82d65f7d6b4c41e3e57450e3523066e23c9a74932b603ed410962ff2d4e","signature_hex":"9047f18736776477214d1e5654aa00a624833575c7ac6ef3f00a05bf27911614e79223f974ae899a896ebd20dc2c106248d846d8d828f4531b8b6560c3704803","public_key_hex":"c2f8243b0d573587f285c830a868acd19249d17d59ecbf9329e796dfed6fb630"}
{"seq":56,"ts":1779652800000,"agent_id":"regime","symbol":"SOLUSDT","side":"buy","price":84.75942189467999,"quantity":23.59619680376244,"notional_usd":2000.0,"fee_usd":1.2,"balance_before_usd":9551.656117021703,"balance_after_usd":9549.85625699171,"decision":"ALLOW_CAPPED","cert_hash":"6fbc6446454693ec628e631ac4e0f177f0f207f63c4f29987ba7d3f34b310df8","prev_hash":"5618a82d65f7d6b4c41e3e57450e3523066e23c9a74932b603ed410962ff2d4e","record_hash":"258b963df2b2fdb01c4f3ca120a1f634c45495bcb47a15a3763a6286cd2b48a3","signature_hex":"87c50237814ed53dc6b6880c0f4ff34a335d98deeaea22d84f98b3706f7689df54417770c95319bea2266962c0ddbcc1d8daa06defb8ec3a43e4ebf34892d803","public_key_hex":"c2f8243b0d573587f285c830a868acd19249d17d59ecbf9329e796dfed6fb630"}
{"seq":57,"ts":1779656400000,"agent_id":"regime","symbol":"SOLUSDT","side":"buy","price":83.92217077794,"quantity":23.831604705412666,"notional_usd":2000.0,"fee_usd":1.2,"balance_before_usd":9530.112056341244,"balance_after_usd":9528.312196311252,"decision":"ALLOW_CAPPED","cert_hash":"675971c3c615fc57038702353afab0261602424b64abd799515f99965392b186","prev_hash":"258b963df2b2fdb01c4f3ca120a1f634c45495bcb47a15a3763a6286cd2b48a3","record_hash":"40ce010f8727f0d4c8fa69510b0ef3511bd93a82322940c688b79a80c8488f21","signature_hex":"f2d5c3d0e47373b99e868ed7aa857adb3a777949b333487b38c4173420e3bba7ebf97bb24107cfc872ae4e629496f520271cd984a281559823c68270cae1380e","public_key_hex":"c2f8243b0d573587f285c830a868acd19249d17d59ecbf9329e796dfed6fb630"}
{"seq":58,"ts":1779660000000,"agent_id":"regime","symbol":"SOLUSDT","side":"sell","price":84.91152059874,"quantity":23.553929854244984,"notional_usd":2000.0,"fee_usd":1.2,"balance_before_usd":9577.629883217407,"balance_after_usd":9575.8297431874,"decision":"ALLOW_CAPPED","cert_hash":"3d46881691ee6dbad14821feae295de20e9ab55a9d6517d3b4913d4c7538b735","prev_hash":"40ce010f8727f0d4c8fa69510b0ef3511bd93a82322940c688b79a80c8488f21","record_hash":"e0fabf8b0ec4636014df01c8f3eaec0e413affedf667e61ffab72567561b6fbe","signature_hex":"75a8869274a7dbd41689599d8c56bb34c74890aaf8748def992c85559e315ccc5862f0f34954872a7360da86aeb985ed74f06bdeac3b1efe424a5959f804d001","public_key_hex":"c2f8243b0d573587f285c830a868acd19249d17d59ecbf9329e796dfed6fb630"}
{"seq":59,"ts":1779663600000,"agent_id":"regime","symbol":"SOLUSDT","side":"sell","price":85.19743480446,"quantity":23.474885183929292,"notional_usd":2000.0,"fee_usd":1.2,"balance_before_usd":9582.65568314828,"balance_after_usd":9580.85554311827,"decision":"ALLOW_CAPPED","cert_hash":"c1f65131db720e413dede30260c62c3594ac5211ae1714d53bf71984641239f5","prev_hash":"e0fabf8b0ec4636014df01c8f3eaec0e413affedf667e61ffab72567561b6fbe","record_hash":"dc8b639d29605071b6b4765864eb1023f09a51d6c58c8d492b00440b8ef7ac70","signature_hex":"46649cb029b652decebfd8bf76c7e1754c4812c8e561f8638f02807fec10c27239076211e2599eb774eb79315c3421514cc66005047dc8865e41c4b24325c406","public_key_hex":"c2f8243b0d573587f285c830a868acd19249d17d59ecbf9329e796dfed6fb630"}
{"seq":60,"ts":1779746400000,"agent_id":"regime","symbol":"SOLUSDT","side":"buy","price":84.78442939518,"quantity":23.589237012824672,"notional_usd":2000.0,"fee_usd":1.2,"balance_before_usd":9580.673637599391,"balance_after_usd":9578.873777569399,"decision":"ALLOW_CAPPED","cert_hash":"7db433d0f9641a478c09023e156e6e83dd5181bf2648de766d9fa9b607205685","prev_hash":"dc8b639d29605071b6b4765864eb1023f09a51d6c58c8d492b00440b8ef7ac70","record_hash":"111ed09d4ef59c655c01d7ad5df14700340f78a61bc0577bedaae8da315ec1fa","signature_hex":"b22614a347861f9f3e2a7132d505f9dbcde000b026114909c86919f8e3769594eff6f294a14a3a21a9c264b89a87c6184278fbb88ca8e8e3e9c8408100142d02","public_key_hex":"c2f8243b0d573587f285c830a868acd19249d17d59ecbf9329e796dfed6fb630"}
{"seq":61,"ts":1779750000000,"agent_id":"regime","symbol":"SOLUSDT","side":"buy","price":85.03350410015999,"quantity":23.520140927559837,"notional_usd":2000.0,"fee_usd":1.2,"balance_before_usd":9584.845114986887,"balance_after_usd":9583.045254956894,"decision":"ALLOW_CAPPED","cert_hash":"a8f5291f73833610eb163018f1a8c336e730b815de18726ce17602f3752f2cef","prev_hash":"111ed09d4ef59c655c01d7ad5df14700340f78a61bc0577bedaae8da315ec1fa","record_hash":"0f0d1d5b777c4e6f19a0340e8d1c26d23f6b7086c3c40ce5e0b2ebfd6c514d34","signature_hex":"6690d22a14884c7d8493cb52996a2346549fff7cd23ca6fc105e67a38f256b5891bd5d2e11136d7be526264033353987266e73b25f4fd87924739055dddd0e0d","public_key_hex":"c2f8243b0d573587f285c830a868acd19249d17d59ecbf9329e796dfed6fb630"}
{"seq":62,"ts":1779753600000,"agent_id":"regime","symbol":"SOLUSDT","side":"buy","price":84.36814269246541,"quantity":20.439506292509666,"notional_usd":1724.44318345,"fee_usd":1.03466591007,"balance_before_usd":9551.504314934358,"balance_after_usd":9549.976184309722,"decision":"ALLOW","cert_hash":"3b7f085e133bdc5a846657be040e3824ff56936b34e223337c95d86501f01b85","prev_hash":"0f0d1d5b777c4e6f19a0340e8d1c26d23f6b7086c3c40ce5e0b2ebfd6c514d34","record_hash":"43eb05e4e52443103848a5f9ee0a4699938ed31a808f633fab7e281a0c1ad473","signature_hex":"3f90b8e8ddea5ccc6bc571e33ea032f9ec564a07b26e26e117702ce1ba432198f65d9593bf3e85812f7ac8eb47e843f0550137c7aba755fe168738c3ea987b01","public_key_hex":"c2f8243b0d573587f285c830a868acd19249d17d59ecbf9329e796dfed6fb630"}
{"seq":63,"ts":1779760800000,"agent_id":"regime","symbol":"SOLUSDT","side":"sell","price":83.94780977946,"quantity":23.824326152811096,"notional_usd":2000.0,"fee_usd":1.2,"balance_before_usd":9524.770102251767,"balance_after_usd":9522.969962221761,"decision":"ALLOW_CAPPED","cert_hash":"c756a6854b35b1cf13e6a94c5e6a2fb041345fcb008b91d8c403768e3e0ddc6a","prev_hash":"43eb05e4e52443103848a5f9ee0a4699938ed31a808f633fab7e281a0c1ad473","record_hash":"595b5a9c725ff93ade6985589dc38b3c53d44c86b2e9c505a22a1214733500c2","signature_hex":"2a819f2b66e968b70c95c33c8e87bde8413d703aaf6bf82b2b63f9b8616d98498f7a85c79b6d89b1f6d3c619223813b3e3d48de7669535c3a80f1e883fefbd06","public_key_hex":"c2f8243b0d573587f285c830a868acd19249d17d59ecbf9329e796dfed6fb630"}
{"seq":64,"ts":1779764400000,"agent_id":"regime","symbol":"SOLUSDT","side":"sell","price":84.14275128336001,"quantity":23.769130073543458,"notional_usd":2000.0,"fee_usd":1.2,"balance_before_usd":9531.572698409838,"balance_after_usd":9529.772558379833,"decision":"ALLOW_CAPPED","cert_hash":"d7b9ade6ba6e48637f4f0e234c082f5fef8cb0a7458e79f61b5b2532c0ef240d","prev_hash":"595b5a9c725ff93ade6985589dc38b3c53d44c86b2e9c505a22a1214733500c2","record_hash":"eab99d2ac6f285ec59a7e3d8e5b5f5221b999ee45722ddae2695ac0397d1f576","signature_hex":"ab34417b092b2c573ae967d5f7213dd851832b324bce28d6523f85557f7fd0c720614ad01ccfd4fa038ec540102f1a22d37a866553494fd75f9024aa2fab4c05","public_key_hex":"c2f8243b0d573587f285c830a868acd19249d17d59ecbf9329e796dfed6fb630"}
{"seq":65,"ts":1779768000000,"agent_id":"regime","symbol":"SOLUSDT","side":"sell","price":84.29890306781314,"quantity":20.353282107713547,"notional_usd":1715.75935551,"fee_usd":1.029455613306,"balance_before_usd":9532.926415573058,"balance_after_usd":9531.406508301021,"decision":"ALLOW","cert_hash":"e3e79cafa2695fd79350066dbf475ccd90f83559258c719ccd8b86c5eb80fc24","prev_hash":"eab99d2ac6f285ec59a7e3d8e5b5f5221b999ee45722ddae2695ac0397d1f576","record_hash":"b0d341f47b12dcbb4c81e32a9c42e74fd99ccb13690963f3a84f7e6e40412977","signature_hex":"7c55e2d668ba9e7e7f790019d0de1313c21b16efad7dd9a735a4d76880541c5b883de3cc81664ed2dd25b85f7e75d46e3aa3273fbbae90e97d83687816b78006","public_key_hex":"c2f8243b0d573587f285c830a868acd19249d17d59ecbf9329e796dfed6fb630"}
{"seq":66,"ts":1779937200000,"agent_id":"regime","symbol":"SOLUSDT","side":"sell","price":80.64080211330001,"quantity":24.801340606582855,"notional_usd":2000.0,"fee_usd":1.2,"balance_before_usd":9531.427784490916,"balance_after_usd":9529.627644460908,"decision":"ALLOW_CAPPED","cert_hash":"ec96a25ad2c2024926fb9630292e94960b7b0771e2dda2a0070fe4e4b5616900","prev_hash":"b0d341f47b12dcbb4c81e32a9c42e74fd99ccb13690963f3a84f7e6e40412977","record_hash":"477aca45de65c98230d6a0b6bf390fd5e8ee91dbdeb65c68f802cbb301349634","signature_hex":"a9ba917429ecd067068e1e1f7e80eb6e1c34a355c418896a1a3ae3bc85145684bf6d6849dacc651c41fa5bc9417b69257b2855852a88d973360e0cc202727b07","public_key_hex":"c2f8243b0d573587f285c830a868acd19249d17d59ecbf9329e796dfed6fb630"}
{"seq":67,"ts":1779940800000,"agent_id":"regime","symbol":"SOLUSDT","side":"sell","price":80.8157496168,"quantity":24.747651410564153,"notional_usd":2000.0,"fee_usd":1.2,"balance_before_usd":9525.286391994388,"balance_after_usd":9523.486251964381,"decision":"ALLOW_CAPPED","cert_hash":"53afe699866a55ed325fdd5e86904e1276dd3b9c1e9bc24bed211a0bff919e15","prev_hash":"477aca45de65c98230d6a0b6bf390fd5e8ee91dbdeb65c68f802cbb301349634","record_hash":"ea9ee121fb0f0c93621696e9848921d76ddc01298a6227142814cfaf603ccf8b","signature_hex":"3287a4048536436c7286c35bc3cd571753d7befe2c76baebf96a27e4903d8733d004ed33b230e3a54fba914d16e73c941c09394eead90b24dcfb483cc6f28500","public_key_hex":"c2f8243b0d573587f285c830a868acd19249d17d59ecbf9329e796dfed6fb630"}
{"seq":68,"ts":1779944400000,"agent_id":"regime","symbol":"SOLUSDT","side":"sell","price":80.61992268159875,"quantity":21.380580152471783,"notional_usd":1723.70071878,"fee_usd":1.034220431268,"balance_before_usd":9533.248549211718,"balance_after_usd":9531.720922324666,"decision":"ALLOW","cert_hash":"0404fcb6504979aea6a6a82b964582fcdf984be1e83f486885e66aff471c4f78","prev_hash":"ea9ee121fb0f0c93621696e9848921d76ddc01298a6227142814cfaf603ccf8b","record_hash":"f16842102787ef9a2f458295c408f7561eaff99a1bceb1485d8c362dc20819b1","signature_hex":"81ad989de58b70fb3d2a95fd3c2853c23ec3339462cc4801f15230c5029a451700a69002cdeb55132e36894b41664642f579206104b1d3777620ec1452f0e00e","public_key_hex":"c2f8243b0d573587f285c830a868acd19249d17d59ecbf9329e796dfed6fb630"}
{"seq":69,"ts":1779991200000,"agent_id":"regime","symbol":"SOLUSDT","side":"buy","price":82.88986115729999,"quantity":24.12840330622104,"notional_usd":2000.0,"fee_usd":1.2,"balance_before_usd":9374.102489045254,"balance_after_usd":9372.30262901526,"decision":"ALLOW_CAPPED","cert_hash":"c62ccadd6f9f7c9dbbcbf8b097a35bae99f19fbed1cf0160a83d882d5a4c149d","prev_hash":"f16842102787ef9a2f458295c408f7561eaff99a1bceb1485d8c362dc20819b1","record_hash":"dacf9cd822b36517abb71f053e48c2a850a9e6df62be1320b2145ef8b02e892b","signature_hex":"a6b02518158bbdcf1a8dbea779e58391612276e24fd9ce833ba5d1e60467abac511da19715fb3a9eb7a4217e3ebb9d6fcb2f4f4733b37f2e46e5f6ec8334540a","public_key_hex":"c2f8243b0d573587f285c830a868acd19249d17d59ecbf9329e796dfed6fb630"}
{"seq":70,"ts":1779994800000,"agent_id":"regime","symbol":"SOLUSDT","side":"buy","price":82.16864484288,"quantity":24.34018479706377,"notional_usd":2000.0,"fee_usd":1.2,"balance_before_usd":9406.05046535049,"balance_after_usd":9404.250605320498,"decision":"ALLOW_CAPPED","cert_hash":"a79d2d644c489da461ca7fd6223af91fd99166c37ccb78834ae8c8d89c6356d8","prev_hash":"dacf9cd822b36517abb71f053e48c2a850a9e6df62be1320b2145ef8b02e892b","record_hash":"0ee974c1e68b6457cbd6579661eec40274b255d9f851ed1ea4bc5808a2f43b07","signature_hex":"362d6485804e804c9ebb903150a06339efe526860e375ac736f55c5b5b5715abe85f2e047c5c289016a5dccf7d08d6083bb96f3c8f6bd468db3e89557c73aa05","public_key_hex":"c2f8243b0d573587f285c830a868acd19249d17d59ecbf9329e796dfed6fb630"}
{"seq":71,"ts":1779998400000,"agent_id":"regime","symbol":"SOLUSDT","side":"buy","price":82.28705605071714,"quantity":22.460232397801196,"notional_usd":1848.18640223,"fee_usd":1.1089118413380001,"balance_before_usd":9401.577056071552,"balance_after_usd":9399.927839740534,"decision":"ALLOW","cert_hash":"58d9e29d742154bfa25924a1b905d13b65632f8805bfddbee15400dc401787b9","prev_hash":"0ee974c1e68b6457cbd6579661eec40274b255d9f851ed1ea4bc5808a2f43b07","record_hash":"544501c3bc02df7dc5b251c87d9954b652aa9ad6666a09ffa33f2a528701d138","signature_hex":"e993b4294ad1a4e0488fb0b7521ec167d55f03f5e3e1a87f91f0b87f3f28745c31957b9ac143af408443f319ee3e8db21c29454048355112ccf52d7cc8d1ba0f","public_key_hex":"c2f8243b0d573587f285c830a868acd19249d17d59ecbf9329e796dfed6fb630"}
{"seq":72,"ts":1780070400000,"agent_id":"regime","symbol":"SOLUSDT","side":"sell","price":82.86413495778,"quantity":24.135894268600254,"notional_usd":2000.0,"fee_usd":1.2,"balance_before_usd":9399.923728164082,"balance_after_usd":9398.123588134074,"decision":"ALLOW_CAPPED","cert_hash":"22850e9728beb89f6682a0b98f1b1b9ec0bdb3f424ba629dee252e104766d28a","prev_hash":"544501c3bc02df7dc5b251c87d9954b652aa9ad6666a09ffa33f2a528701d138","record_hash":"170906d6319a87a5d11ea510f2d5d8800af864d81992df70b18447a109a92c7f","signature_hex":"45d3024cf6f025c0104c8097492e9548bd8da8084e1c118261897734305403432f3be75a93b2a0bf4c615725296d5ab026c27960fdb79e98844f8caa6361bf01","public_key_hex":"c2f8243b0d573587f285c830a868acd19249d17d59ecbf9329e796dfed6fb630"}
{"seq":73,"ts":1780074000000,"agent_id":"regime","symbol":"SOLUSDT","side":"sell","price":82.73417395518,"quantity":24.173807562077915,"notional_usd":2000.0,"fee_usd":1.2,"balance_before_usd":9401.262108230749,"balance_after_usd":9399.461968200741,"decision":"ALLOW_CAPPED","cert_hash":"f44b1761307593a9629e7a82608c93cfd61e8d1382a0eff5c4a44bf8a0ffe267","prev_hash":"170906d6319a87a5d11ea510f2d5d8800af864d81992df70b18447a109a92c7f","record_hash":"3b29a17b7259a4401cb5307c299c2d15e95a742b6c0a7d32ad5a2416a8d48960","signature_hex":"c63521e94fd650d8f78c5e7cca95af5aa546e936ff18c9061ac805e3651eee43f7de855c49a342d759e89d5511e73fa7b8d3e6f76f490ab621ff717e34d3b20a","public_key_hex":"c2f8243b0d573587f285c830a868acd19249d17d59ecbf9329e796dfed6fb630"}
{"seq":74,"ts":1780077600000,"agent_id":"regime","symbol":"SOLUSDT","side":"buy","price":82.04860884048,"quantity":24.3757941574418,"notional_usd":2000.0,"fee_usd":1.2,"balance_before_usd":9434.974426536213,"balance_after_usd":9433.174566506219,"decision":"ALLOW_CAPPED","cert_hash":"5ec743a0bd764d41e2ee9d9fd0c5443101f80d2ba9491dac10800d8749022f76","prev_hash":"3b29a17b7259a4401cb5307c299c2d15e95a742b6c0a7d32ad5a2416a8d48960","record_hash":"689cbe53af66c7ba635350debb30dee6c63c418500556440c6ae09f7ec130f31","signature_hex":"ece8a4e68715e1ef74a0c527a8fadc0418067e6ff935bc5704c0967f6f3f78bf4c5cb346de12b63201e677107f359d3521221e687f394c93fd456da35ed6690b","public_key_hex":"c2f8243b0d573587f285c830a868acd19249d17d59ecbf9329e796dfed6fb630"}
{"seq":75,"ts":1780081200000,"agent_id":"regime","symbol":"SOLUSDT","side":"buy","price":82.04345794372595,"quantity":23.933338800722243,"notional_usd":1963.57387535,"fee_usd":1.17814432521,"balance_before_usd":9433.294268884652,"balance_after_usd":9431.53076430588,"decision":"ALLOW","cert_hash":"2d13182e24df1df27668a061f9f341df9290d67238dbeacb533e0687e1610af2","prev_hash":"689cbe53af66c7ba635350debb30dee6c63c418500556440c6ae09f7ec130f31","record_hash":"f1a6065198dbf142fdca2ae90623bd4d772b37c6b544c799bd2837c02b778b94","signature_hex":"3dd2be02444472a1ae8832c7f2a017b09d18da73cbc07c88d3d8c905343fdf2f7b1f7f1cb31baf163c41bcf873d6e538147ae3cb86c98b4f0e7c7775b413c007","public_key_hex":"c2f8243b0d573587f285c830a868acd19249d17d59ecbf9329e796dfed6fb630"}
{"seq":76,"ts":1780106400000,"agent_id":"regime","symbol":"SOLUSDT","side":"sell","price":82.9201181589,"quantity":24.119599011754854,"notional_usd":2000.0,"fee_usd":1.2,"balance_before_usd":9431.52415554943,"balance_after_usd":9429.724015519423,"decision":"ALLOW_CAPPED","cert_hash":"709454ccd5475185b08b4aa3af055ef3c3268aaa160a6470c51577fee904b565","prev_hash":"f1a6065198dbf142fdca2ae90623bd4d772b37c6b544c799bd2837c02b778b94","record_hash":"70bdaea96d262c2dccba35141be303bd880796b45774d13b30bd6807da31ff37","signature_hex":"1ed593c3948b39c8eef84d22d14440ded7a3c5581b85423f136bf3d6738e799c7c9387d2f347db37f73469e975c81fde8058d4c8b895963b7fca9734de10820c","public_key_hex":"c2f8243b0d573587f285c830a868acd19249d17d59ecbf9329e796dfed6fb630"}
{"seq":77,"ts":1780110000000,"agent_id":"regime","symbol":"SOLUSDT","side":"buy","price":82.6587657736501,"quantity":24.11950717531215,"notional_usd":1993.68869418,"fee_usd":1.196213216508,"balance_before_usd":9437.22743038363,"balance_after_usd":9435.433878911865,"decision":"ALLOW","cert_hash":"b438e9149693720a9423b0fea1c25b5c1db56b2b1e50461705d3c49f3263ca75","prev_hash":"70bdaea96d262c2dccba35141be303bd880796b45774d13b30bd6807da31ff37","record_hash":"2ad7281a9893706e8f4316d671ae032a0d9924c326a0a2ebb4f5739d451dbe8b","signature_hex":"072eb77c9ba525719d155bad315282c2724023d1dc3a48a7ce98267026a4d294ff34a000f4e51cc4fba51efb919a03c31c0ab58e662a2b12b471e16db0d5a704","public_key_hex":"c2f8243b0d573587f285c830a868acd19249d17d59ecbf9329e796dfed6fb630"}
{"seq":78,"ts":1780164000000,"agent_id":"regime","symbol":"SOLUSDT","side":"sell","price":82.9551076596,"quantity":24.10942564509528,"notional_usd":2000.0,"fee_usd":1.2,"balance_before_usd":9435.431377773895,"balance_after_usd":9433.631237743888,"decision":"ALLOW_CAPPED","cert_hash":"4b13191be8a56f5611d959ce6de6482424b171948691d1b108e130492360c148","prev_hash":"2ad7281a9893706e8f4316d671ae032a0d9924c326a0a2ebb4f5739d451dbe8b","record_hash":"4a4a08946214cef4001db7d289e0497f831855b01f7df462e5c2f6e3500a2f2c","signature_hex":"5502d13888b6532115967f1d1d6b646f7ad684813b9018c27503b3958d54e7fedb3cb45781d118200ce3f75505f1db783ffec4a79424eccfcce61688dbef0804","public_key_hex":"c2f8243b0d573587f285c830a868acd19249d17d59ecbf9329e796dfed6fb630"}
{"seq":79,"ts":1780167600000,"agent_id":"regime","symbol":"SOLUSDT","side":"buy","price":82.96288305876,"quantity":24.107166075502256,"notional_usd":2000.0,"fee_usd":1.2,"balance_before_usd":9434.644137227324,"balance_after_usd":9432.84427719733,"decision":"ALLOW_CAPPED","cert_hash":"d6336b0f19f82b96229cd8586394027db6ff9ff720a992e6aa456df821fe2ad1","prev_hash":"4a4a08946214cef4001db7d289e0497f831855b01f7df462e5c2f6e3500a2f2c","record_hash":"1c67d112e4c55a6579b968e9e44700c70c12a2793c99309426d9ab5edcfb3ed6","signature_hex":"5392c91ad056e0607a0637c2c001e3b6a59bf185dd54d27ea55118d1d29c1f5ba6090821b17ccddba97c8cc05319e957f93ba585fcbf11046a6a7c579e6d9c06","public_key_hex":"c2f8243b0d573587f285c830a868acd19249d17d59ecbf9329e796dfed6fb630"}
{"seq":80,"ts":1780236000000,"agent_id":"regime","symbol":"SOLUSDT","side":"buy","price":81.94857883848,"quantity":24.405548312704532,"notional_usd":2000.0,"fee_usd":1.2,"balance_before_usd":9432.85389832547,"balance_after_usd":9431.054038295477,"decision":"ALLOW_CAPPED","cert_hash":"f3b350b23ae4d7912f9afedf9d9259fbd630f206937af1efbfd4f9f8451563e9","prev_hash":"1c67d112e4c55a6579b968e9e44700c70c12a2793c99309426d9ab5edcfb3ed6","record_hash":"e831660b7f4703b4843f9f316c99f8d15502f20d32461fc2f5082d9806b4c548","signature_hex":"548b45862c397a3eeb16b2184df56b0e12d50d698e083a33627a374b1023b517da0351b55b1ed4bf0b94a0a6417d1c08eb2aaee866e9501c534d85debdda4a0a","public_key_hex":"c2f8243b0d573587f285c830a868acd19249d17d59ecbf9329e796dfed6fb630"}
{"seq":81,"ts":1780239600000,"agent_id":"regime","symbol":"SOLUSDT","side":"buy","price":81.85655123664,"quantity":24.432986361936727,"notional_usd":2000.0,"fee_usd":1.2,"balance_before_usd":9428.809600773577,"balance_after_usd":9427.009740743582,"decision":"ALLOW_CAPPED","cert_hash":"8b9430c659e54db1059ead29557f824c2d35f8b00dd2a87ddf93a235e0ac2349","prev_hash":"e831660b7f4703b4843f9f316c99f8d15502f20d32461fc2f5082d9806b4c548","record_hash":"09f21473bef64af4cee66c2ccc815982d0b9005a426c50b4c4f5ca3c015b5da7","signature_hex":"a1b98d08cd07ec1f3d9a70d3fa409fc4ed224f23412788c86527015da5109968fd1a9ff35eea0b2e27147342cd04cc357dde590f02ea51bbb8e7c44409d5bb0f","public_key_hex":"c2f8243b0d573587f285c830a868acd19249d17d59ecbf9329e796dfed6fb630"}
{"seq":82,"ts":1780243200000,"agent_id":"regime","symbol":"SOLUSDT","side":"buy","price":81.57210414204725,"quantity":20.42309422371839,"notional_usd":1665.95476892,"fee_usd":0.9995728613520001,"balance_before_usd":9413.19112061731,"balance_after_usd":9411.719689685968,"decision":"ALLOW","cert_hash":"a36342a330e1fda9c2f98cf2f4a38f21227cda1983d76c2ed5f50de28af279a4","prev_hash":"09f21473bef64af4cee66c2ccc815982d0b9005a426c50b4c4f5ca3c015b5da7","record_hash":"c1e608cf40b46e997f5ec551cfcfb0971eaac97246a113268162526ec1068b2a","signature_hex":"06ffd2eb4b65a375b848ec94c370ed6efa8fe8d05c820f3070836202b4c652efcc28d71a38d50a743fc39300b8b024c270d7a41be2f31e336f32454fbb749207","public_key_hex":"c2f8243b0d573587f285c830a868acd19249d17d59ecbf9329e796dfed6fb630"}
{"seq":83,"ts":1780257600000,"agent_id":"regime","symbol":"SOLUSDT","side":"sell","price":81.90142383852,"quantity":24.41959988318734,"notional_usd":2000.0,"fee_usd":1.2,"balance_before_usd":9437.827746694547,"balance_after_usd":9436.02760666454,"decision":"ALLOW_CAPPED","cert_hash":"cc3110532419415bf19536d5beb69c3ebd1aeb2daecc538a2bd7e42b4dcae0d6","prev_hash":"c1e608cf40b46e997f5ec551cfcfb0971eaac97246a113268162526ec1068b2a","record_hash":"9c36a30e83180fb48fea850f749ba48e5d142a253c37fa764bb733b17b29ff8d","signature_hex":"86c1ed13f59133f6db98170e77e27e5a627026965edf073315d4ae700c57ec7fd1ca440ae765e2bb3738282122357a1a443af40d8b4961662661c244a7f6ec08","public_key_hex":"c2f8243b0d573587f285c830a868acd19249d17d59ecbf9329e796dfed6fb630"}
{"seq":84,"ts":1780261200000,"agent_id":"regime","symbol":"SOLUSDT","side":"sell","price":82.23732304524,"quantity":24.319857771875302,"notional_usd":2000.0,"fee_usd":1.2,"balance_before_usd":9451.09134034751,"balance_after_usd":9449.291200317504,"decision":"ALLOW_CAPPED","cert_hash":"d862d653b38b1d4df759740cf036b6ffd82ec1dab8f2da68a6d739ea30d7bfaf","prev_hash":"9c36a30e83180fb48fea850f749ba48e5d142a253c37fa764bb733b17b29ff8d","record_hash":"581c48a3280bef77998fb19762ec747ebde6e450465704c017802339b3e103b1","signature_hex":"ed622fb4e33d5661fd6f37eaf682d367e02de8dd006d44abc1cee57e74924606511018e0dc4ff73185005c6a094615ae2c6aa86005090f0ea0c95d54c0cac50c","public_key_hex":"c2f8243b0d573587f285c830a868acd19249d17d59ecbf9329e796dfed6fb630"}
{"seq":85,"ts":1780264800000,"agent_id":"regime","symbol":"SOLUSDT","side":"sell","price":82.46452523094027,"quantity":20.51852219534942,"notional_usd":1692.05019128,"fee_usd":1.015230114768,"balance_before_usd":9453.927066664484,"balance_after_usd":9452.430168979734,"decision":"ALLOW","cert_hash":"60e8644770c82e376072b6dde42c71cfe5922a7a14209e84132e532f5eb9f7f2","prev_hash":"581c48a3280bef77998fb19762ec747ebde6e450465704c017802339b3e103b1","record_hash":"d4fa8a5a4fd3b2a3685f0f29a00f8b93752f615e99713d35b7d94819e7b2e59f","signature_hex":"7bae9d29a6fb845c5616a8041124bfdbe93dc132577f10f097b99b96424eca4bf10d46c7e69980119167038d66700c4b10c512f1b91d513352f21fc5a0be3809","public_key_hex":"c2f8243b0d573587f285c830a868acd19249d17d59ecbf9329e796dfed6fb630"}
{"seq":86,"ts":1780326000000,"agent_id":"regime","symbol":"SOLUSDT","side":"sell","price":79.54413119136,"quantity":25.14327543773887,"notional_usd":2000.0,"fee_usd":1.2,"balance_before_usd":9452.447219572516,"balance_after_usd":9450.647079542508,"decision":"ALLOW_CAPPED","cert_hash":"a1331339184e1eda733f351c19f4bb652f9b11bab9276d56ff6ae3224c524dc4","prev_hash":"d4fa8a5a4fd3b2a3685f0f29a00f8b93752f615e99713d35b7d94819e7b2e59f","record_hash":"a1e0bb62b74765b7047b3ab55ef1a7a7dfed8b395c4a375e7491e24df96b0974","signature_hex":"3830397f8a9a37ad28b730af184f1a652e8086457ef241f3eb6a4b46a96b33b0e937339d0d42cbd67c6b51544c6c418af96a49985e5b3affa01a4ed49d13b403","public_key_hex":"c2f8243b0d573587f285c830a868acd19249d17d59ecbf9329e796dfed6fb630"}
{"seq":87,"ts":1780329600000,"agent_id":"regime","symbol":"SOLUSDT","side":"sell","price":80.34589060740001,"quantity":24.89237451822827,"notional_usd":2000.0,"fee_usd":1.2,"balance_before_usd":9430.477489567671,"balance_after_usd":9428.677349537666,"decision":"ALLOW_CAPPED","cert_hash":"32cdb53068c86ee9c03314f89dfe7a3f9579cb8215ddbb3e5036c725a26e4e11","prev_hash":"a1e0bb62b74765b7047b3ab55ef1a7a7dfed8b395c4a375e7491e24df96b0974","record_hash":"3f2215e0dda3aeb0b445c5a1b832ad0531c40cb983da1b7b4098b02fa131acee","signature_hex":"7fbe4541ee0e84913af9f2892dddbba1e80aa989d3d7bd151efd2350074347731bab54f70b0c461625f7f962fda0ec81720fdffc421cfb33d2d6e56d944d2404","public_key_hex":"c2f8243b0d573587f285c830a868acd19249d17d59ecbf9329e796dfed6fb630"}
{"seq":88,"ts":1780333200000,"agent_id":"regime","symbol":"SOLUSDT","side":"sell","price":80.87337784746515,"quantity":19.7006363256526,"notional_usd":1593.2570054,"fee_usd":0.95595420324,"balance_before_usd":9402.355526218427,"balance_after_usd":9400.953901215196,"decision":"ALLOW","cert_hash":"3be6984a79691bee246d1725ca9ba6d43d3a99693697b5c0c95910ba0cc9bc42","prev_hash":"3f2215e0dda3aeb0b445c5a1b832ad0531c40cb983da1b7b4098b02fa131acee","record_hash":"4451b861b267ff9a1f11d3261fc99bdb5c03aa23280346ac4ff834009df1f783","signature_hex":"3e5dcaea74d137b3435c87313cbb92633f0b75e8f0f47cc34757942e78f43a543d41c64d09c52fb0647a4c37e422b16d307877f8f9d09dbee6b3fe0e6adc1c0d","public_key_hex":"c2f8243b0d573587f285c830a868acd19249d17d59ecbf9329e796dfed6fb630"}
{"seq":89,"ts":1780336800000,"agent_id":"regime","symbol":"SOLUSDT","side":"buy","price":80.83824581627998,"quantity":24.74076447113132,"notional_usd":2000.0,"fee_usd":1.2,"balance_before_usd":9406.672755508305,"balance_after_usd":9404.872895478311,"decision":"ALLOW_CAPPED","cert_hash":"129fc5f52132bef786110a093aa4eb99e10a88a10b732129cc5271125ac5d68d","prev_hash":"4451b861b267ff9a1f11d3261fc99bdb5c03aa23280346ac4ff834009df1f783","record_hash":"67b4cb4eb47f507345682689c5f8babdd642c982b056edb2da45e32f5b56071f","signature_hex":"8c5f8c2634291fc93e6acb278f1a82d6b0f2354db12b96140457061ae7b2fb482ff6a7a97fa6f498a538b0bb260007611bd093c6c72f67356199691328da3600","public_key_hex":"c2f8243b0d573587f285c830a868acd19249d17d59ecbf9329e796dfed6fb630"}
{"seq":90,"ts":1780340400000,"agent_id":"regime","symbol":"SOLUSDT","side":"buy","price":81.18434962319999,"quantity":24.635290043987265,"notional_usd":2000.0,"fee_usd":1.2,"balance_before_usd":9389.302424553422,"balance_after_usd":9387.502564523427,"decision":"ALLOW_CAPPED","cert_hash":"6e174ba91d2857ca07373471d41712a5a660b3e295cad9ee4709c3859957b4a7","prev_hash":"67b4cb4eb47f507345682689c5f8babdd642c982b056edb2da45e32f5b56071f","record_hash":"df031b284b39c74be20a34b5acf7a039428c412c7ceeb02bb8157dbc7574df70","signature_hex":"98dcb6f8a028dd2ddb3dd8b3379ab238bfdb9d6c7ddd6d6ce63531a9854d97cd0706f013c7211ef739a6705704a398f93d8a8b964561b2064b981c4efe69670a","public_key_hex":"c2f8243b0d573587f285c830a868acd19249d17d59ecbf9329e796dfed6fb630"}
{"seq":91,"ts":1780344000000,"agent_id":"regime","symbol":"SOLUSDT","side":"buy","price":81.1189176162901,"quantity":20.360317213457595,"notional_usd":1651.60689468,"fee_usd":0.990964136808,"balance_before_usd":9388.805993068107,"balance_after_usd":9387.348418993855,"decision":"ALLOW","cert_hash":"bc8592c7aa588c7ef8b19d040ca46da962775236a1ea4ae6e485cfd2d5c7d1c2","prev_hash":"df031b284b39c74be20a34b5acf7a039428c412c7ceeb02bb8157dbc7574df70","record_hash":"9140a1f438a6964f2f649cb2574cb3539e0a9bc77b324b7115ea0459efc742b3","signature_hex":"667dc4d60002f2f69e3a4f39788225f3e472f8f211b2a77e7d141f56f578a3e45d719dfd6c94b8908b81df2803b8cf2e042cf4d5b9e0a7a04c1d7f4aecb0880d","public_key_hex":"c2f8243b0d573587f285c830a868acd19249d17d59ecbf9329e796dfed6fb630"}
{"seq":92,"ts":1780390800000,"agent_id":"regime","symbol":"SOLUSDT","side":"sell","price":79.04328148134,"quantity":25.302593244084207,"notional_usd":2000.0,"fee_usd":1.2,"balance_before_usd":9387.360093448266,"balance_after_usd":9385.55995341826,"decision":"ALLOW_CAPPED","cert_hash":"64def69c99e3c4693418bde5677d7f73223b4e4e701c5c32f648a95e836ec145","prev_hash":"9140a1f438a6964f2f649cb2574cb3539e0a9bc77b324b7115ea0459efc742b3","record_hash":"4c993f1df4db03360cf35f6b658e8de6e8d4ac2d67b22bea55f1cac03f6fb046","signature_hex":"ca438760668b7763f0fec7fb5ecc228194488556040217e751188c6d874dc7fcaecff9772d82e172905eb804cbfb7f3e2879563049ba147cc5eeeddaea78e906","public_key_hex":"c2f8243b0d573587f285c830a868acd19249d17d59ecbf9329e796dfed6fb630"}
{"seq":93,"ts":1780394400000,"agent_id":"regime","symbol":"SOLUSDT","side":"sell","price":79.37318248794001,"quantity":25.197427359094245,"notional_usd":2000.0,"fee_usd":1.2,"balance_before_usd":9377.208198894652,"balance_after_usd":9375.408058864647,"decision":"ALLOW_CAPPED","cert_hash":"6cbe9789a8b88668c46e0ad0d95b93ade8d81efc55b579becebdb8bed02f88ae","prev_hash":"4c993f1df4db03360cf35f6b658e8de6e8d4ac2d67b22bea55f1cac03f6fb046","record_hash":"49096822d37e012379b1040e3843289fc0b487685e1d2e7a616fba75406de6a3","signature_hex":"78379053590ea0cce131e7d9b330dd08aa94d63b688197e417e3d0e1e1075cb56f0a2b4934d8e9c88ed58415deeb6cd451499d89e0b7967529622ad002a30201","public_key_hex":"c2f8243b0d573587f285c830a868acd19249d17d59ecbf9329e796dfed6fb630"}
{"seq":94,"ts":1780398000000,"agent_id":"regime","symbol":"SOLUSDT","side":"sell","price":78.86969060101805,"quantity":20.99724898564042,"notional_usd":1656.04653097,"fee_usd":0.993627918582,"balance_before_usd":9400.913474936811,"balance_after_usd":9399.451411013084,"decision":"ALLOW","cert_hash":"5eb4dd35d2d344a215d2493a5357083d34d47898746c081fed8f49fbe7755591","prev_hash":"49096822d37e012379b1040e3843289fc0b487685e1d2e7a616fba75406de6a3","record_hash":"b59f561400a69b759bdfafbe6677004314442c5fb643fd474427ecabdf8f97ae","signature_hex":"9eda96923ac8e3d07fb3b9bbf2acdf7f3c306567710e45ab927a506ed80bf1a3f258e3b37a49ff331dddafafa856ad4bbbbd8970bedf2cb18deef83adcd1cc02","public_key_hex":"c2f8243b0d573587f285c830a868acd19249d17d59ecbf9329e796dfed6fb630"}
{"seq":95,"ts":1780412400000,"agent_id":"regime","symbol":"SOLUSDT","side":"sell","price":76.31062070847916,"quantity":3.827812313778537,"notional_usd":292.10273362,"fee_usd":0.175261640172,"balance_before_usd":9582.856665998086,"balance_after_usd":9582.618707504142,"decision":"ALLOW","cert_hash":"4b58d2ae1c1292601a77f4d97e59a1f0de7bccde5adc058ca2e7609227930fb9","prev_hash":"b59f561400a69b759bdfafbe6677004314442c5fb643fd474427ecabdf8f97ae","record_hash":"d111803c8415bc770fd063271e5f59c703e52e2899aa8fbee5b3821c580cfd21","signature_hex":"151dbf551b4bf100b6996ec4f44ff1775e863964b046cf39500b6201ebee7b44cb9fbcfe3b8e11256f8963e3358200548401ecb2ab47ad9bf58e6cd9f4821409","public_key_hex":"c2f8243b0d573587f285c830a868acd19249d17d59ecbf9329e796dfed6fb630"}
{"seq":96,"ts":1780437600000,"agent_id":"regime","symbol":"SOLUSDT","side":"sell","price":73.59907546545413,"quantity":4.438508068940785,"notional_usd":326.67009032,"fee_usd":0.19600205419199998,"balance_before_usd":9786.91593392185,"balance_after_usd":9786.649250692579,"decision":"ALLOW","cert_hash":"9356b356efeb66e0d2eeb50de995e50bc34c39f923d90a32f35aa8953a4baab2","prev_hash":"d111803c8415bc770fd063271e5f59c703e52e2899aa8fbee5b3821c580cfd21","record_hash":"d0a86e96684d67d05fcd8269b1a7cb9c15758b4e8c735572426b7da220fcc776","signature_hex":"7b3bba32060f83ecc19919af2919d58e7bc9775140388d2ca784fb1808577ca38990f25110a779da96d30746c817344335bb1c1a4f94ff3dc5b3f68af1f5e107","public_key_hex":"c2f8243b0d573587f285c830a868acd19249d17d59ecbf9329e796dfed6fb630"}
{"seq":97,"ts":1780470000000,"agent_id":"regime","symbol":"SOLUSDT","side":"buy","price":75.2338147484238,"quantity":2.7224872844067924,"notional_usd":204.82310401,"fee_usd":0.12289386240600002,"balance_before_usd":9658.778992631376,"balance_after_usd":9658.61304331748,"decision":"ALLOW","cert_hash":"40efb0e82849e1693039ce449f521f5aba9eb96128c3440c7659e14aa5660510","prev_hash":"d0a86e96684d67d05fcd8269b1a7cb9c15758b4e8c735572426b7da220fcc776","record_hash":"ce6d6ecb9591e2d0bdde33605798c51ebc660b8da055fe1297bb63c290f0ea7d","signature_hex":"d9e0a9a0838308f038135537a2e399f136d1863f4ada7b49cd5627c12e180a713daba1e390342a732b2d7beb1702d1855e8244fc039b3db0ee3936ca9e96f20e","public_key_hex":"c2f8243b0d573587f285c830a868acd19249d17d59ecbf9329e796dfed6fb630"}
{"seq":98,"ts":1780498800000,"agent_id":"regime","symbol":"SOLUSDT","side":"sell","price":73.23846375978334,"quantity":3.3038570765716977,"notional_usd":241.96941677,"fee_usd":0.145181650062,"balance_before_usd":9809.933069452603,"balance_after_usd":9809.73655828536,"decision":"ALLOW","cert_hash":"6c15a4687d2c5cb9c525bc0f7435e78995481c80af9468541adfed3d9e6acf27","prev_hash":"ce6d6ecb9591e2d0bdde33605798c51ebc660b8da055fe1297bb63c290f0ea7d","record_hash":"7e7af7eb10adb0f27b586280924a96487fb6562ecc6930ad71be7ae0c7567500","signature_hex":"00380cd304ef03d27553d4884efcb8c3cbb60f5c82575144fca1cdfa7b5f02c84375df7b38b1d13b538d0cb66654880de8ff512a738bef95c467e0565ff5b500","public_key_hex":"c2f8243b0d573587f285c830a868acd19249d17d59ecbf9329e796dfed6fb630"}
{"seq":99,"ts":1780516800000,"agent_id":"regime","symbol":"SOLUSDT","side":"sell","price":71.1528135227362,"quantity":3.7666719290637776,"notional_usd":268.00930537,"fee_usd":0.160805583222,"balance_before_usd":9977.348146773293,"balance_after_usd":9977.130138712459,"decision":"ALLOW","cert_hash":"9c1faa3d95457d8878d6a2e34bec64e0f7cc728a81c664a1152641a7980c6159","prev_hash":"7e7af7eb10adb0f27b586280924a96487fb6562ecc6930ad71be7ae0c7567500","record_hash":"f013d0c0ce0622ff7740766cd8998c16f99db3b034ca4ae022343816e5170e14","signature_hex":"585dca0153ae06c0473532b20fe0e5179e6e4535e7af90181db9982586358802e48817936c5e15267eb4040202e6508255d92247ec4cda433a224947a5d5d304","public_key_hex":"c2f8243b0d573587f285c830a868acd19249d17d59ecbf9329e796dfed6fb630"}
{"seq":100,"ts":1780520400000,"agent_id":"regime","symbol":"SOLUSDT","side":"buy","price":72.78734138723469,"quantity":2.96846761156595,"notional_usd":216.06686544,"fee_usd":0.129640119264,"balance_before_usd":9842.205852386636,"balance_after_usd":9842.03067185625,"decision":"ALLOW","cert_hash":"1fea1067a664d2e0515e10b2581003a7a9855cc6da33d874248d372d108a95e0","prev_hash":"f013d0c0ce0622ff7740766cd8998c16f99db3b034ca4ae022343816e5170e14","record_hash":"88f9857d762d25dda4176fefb8502332d6b9b6a621c6f1c20cb6c04d72b7cb4f","signature_hex":"090839c5461b67b1f7507971a193b7d0db061c7a73c28cffdc0eb0db28dd22e144c02c963d68495e0a770dfa8ae7824a560b9757c4736e9da771f56bb2530c0b","public_key_hex":"c2f8243b0d573587f285c830a868acd19249d17d59ecbf9329e796dfed6fb630"}
{"seq":101,"ts":1780531200000,"agent_id":"regime","symbol":"SOLUSDT","side":"sell","price":70.69891376986762,"quantity":3.7773778099236,"notional_usd":267.05650806,"fee_usd":0.160233904836,"balance_before_usd":10009.035144849891,"balance_after_usd":10008.817924554118,"decision":"ALLOW","cert_hash":"6facf2369dd96cb51e7408ba20cbe0a412f85496269419b708ba8a3273a123d9","prev_hash":"88f9857d762d25dda4176fefb8502332d6b9b6a621c6f1c20cb6c04d72b7cb4f","record_hash":"0f5f7025d9d45d1e3c3240520c7d7d70a3cd9b4056ad1aeba4f8b24fdc09c926","signature_hex":"bfea0665e3edd695d812ec30f62d1b18452f720011d849d9253b978fa75f38431a52d1e810c88ff1005fd6d37767bfe2a0d2cb53a5c34c77a859e8831acf580a","public_key_hex":"c2f8243b0d573587f285c830a868acd19249d17d59ecbf9329e796dfed6fb630"}
{"seq":102,"ts":1780534800000,"agent_id":"regime","symbol":"SOLUSDT","side":"sell","price":68.55328809631055,"quantity":4.250935562720056,"notional_usd":291.41561031,"fee_usd":0.174849366186,"balance_before_usd":10191.069755101149,"balance_after_usd":10190.832366380375,"decision":"ALLOW","cert_hash":"2f73d1b6a423a427b28d2a6cce464e51fd2676186011bc73192e53a3cdf8855d","prev_hash":"0f5f7025d9d45d1e3c3240520c7d7d70a3cd9b4056ad1aeba4f8b24fdc09c926","record_hash":"0800ecf029ddf27b31c0c8d00953e8b03a9d0283d036deb19c599a89d17b2d83","signature_hex":"589341005f0ffca1f011e991767c56de214e4b074b02cf8a2c8024c4752e24c0bbbf980a92230ec13255872f85d3bea54be4462ea96f5760d36f0cd3514ffc09","public_key_hex":"c2f8243b0d573587f285c830a868acd19249d17d59ecbf9329e796dfed6fb630"}
{"seq":103,"ts":1780538400000,"agent_id":"regime","symbol":"SOLUSDT","side":"buy","price":70.0207208773776,"quantity":2.933188114553613,"notional_usd":205.38394625,"fee_usd":0.12323036775,"balance_before_usd":10062.595507841448,"balance_after_usd":10062.429098371138,"decision":"ALLOW","cert_hash":"8fcb8a9dacc138141789b1ebffe2aec973451b9ae7bfbb2f57f68bd56af7b1b9","prev_hash":"0800ecf029ddf27b31c0c8d00953e8b03a9d0283d036deb19c599a89d17b2d83","record_hash":"024a43ea1ed8b9e32ca1be7d2f82564da91aecd720ef61b726bf0e18708f9406","signature_hex":"9997c3b219804c08bb200de80bd29856f843e15c23382d7b8c515c27872c72d9821ac013a57ad51c7f17ec9f527cd0bede026c8a2adfe5beceecc3ae30843900","public_key_hex":"c2f8243b0d573587f285c830a868acd19249d17d59ecbf9329e796dfed6fb630"}
{"seq":104,"ts":1780567200000,"agent_id":"regime","symbol":"SOLUSDT","side":"sell","price":67.81741741467535,"quantity":4.421404799692569,"notional_usd":299.84825486,"fee_usd":0.179908952916,"balance_before_usd":10249.923648149754,"balance_after_usd":10249.679263684091,"decision":"ALLOW","cert_hash":"8a94fc25a5d8c95feeb5a971068423749724dcd6b83d2b40bdfde10ec60cb060","prev_hash":"024a43ea1ed8b9e32ca1be7d2f82564da91aecd720ef61b726bf0e18708f9406","record_hash":"d591f24c9469034f74af15bf2785134814dbf525bad61253da40289b198e255e","signature_hex":"dc132c779bc7666a79e4b1479d58a517a42df1b87a155c9d8887274ab91f3f7d980af7a5fbf76e0650d64cf6fcde8161dd071c21e6f49a57ed4383070e12730b","public_key_hex":"c2f8243b0d573587f285c830a868acd19249d17d59ecbf9329e796dfed6fb630"}
{"seq":105,"ts":1780574400000,"agent_id":"regime","symbol":"SOLUSDT","side":"buy","price":70.0801493598266,"quantity":4.625284357139418,"notional_usd":324.14061858,"fee_usd":0.19448437114800002,"balance_before_usd":10047.223318442711,"balance_after_usd":10046.958763974537,"decision":"ALLOW","cert_hash":"729637236394be12f7b5ad11762436cee3030b5fb124fd85e4521c735803d032","prev_hash":"d591f24c9469034f74af15bf2785134814dbf525bad61253da40289b198e255e","record_hash":"0476ae287e5ba8c81700c0c474a2805700d907f137e177e8b38d8755395c83cf","signature_hex":"1fab116a13f6deadc51221581d5500c2c25034a669a22d0c1e36d75d626713b8bba0d9be02f503ab6dfa9f4971731ff34705fc5e93bcf4b5b3d0197b676b8506","public_key_hex":"c2f8243b0d573587f285c830a868acd19249d17d59ecbf9329e796dfed6fb630"}
{"seq":106,"ts":1780606800000,"agent_id":"regime","symbol":"SOLUSDT","side":"sell","price":67.73337148797324,"quantity":4.70579397773807,"notional_usd":318.73929164,"fee_usd":0.191243574984,"balance_before_usd":10246.313822987058,"balance_after_usd":10246.053740648276,"decision":"ALLOW","cert_hash":"0be899d1d9e9bbe9b61ca46cc7f9bf184ca14f7a6e15e4f5b4df870ef19a20c4","prev_hash":"0476ae287e5ba8c81700c0c474a2805700d907f137e177e8b38d8755395c83cf","record_hash":"56e7a7f5ab2323d2c9c109268cf580353c95beefdc6af7492e5773197eb6ab95","signature_hex":"f26decd5507ed7e7219e7bb8b6295069eacac9933d0cab20a4e0851867cbc0f29c6c87bc28236cc80c29f6288d4801b5f07d33a4fbd897ef1219862aa2663405","public_key_hex":"c2f8243b0d573587f285c830a868acd19249d17d59ecbf9329e796dfed6fb630"}
{"seq":107,"ts":1780635600000,"agent_id":"regime","symbol":"SOLUSDT","side":"sell","price":66.1660121428308,"quantity":3.437392745674841,"notional_usd":227.43857015,"fee_usd":0.13646314209,"balance_before_usd":10388.343402097227,"balance_after_usd":10388.158857196375,"decision":"ALLOW","cert_hash":"a3049935ad95af19e4d55b2041d59c133fc03880c038bb0849fcc317879aa447","prev_hash":"56e7a7f5ab2323d2c9c109268cf580353c95beefdc6af7492e5773197eb6ab95","record_hash":"4e529ad3e4df27320f9eef05b9ed882856117fd472e486b1a98146f353c3d05e","signature_hex":"5c99d9dacf287a82655e20b707e39dbcaaba94b83c725288469d7d26db740d326aaeee476c2d14883fc435f41c3b276a928e911466b5b72c269ccbf84106af0b","public_key_hex":"c2f8243b0d573587f285c830a868acd19249d17d59ecbf9329e796dfed6fb630"}
{"seq":108,"ts":1780664400000,"agent_id":"regime","symbol":"SOLUSDT","side":"sell","price":64.25722259186585,"quantity":4.474435789050051,"notional_usd":287.51481647,"fee_usd":0.17250888988200003,"balance_before_usd":10567.954872923665,"balance_after_usd":10567.720717905748,"decision":"ALLOW","cert_hash":"7725e1af70c408f76d37c1c46065b4ce777eb8a2999c1b910e8b96ca7972f407","prev_hash":"4e529ad3e4df27320f9eef05b9ed882856117fd472e486b1a98146f353c3d05e","record_hash":"7372e6388edce159897a3995c2f23330eb5c5b831a93904efc389d5b9b2af102","signature_hex":"ac3f0ce8d6a6ed7303aa3f5d7897f4b2ce595ed12c7699236ba6f64f7dd45f85f04525d1e92f66adc1bf5820d69d1c280597896a9fedfa375e2273990a7d1a0d","public_key_hex":"c2f8243b0d573587f285c830a868acd19249d17d59ecbf9329e796dfed6fb630"}
{"seq":109,"ts":1780675200000,"agent_id":"regime","symbol":"SOLUSDT","side":"buy","price":65.84798034438955,"quantity":3.749933244855228,"notional_usd":246.9255306,"fee_usd":0.14815531836,"balance_before_usd":10413.518598244806,"balance_after_usd":10413.318017568243,"decision":"ALLOW","cert_hash":"7bcf26a92c058485ac09f9f0d4b7963f8341d5ad39062a2e2909e8cc343cbe6a","prev_hash":"7372e6388edce159897a3995c2f23330eb5c5b831a93904efc389d5b9b2af102","record_hash":"666e372fc4a5f730d9f4934ed6e229e2a11d5c8970ae74e9ce475b68e5a7e1b6","signature_hex":"1e21d82d40ff663e218834cc62a0ba9b5c46051dcd2f54a714a957ceee690b801e54ca8eac2235adc40cefb720d5a60e2dd877a8736c3ef9697a576f92ae2d05","public_key_hex":"c2f8243b0d573587f285c830a868acd19249d17d59ecbf9329e796dfed6fb630"}
{"seq":110,"ts":1780682400000,"agent_id":"regime","symbol":"SOLUSDT","side":"sell","price":62.84801041413218,"quantity":7.178159580825122,"notional_usd":451.13304809,"fee_usd":0.270679828854,"balance_before_usd":10695.384156228336,"balance_after_usd":10695.013056919655,"decision":"ALLOW","cert_hash":"185e54519211bf4cf0c4460f8177796ec36039f9d1aab151d89bd333a3305f57","prev_hash":"666e372fc4a5f730d9f4934ed6e229e2a11d5c8970ae74e9ce475b68e5a7e1b6","record_hash":"7664c560b6e28f759316cab089f92187341459bcd65f134274fcfe9051183eae","signature_hex":"82919923f508211f0162cf6a67f9c8402413e34c4fdac85f17ff633da59d1341796d3ba4db407aeafb014ca1b6e5cdcb0043922420f1df8e3c038911783b9907","public_key_hex":"c2f8243b0d573587f285c830a868acd19249d17d59ecbf9329e796dfed6fb630"}
{"seq":111,"ts":1780689600000,"agent_id":"regime","symbol":"SOLUSDT","side":"buy","price":64.60983574898461,"quantity":4.388658609837995,"notional_usd":283.55051194,"fee_usd":0.170130307164,"balance_before_usd":10517.9959113705,"balance_after_usd":10517.76506068443,"decision":"ALLOW","cert_hash":"351be58a823fd1261fb40f0086496d401d644275415cd70a585902f6a32ff5aa","prev_hash":"7664c560b6e28f759316cab089f92187341459bcd65f134274fcfe9051183eae","record_hash":"d72600747b81047d4e09fce1179103b6f8b066c31f7e8e6a5b009bf97d6fde24","signature_hex":"cf7a155955ebcabcb9160eb82bd64bc411e253c5f69995f1d02daa5ccd4e1b97e3ceb750a7466aed9222c152be5afd793dd34b3296910bb48b1c373cc8696003","public_key_hex":"c2f8243b0d573587f285c830a868acd19249d17d59ecbf9329e796dfed6fb630"}
{"seq":112,"ts":1780714800000,"agent_id":"regime","symbol":"SOLUSDT","side":"sell","price":62.77255593509034,"quantity":4.504075095529932,"notional_usd":282.73230587,"fee_usd":0.169639383522,"balance_before_usd":10694.597271094262,"balance_after_usd":10694.367078632797,"decision":"ALLOW","cert_hash":"032e93aed3c56796c3abf6f4dd925a9a176fde2b993e3873fb4dcbe0a12d010c","prev_hash":"d72600747b81047d4e09fce1179103b6f8b066c31f7e8e6a5b009bf97d6fde24","record_hash":"a68d0b17d9f29b40b8a36c34e8c296bb5551933dfc436d87f256c98eef4da34a","signature_hex":"f958a213ecdd5cd63c20d2414a363ca73c4973152567c8d608d7abf2fd2939273018d18eb6a3c64cda02947947d4816859b0236a9cb1ea270bcc0880412c8f07","public_key_hex":"c2f8243b0d573587f285c830a868acd19249d17d59ecbf9329e796dfed6fb630"}
{"seq":113,"ts":1780718400000,"agent_id":"regime","symbol":"SOLUSDT","side":"sell","price":60.7908551781238,"quantity":5.32814519323557,"notional_usd":323.90250281,"fee_usd":0.19434150168599998,"balance_before_usd":10896.930310738591,"balance_after_usd":10896.665931717409,"decision":"ALLOW","cert_hash":"8a56c84c34fed3ea243b5cd1c8227bd1bf8880567bef13a2fdcf7722ee422695","prev_hash":"a68d0b17d9f29b40b8a36c34e8c296bb5551933dfc436d87f256c98eef4da34a","record_hash":"056359670005f17a5864ce4b97dd44f0d990c770b241940a37f2694be3b23b83","signature_hex":"9e7c77964207cc7102c6fab6f98a30ce15bdfbcd6337c0588be9ee2ee1285a7720103af62f0b796d16e44bf1aff116d7c34c7504ba910562296630d96099d003","public_key_hex":"c2f8243b0d573587f285c830a868acd19249d17d59ecbf9329e796dfed6fb630"}
{"seq":114,"ts":1780722000000,"agent_id":"regime","symbol":"SOLUSDT","side":"buy","price":62.56645317843882,"quantity":4.813113254976333,"notional_usd":301.13942511,"fee_usd":0.18068365506599998,"balance_before_usd":10708.5967066054,"balance_after_usd":10708.351271278869,"decision":"ALLOW","cert_hash":"c92cbda9e7351f81e1fcdc465423acdae77c3d496dc8bfa414d88ccd1f8ad631","prev_hash":"056359670005f17a5864ce4b97dd44f0d990c770b241940a37f2694be3b23b83","record_hash":"056be8a336c7fad1dd1818fae186df7e52a09c1ba2e11eeb2ad771472a3853f5","signature_hex":"33e1310bd91c6952d9b6d3bf489091478af48de7d7d9d1832feba78a29ea043876945c10142e7b71ddc54c37a2264e9af6ef09a25769cb2aac6f3b46ea89fc05","public_key_hex":"c2f8243b0d573587f285c830a868acd19249d17d59ecbf9329e796dfed6fb630"}
{"seq":115,"ts":1780804800000,"agent_id":"regime","symbol":"SOLUSDT","side":"buy","price":64.05159043493397,"quantity":3.8135871754524966,"notional_usd":244.26632385,"fee_usd":0.14655979431000002,"balance_before_usd":10555.817326914577,"balance_after_usd":10555.618938811895,"decision":"ALLOW","cert_hash":"b07afaac90409409303b9ce24d6741e1aef1fc4b320b12bd9ee87bf8d1441aa8","prev_hash":"056be8a336c7fad1dd1818fae186df7e52a09c1ba2e11eeb2ad771472a3853f5","record_hash":"2bfd53fca1d1c2b5bdc0449f4e12df1986aede1a26351c8877b45c328fb43dee","signature_hex":"d3315fe24dede47ae870883a3bf4d4fd131d29d4fc002d2f6190e0621cc0a3951de75ffe35c78771b3ee4a8eaddd1a05acead98c39d565f0a3e0c1b65cfbc109","public_key_hex":"c2f8243b0d573587f285c830a868acd19249d17d59ecbf9329e796dfed6fb630"}
{"seq":116,"ts":1780812000000,"agent_id":"regime","symbol":"SOLUSDT","side":"buy","price":64.80643739574,"quantity":30.86113170805881,"notional_usd":2000.0,"fee_usd":1.2,"balance_before_usd":10481.540686428627,"balance_after_usd":10479.740826398633,"decision":"ALLOW_CAPPED","cert_hash":"3a29f8325772eac5adf446b73a35e07fd09307a0a8569104246f12dbb3144826","prev_hash":"2bfd53fca1d1c2b5bdc0449f4e12df1986aede1a26351c8877b45c328fb43dee","record_hash":"9ee79e805f503412004b6783c61c06b30bc5def48e8ce42d96bb84aa787f037b","signature_hex":"43afa01abb8b8403aa6adc9a6761db9b5c213608fb21745079b9a939ef3b0ff0a851112e4a81e196ede2b67e47766512ab4d383d6a27fb3dd705911a9957e206","public_key_hex":"c2f8243b0d573587f285c830a868acd19249d17d59ecbf9329e796dfed6fb630"}
{"seq":117,"ts":1780815600000,"agent_id":"regime","symbol":"SOLUSDT","side":"buy","price":64.89046259742,"quantity":30.821170322177956,"notional_usd":2000.0,"fee_usd":1.2,"balance_before_usd":10474.025320073333,"balance_after_usd":10472.225460043339,"decision":"ALLOW_CAPPED","cert_hash":"579e1c635db4241b3c00bc5232308bab812d576d7e07b5464ed183f903c4c00b","prev_hash":"9ee79e805f503412004b6783c61c06b30bc5def48e8ce42d96bb84aa787f037b","record_hash":"a3a3a922a854475e3ba56dd8a27b3437fce499ef229f5f77a7806310175356d4","signature_hex":"6ca1dde687bc0eb2d28727b2614471cdf10a4ef866d9bb985c336a4c458d7f175878ad03d2656f1a64bd80e40a93962ee85aeb893a41ad587b51d07c8eee1c08","public_key_hex":"c2f8243b0d573587f285c830a868acd19249d17d59ecbf9329e796dfed6fb630"}
{"seq":118,"ts":1780819200000,"agent_id":"regime","symbol":"SOLUSDT","side":"sell","price":65.88922861818,"quantity":30.35397502662772,"notional_usd":2000.0,"fee_usd":1.2,"balance_before_usd":10433.590506675117,"balance_after_usd":10431.79036664511,"decision":"ALLOW_CAPPED","cert_hash":"056cc55261e40c177ae3b60b42fd8d01716c5fe335f0b5f3db2aa1705f7f535e","prev_hash":"a3a3a922a854475e3ba56dd8a27b3437fce499ef229f5f77a7806310175356d4","record_hash":"577a6f46ad2e516a6634a877451517fb9ada70a7fb372a7f2f1f53c198004b12","signature_hex":"d9c8f45b4fcf18504987147ddf14c27ab597c9ead071dad85fcd1632703ae226b859be3fec519d24bd9b41b1bfb6ba3a799388594a1246ff8ebbe5b469aec705","public_key_hex":"c2f8243b0d573587f285c830a868acd19249d17d59ecbf9329e796dfed6fb630"}
{"seq":119,"ts":1780822800000,"agent_id":"regime","symbol":"SOLUSDT","side":"buy","price":64.97848899918,"quantity":30.779416862482584,"notional_usd":2000.0,"fee_usd":1.2,"balance_before_usd":10495.986185983807,"balance_after_usd":10494.186325953813,"decision":"ALLOW_CAPPED","cert_hash":"5dd5b7dda5d6f9374eb1fd4513edd1b36269e8fbede154e33207a34bc9cbbca4","prev_hash":"577a6f46ad2e516a6634a877451517fb9ada70a7fb372a7f2f1f53c198004b12","record_hash":"96fefa38a77a5601eeb4bcfb128a45049a752da2a97d788cef775086859ff7ee","signature_hex":"5537e175468659b818e6a105858601dd1b1981573051a6e6c013e7350582aec694f268b261334a663c447017bebdf103a63938a2f43926f2dbe4e920bc083c05","public_key_hex":"c2f8243b0d573587f285c830a868acd19249d17d59ecbf9329e796dfed6fb630"}
{"seq":120,"ts":1780826400000,"agent_id":"regime","symbol":"SOLUSDT","side":"buy","price":64.61638039193998,"quantity":30.951903957923847,"notional_usd":2000.0,"fee_usd":1.2,"balance_before_usd":10507.506162944972,"balance_after_usd":10505.706302914978,"decision":"ALLOW_CAPPED","cert_hash":"0c5c1e829d0984dc1fe8b32d1a4280bce413d1099f5369588000ccf6a1cf9aff","prev_hash":"96fefa38a77a5601eeb4bcfb128a45049a752da2a97d788cef775086859ff7ee","record_hash":"a2fa36ce3f7552d73682771df9bb8764d936cf2a8b714fc465fff630c97b7cac","signature_hex":"b88312c20a2c2e4309f2abc86d6e09f99879f7cb15c173e2c2378cb5684e5d1a3a966c0e60345af62ab932d609435e122f6c131b251e9dfc04a4f4463278af01","public_key_hex":"c2f8243b0d573587f285c830a868acd19249d17d59ecbf9329e796dfed6fb630"}
{"seq":121,"ts":1780830000000,"agent_id":"regime","symbol":"SOLUSDT","side":"buy","price":64.9912296811743,"quantity":5.841946490973669,"notional_usd":379.67528618,"fee_usd":0.227805171708,"balance_before_usd":10503.485877091252,"balance_after_usd":10503.174942883543,"decision":"ALLOW","cert_hash":"43b7c4348449d47bb47fe0c00af341c9b205757401145eade2d3612828c3ecac","prev_hash":"a2fa36ce3f7552d73682771df9bb8764d936cf2a8b714fc465fff630c97b7cac","record_hash":"344d9f871a8844d6563ace7dbd90b2040c78d969c176a8b582ced99d49246218","signature_hex":"64bafe4c8555216871168d8e66bb308c8475fa0d91b507e40c857d7ea72c615ee01a6659c8b0cb5572fbd0e49f6a34486ce365bc740019f48ed8998127b8bd06","public_key_hex":"c2f8243b0d573587f285c830a868acd19249d17d59ecbf9329e796dfed6fb630"}
{"seq":122,"ts":1780884000000,"agent_id":"regime","symbol":"SOLUSDT","side":"buy","price":66.4299243282,"quantity":30.106913717361934,"notional_usd":2000.0,"fee_usd":1.2,"balance_before_usd":10503.173109559324,"balance_after_usd":10501.37324952933,"decision":"ALLOW_CAPPED","cert_hash":"a2e812ef0ece42d818f3a347645dda5553b8fb421ab7efc1b8fded77d573ea18","prev_hash":"344d9f871a8844d6563ace7dbd90b2040c78d969c176a8b582ced99d49246218","record_hash":"26f740b3513e253090a97e6ee82193bd82db6ed173cfabb443cf4437d1d643fb","signature_hex":"60278a275736efa25bee1d3338f98c28b8924484d6cda9ad6fa36626c38b02a38d806b62272d99cff895a12f204152d006dc299dc8f21a9fa282d6ac33107e00","public_key_hex":"c2f8243b0d573587f285c830a868acd19249d17d59ecbf9329e796dfed6fb630"}
{"seq":123,"ts":1780887600000,"agent_id":"regime","symbol":"SOLUSDT","side":"buy","price":66.3298943262,"quantity":30.152316995475886,"notional_usd":2000.0,"fee_usd":1.2,"balance_before_usd":10498.362686093687,"balance_after_usd":10496.562826063693,"decision":"ALLOW_CAPPED","cert_hash":"0be6f465622e2789ed5f93baad7b6e35d1af9d03ff443f9ed3ed09a43ca6c29d","prev_hash":"26f740b3513e253090a97e6ee82193bd82db6ed173cfabb443cf4437d1d643fb","record_hash":"a9fd8bb3ccd1411cd67ad5fb820b9a5a4749abdd83022206d10d096c02830c4e","signature_hex":"3241fb2f3d0f197b61a2e89aed935c4b867e2e91089d99a18b385f930cefda5c798b7b154f634fe0f320389afd1ce774d8c2dca475c2146327dacbc3e0a0a501","public_key_hex":"c2f8243b0d573587f285c830a868acd19249d17d59ecbf9329e796dfed6fb630"}
{"seq":124,"ts":1780891200000,"agent_id":"regime","symbol":"SOLUSDT","side":"buy","price":65.40361650768,"quantity":30.579348769882635,"notional_usd":2000.0,"fee_usd":1.2,"balance_before_usd":10440.763963111829,"balance_after_usd":10438.964103081835,"decision":"ALLOW_CAPPED","cert_hash":"9e40e8170055ca45a86fc2da7364cf39b4a903eba886e011cae681011da08380","prev_hash":"a9fd8bb3ccd1411cd67ad5fb820b9a5a4749abdd83022206d10d096c02830c4e","record_hash":"76c0e4ec3d463783d8d3b918b309f9b81578cfa173828110451c1a1f13bb9233","signature_hex":"bd23a85086016db321006f5b59a44451bf320e810d603838e98bcf4eed6c0f36849bcc3ded93ab56c59859343435fee20b81421b6610000a9ff20736b3284e0b","public_key_hex":"c2f8243b0d573587f285c830a868acd19249d17d59ecbf9329e796dfed6fb630"}
{"seq":125,"ts":1780894800000,"agent_id":"regime","symbol":"SOLUSDT","side":"sell","price":65.2704143058,"quantity":30.641754327309023,"notional_usd":2000.0,"fee_usd":1.2,"balance_before_usd":10430.425396870389,"balance_after_usd":10428.625256840383,"decision":"ALLOW_CAPPED","cert_hash":"8e9cef3ccd3d94c34bff25cc01eccad4f51aaaa95cf4fa5a4484ff7699ad71a3","prev_hash":"76c0e4ec3d463783d8d3b918b309f9b81578cfa173828110451c1a1f13bb9233","record_hash":"3f890ebf06941a5dbaa9dc25ec61b74f14d4e3ea5942a39a1166452952da7165","signature_hex":"d0d72344708daba020ae8a3d4dfb3a665620f7ba53396d26c8afe5dd17a69a136a1761c65052b53d0d3e635e50508ea240663c9cfa0b7122ddccb4328829db0f","public_key_hex":"c2f8243b0d573587f285c830a868acd19249d17d59ecbf9329e796dfed6fb630"}
{"seq":126,"ts":1780898400000,"agent_id":"regime","symbol":"SOLUSDT","side":"sell","price":65.60731321253999,"quantity":30.48440641854734,"notional_usd":2000.0,"fee_usd":1.2,"balance_before_usd":10448.911155773121,"balance_after_usd":10447.111015743112,"decision":"ALLOW_CAPPED","cert_hash":"b93af07c5364474873ca6022885cb79c4777c6a3370351c1f72dd79137bf2baa","prev_hash":"3f890ebf06941a5dbaa9dc25ec61b74f14d4e3ea5942a39a1166452952da7165","record_hash":"78a645663a0fac54ac119373ca614bef65c0e9ba7a098b910b386c24062ab676","signature_hex":"a8a150f480a1cd36645e385d2bbb44fd6346b2c7ecd23bffa3d64adda065ae46938a3f901587ad19a423cf78cb3612b6854a7a9019e00c2993744c0c812dbc08","public_key_hex":"c2f8243b0d573587f285c830a868acd19249d17d59ecbf9329e796dfed6fb630"}
{"seq":127,"ts":1780902000000,"agent_id":"regime","symbol":"SOLUSDT","side":"sell","price":66.04730367800252,"quantity":29.719999694760666,"notional_usd":1962.92584515,"fee_usd":1.17775550709,"balance_before_usd":10460.183917068522,"balance_after_usd":10458.42078687768,"decision":"ALLOW","cert_hash":"9dc338ae5ef0f24106a9b2c84640ae116c38bf2e3e8ae0acf82caddc0beae23d","prev_hash":"78a645663a0fac54ac119373ca614bef65c0e9ba7a098b910b386c24062ab676","record_hash":"0d3cad56db1d9d1350301aa1a9a99871797a7f3a6d8c0e0eacf65d5bbc7aefe1","signature_hex":"3a5508f13721bebf47885a26298a4cc771ec9c8361563b550adcab4cf47ae26bafdbd7e9f6ae93b729c493aba5167cfab9e7f6c7f07e04f97370f70113e07a03","public_key_hex":"c2f8243b0d573587f285c830a868acd19249d17d59ecbf9329e796dfed6fb630"}
{"seq":128,"ts":1780916400000,"agent_id":"regime","symbol":"SOLUSDT","side":"buy","price":66.66499483289999,"quantity":30.000752344061915,"notional_usd":2000.0,"fee_usd":1.2,"balance_before_usd":10458.415665613395,"balance_after_usd":10456.6158055834,"decision":"ALLOW_CAPPED","cert_hash":"78369f1e596756df8dd6c26591470efc7a86e29fc1872331650d74303539c763","prev_hash":"0d3cad56db1d9d1350301aa1a9a99871797a7f3a6d8c0e0eacf65d5bbc7aefe1","record_hash":"5081b4f625eac931a4a467a33c04eba0b0ab2ba4412ca1b0cff4499887d58fd6","signature_hex":"7ca6036fba0989d639732540560a873675e0b1135b7fb771aee65f3b411fffd6553f1c976e9b86de297e221bb1b93af283b949803a1388b013d6522289534e0c","public_key_hex":"c2f8243b0d573587f285c830a868acd19249d17d59ecbf9329e796dfed6fb630"}
{"seq":129,"ts":1780920000000,"agent_id":"regime","symbol":"SOLUSDT","side":"buy","price":67.25917304478,"quantity":29.73572093532037,"notional_usd":2000.0,"fee_usd":1.2,"balance_before_usd":10474.43098944639,"balance_after_usd":10472.631129416395,"decision":"ALLOW_CAPPED","cert_hash":"9fb15fa66d4861edc2360439a664ca714967ebea3013dd98fc7e04e5b01cecf1","prev_hash":"5081b4f625eac931a4a467a33c04eba0b0ab2ba4412ca1b0cff4499887d58fd6","record_hash":"cade9423a65471e6776f3f7aa97d8bb96b4eefbf8fba51dbb254477fb40432ee","signature_hex":"57c2a94a7773bb97e32102ce7061b6f17dd6dd446c8e51c9715772e3a1470ab19fa284e4557f3dc1504ae253bf477402990c83771a5bac0b4f4451b99ac05f04","public_key_hex":"c2f8243b0d573587f285c830a868acd19249d17d59ecbf9329e796dfed6fb630"}
{"seq":130,"ts":1780923600000,"agent_id":"regime","symbol":"SOLUSDT","side":"buy","price":66.76302423486,"quantity":29.956701676130923,"notional_usd":2000.0,"fee_usd":1.2,"balance_before_usd":10443.006233387961,"balance_after_usd":10441.206373357967,"decision":"ALLOW_CAPPED","cert_hash":"ea2194572e5437461d1cd4fe365d369e255cb5f6a8f2792babb0b49a2047fd17","prev_hash":"cade9423a65471e6776f3f7aa97d8bb96b4eefbf8fba51dbb254477fb40432ee","record_hash":"19a4c6f967b65a076ab065315a21c0bd54ef50bdef493aa3709ac8da2268aae8","signature_hex":"9b0cb62f24764ac08c5ccaec66364abe349bfeeb0b1d75bddb2dc1109755a5a9a520089831446ab74f516235f6b768118b7d46cbde5efdd843f8cded2f7f7204","public_key_hex":"c2f8243b0d573587f285c830a868acd19249d17d59ecbf9329e796dfed6fb630"}
{"seq":131,"ts":1780927200000,"agent_id":"regime","symbol":"SOLUSDT","side":"buy","price":67.2683278533528,"quantity":3.8739202627141194,"notional_usd":260.59213831,"fee_usd":0.156355282986,"balance_before_usd":10487.035058137313,"balance_after_usd":10486.823197892903,"decision":"ALLOW","cert_hash":"39e59fbbc30131b71f8cdd072766634a3f04c5df2ca35f700cf9e5b3e007e4c1","prev_hash":"19a4c6f967b65a076ab065315a21c0bd54ef50bdef493aa3709ac8da2268aae8","record_hash":"d995812242f762e3b583127c398a5b9bff9cddaed45625754c9f5a794410fca9","signature_hex":"777b04388eefd045217f6a43e45d64855bce93c3026648df80f5b127ede7485a8090c983526894295aa4116d332c1be335f2a8997284edb4118ea8c8e189170f","public_key_hex":"c2f8243b0d573587f285c830a868acd19249d17d59ecbf9329e796dfed6fb630"}
{"seq":132,"ts":1780966800000,"agent_id":"regime","symbol":"SOLUSDT","side":"sell","price":65.9252178189,"quantity":30.33740450420815,"notional_usd":2000.0,"fee_usd":1.2,"balance_before_usd":10364.35546840959,"balance_after_usd":10362.555328379585,"decision":"ALLOW_CAPPED","cert_hash":"85dd8d12ce8c9e872e36d272ccca655ba64df564ebcb1dc5fca38505634b1b79","prev_hash":"d995812242f762e3b583127c398a5b9bff9cddaed45625754c9f5a794410fca9","record_hash":"5af698fbbbe8a4cf1300e13dfd3045117120a7640a8ef7f65c9d59615ebd77b6","signature_hex":"411943f02f8c905e39b4a1b1127a600b514f6f47106ce6c35d950aabdd400bad7082860d54f1cd9db79a6f45d06fa93ae8f5fd22caf5f3c5c1e0ebc367e92504","public_key_hex":"c2f8243b0d573587f285c830a868acd19249d17d59ecbf9329e796dfed6fb630"}
