{"seq":0,"ts":1781813040000,"agent_id":"rl-qlearn","symbol":"SOLUSDT","side":"sell","price":69.78206049606,"quantity":28.660661290059256,"notional_usd":2000.0,"fee_usd":1.2,"balance_before_usd":10000.0,"balance_after_usd":9998.199859969993,"decision":"ALLOW_CAPPED","cert_hash":"5b78d7f7943b45d90f47dbc1071285c66124897576547f20ed4b2fccb13157a9","prev_hash":"0000000000000000000000000000000000000000000000000000000000000000","record_hash":"303f429e9a553dfee7c3415cd4c3aca0b52ed5e3c77929fb4854687e6aefc41e","signature_hex":"f556e5155093a0d54409d6f36d08600d4b69e646e8c07ffd058a6dbed4116cb200b06ea68c593d21bf4cfe6fa20da860e953543c8bd7849789ab775bbfd24403","public_key_hex":"c2f8243b0d573587f285c830a868acd19249d17d59ecbf9329e796dfed6fb630"}
{"seq":1,"ts":1781813100000,"agent_id":"rl-qlearn","symbol":"SOLUSDT","side":"buy","price":69.73991079339898,"quantity":28.65206768617107,"notional_usd":1998.19264448,"fee_usd":1.198915586688,"balance_before_usd":10000.607355518358,"balance_after_usd":9998.809302463831,"decision":"ALLOW","cert_hash":"40907192587209b446ddd4ad6254ca072e3c15285a589478dbcc3855347e3219","prev_hash":"303f429e9a553dfee7c3415cd4c3aca0b52ed5e3c77929fb4854687e6aefc41e","record_hash":"4414325e416dafd0333f1ab24672bf862389aec24e8cc62b1185181cb714f04a","signature_hex":"197f608fac6ce4bce9ea0818f3bce97c4864a7fed380efd94de16f0a564c6af5e96b6ac396b74f48e5e1462ed5e7aa3a13d2b07eb148b9d88077cfddd362d908","public_key_hex":"c2f8243b0d573587f285c830a868acd19249d17d59ecbf9329e796dfed6fb630"}
{"seq":2,"ts":1781813160000,"agent_id":"rl-qlearn","symbol":"SOLUSDT","side":"sell","price":69.69608629434,"quantity":28.69601589325424,"notional_usd":2000.0,"fee_usd":1.2,"balance_before_usd":9998.809319651038,"balance_after_usd":9997.009179621033,"decision":"ALLOW_CAPPED","cert_hash":"12d670e406f7f25c1bdb8f5026ef0ae0b4e381b02a7ee16fcb02b2f90d22dcda","prev_hash":"4414325e416dafd0333f1ab24672bf862389aec24e8cc62b1185181cb714f04a","record_hash":"2f84cc947dfc3c810e653b9d9959ab6a892df012f45fcc201dc4e42d20112313","signature_hex":"5bb3793cab702c60d04807c9a3a0a6c460e49bc70eff1cc0bd93519e7a5c41cb2ed2b02c7c19bac6273b6eaa1a8aaf73bca93f21fa0126ea29847d2813c7a900","public_key_hex":"c2f8243b0d573587f285c830a868acd19249d17d59ecbf9329e796dfed6fb630"}
{"seq":3,"ts":1781813220000,"agent_id":"rl-qlearn","symbol":"SOLUSDT","side":"buy","price":69.7059068937,"quantity":28.691973021023262,"notional_usd":2000.0,"fee_usd":1.2,"balance_before_usd":9997.927727124941,"balance_after_usd":9996.127867094945,"decision":"ALLOW_CAPPED","cert_hash":"da8a759bf93576c1a44339155a31c97903b7d1115ecac4c60ae0129411febf3c","prev_hash":"2f84cc947dfc3c810e653b9d9959ab6a892df012f45fcc201dc4e42d20112313","record_hash":"a3ac5a20be0ef75a82f0eb01989d6454d54dde89ab1e3cee821324a4bf5a70fd","signature_hex":"55fff5694748e2a9a418816f742a1476ce5c22665abe0e0a77aeb6143a0cd116af663beb6c1cbce8cd1083b904871aefd55a63ab74fef3dd8b30da310d611604","public_key_hex":"c2f8243b0d573587f285c830a868acd19249d17d59ecbf9329e796dfed6fb630"}
{"seq":4,"ts":1781813340000,"agent_id":"rl-qlearn","symbol":"SOLUSDT","side":"buy","price":69.7409173944,"quantity":28.677569420109098,"notional_usd":2000.0,"fee_usd":1.2,"balance_before_usd":9996.127424818282,"balance_after_usd":9994.327564788287,"decision":"ALLOW_CAPPED","cert_hash":"cf7a34a69315a0fda6882b3f5c729ae1445f884f7bb8b458c9fc9fc63a2db563","prev_hash":"a3ac5a20be0ef75a82f0eb01989d6454d54dde89ab1e3cee821324a4bf5a70fd","record_hash":"d0ef4eae98556b9a7994fc1d1b31182ce9450e7e521432945248b79009f73f6f","signature_hex":"97bdea6905a1967d29217dba11c914a569d8f7dd76d1430d4c2b60b2adc40ac3b7a922b892dd1bd653ee3fd59df449ebe1b28ab5f4bde978191c250c05ab9906","public_key_hex":"c2f8243b0d573587f285c830a868acd19249d17d59ecbf9329e796dfed6fb630"}
{"seq":5,"ts":1781813400000,"agent_id":"rl-qlearn","symbol":"SOLUSDT","side":"sell","price":69.6940868943,"quantity":28.696839131177025,"notional_usd":2000.0,"fee_usd":1.2,"balance_before_usd":9994.184240123568,"balance_after_usd":9992.384100093563,"decision":"ALLOW_CAPPED","cert_hash":"af1299f1795513486e72761e697e6bb1dba921b4e8fbd4afa73ad84cf47fcaac","prev_hash":"d0ef4eae98556b9a7994fc1d1b31182ce9450e7e521432945248b79009f73f6f","record_hash":"4f25f385d6a56019c8050d52133ba67d600a451f730510e75606dccd23f568c5","signature_hex":"b3d46c420cf07beb707ea0d3c6a2919b02fa668fe601d66099f9a2b77bb30ab1e394bc5e55bbeb0ab4342d226c79b431bc538fd32cc3440c656f8b892dd6fb03","public_key_hex":"c2f8243b0d573587f285c830a868acd19249d17d59ecbf9329e796dfed6fb630"}
{"seq":6,"ts":1781813460000,"agent_id":"rl-qlearn","symbol":"SOLUSDT","side":"sell","price":69.69208749426,"quantity":28.69766241633564,"notional_usd":2000.0,"fee_usd":1.2,"balance_before_usd":9992.384163905937,"balance_after_usd":9990.58402387593,"decision":"ALLOW_CAPPED","cert_hash":"b8e771b1a3a6180754aaed729fa6dc030046595719dca20abee3408af2c9b99c","prev_hash":"4f25f385d6a56019c8050d52133ba67d600a451f730510e75606dccd23f568c5","record_hash":"25a8688f5962afa8ad8079c7a48eb3b6823c3a976005694e03b46cc525e51631","signature_hex":"6efa1451946a20571e4c0af8b0ad43fb72eec29840c2e40839ebbb11348667c9383a6c262c51a9890b1ff3c7b63cc72ee03adb2f308dc8f0af48ec8f84c23403","public_key_hex":"c2f8243b0d573587f285c830a868acd19249d17d59ecbf9329e796dfed6fb630"}
{"seq":7,"ts":1781813520000,"agent_id":"rl-qlearn","symbol":"SOLUSDT","side":"buy","price":69.66289399284,"quantity":28.70968869317375,"notional_usd":2000.0,"fee_usd":1.2,"balance_before_usd":9992.62382324678,"balance_after_usd":9990.823963216784,"decision":"ALLOW_CAPPED","cert_hash":"f6d7e6ec860493d9008ae969585ecedfa51bbda1703ab75c32a28059ab639794","prev_hash":"25a8688f5962afa8ad8079c7a48eb3b6823c3a976005694e03b46cc525e51631","record_hash":"a4a6ec14b680bce847ae251a67df63385be9beacc754afa41890b31111a134dc","signature_hex":"3a2b1620e517674ea23c772cad70d244aeb4a41ac016c815f8001f333cfafe8cf7b9d79e73f661d82377b5f20117f95c969caa291a03e6e5e7dad4bf4a1dd30b","public_key_hex":"c2f8243b0d573587f285c830a868acd19249d17d59ecbf9329e796dfed6fb630"}
{"seq":8,"ts":1781813580000,"agent_id":"rl-qlearn","symbol":"SOLUSDT","side":"sell","price":69.67209349386,"quantity":28.705897866787282,"notional_usd":2000.0,"fee_usd":1.2,"balance_before_usd":9990.822949341356,"balance_after_usd":9989.022809311351,"decision":"ALLOW_CAPPED","cert_hash":"e45621b17b1146dbdcd80a3fe71b1dd5eacd688a7bf5acbd32bc538f64b4ea53","prev_hash":"a4a6ec14b680bce847ae251a67df63385be9beacc754afa41890b31111a134dc","record_hash":"9fff419af0567eb7a5582d27ead5664d267389fa0427ed96396eb942667615f6","signature_hex":"26e71a6e8a5f07697f4e32d719026926a830a7a5e9719400ad37ee26844fd6e19cf7d68da6bcfebfa2c4cc96092dc649ec515682fa6921d95e880603ae157007","public_key_hex":"c2f8243b0d573587f285c830a868acd19249d17d59ecbf9329e796dfed6fb630"}
{"seq":9,"ts":1781813640000,"agent_id":"rl-qlearn","symbol":"SOLUSDT","side":"buy","price":69.72991409418,"quantity":28.68209470757013,"notional_usd":2000.0,"fee_usd":1.2,"balance_before_usd":9988.563196866917,"balance_after_usd":9986.763336836922,"decision":"ALLOW_CAPPED","cert_hash":"d8dd91e79558fcbfb7281817b13a334770b76113143a15239dba8518d5f92b53","prev_hash":"9fff419af0567eb7a5582d27ead5664d267389fa0427ed96396eb942667615f6","record_hash":"7c03262966dcd6c979b8a0a4c0aee8b2f62b5490b25865a54ccf46a228dc55e9","signature_hex":"f917a8b5b36204f9ae9b7e665b3de441dafb97dacbefac7eb05060e445482bd66ce8bda74b3e6bbea3625e6fe67394ccf6821110f272b551bc29bd92ef688f00","public_key_hex":"c2f8243b0d573587f285c830a868acd19249d17d59ecbf9329e796dfed6fb630"}
{"seq":10,"ts":1781813700000,"agent_id":"rl-qlearn","symbol":"SOLUSDT","side":"buy","price":69.71190869382,"quantity":28.68950280480989,"notional_usd":2000.0,"fee_usd":1.2,"balance_before_usd":9986.764123132174,"balance_after_usd":9984.96426310218,"decision":"ALLOW_CAPPED","cert_hash":"6bc23fb1a1d308b4f1af3d9345788db03325f51ca74beec09b3ec9cbefe66bfa","prev_hash":"7c03262966dcd6c979b8a0a4c0aee8b2f62b5490b25865a54ccf46a228dc55e9","record_hash":"30942dfa10a1a04d57b662e84c93fa39a881849241156fdb0c912fc790857905","signature_hex":"c417721c8fa7e6fc2b3cd5e966a04ae1af55dbf43ebefa4df080eb269b0d36bba4e25bb216da477fe236efd4b6b0be19d08a6b1058daa30094b95e280ebe350e","public_key_hex":"c2f8243b0d573587f285c830a868acd19249d17d59ecbf9329e796dfed6fb630"}
{"seq":11,"ts":1781813760000,"agent_id":"rl-qlearn","symbol":"SOLUSDT","side":"sell","price":69.76306961515738,"quantity":28.654414082227742,"notional_usd":1999.0198844,"fee_usd":1.19941193064,"balance_before_usd":9987.628324337558,"balance_after_usd":9985.829164492738,"decision":"ALLOW","cert_hash":"54f8a3abbdf15b4b9e3e713f972ff1bf11c1795454252675401daabf72e06b74","prev_hash":"30942dfa10a1a04d57b662e84c93fa39a881849241156fdb0c912fc790857905","record_hash":"d5c8013b353b6be843fc16f8d245cae806f85ec2a73da8ca53ba89c6ad2ac944","signature_hex":"c0381a7b3de10ed78a873a7c6f422a93154a4c4c473c8241f6f2fdc0eb3a1c50a83d6ade83f2735e8166e76f3a85bfcf66d7d193791c8ad44ac574dbb12a5c02","public_key_hex":"c2f8243b0d573587f285c830a868acd19249d17d59ecbf9329e796dfed6fb630"}
{"seq":12,"ts":1781814120000,"agent_id":"rl-qlearn","symbol":"SOLUSDT","side":"buy","price":69.77692819512,"quantity":28.66276936707962,"notional_usd":2000.0,"fee_usd":1.2,"balance_before_usd":9985.829405134453,"balance_after_usd":9984.029545104459,"decision":"ALLOW_CAPPED","cert_hash":"f5e7cb3211369c87165c3ad18cf9faae2c5c4cfc7d93c38d82c0f9634b7837d9","prev_hash":"d5c8013b353b6be843fc16f8d245cae806f85ec2a73da8ca53ba89c6ad2ac944","record_hash":"49b3e8dd7bc3df7ab275bb0cd5fee720297075750cf2dc0d374ce06b284091f1","signature_hex":"0c4e7037d007149a8fc32ddb2166d494a92fe1916253c1db4d4a2ae1dc153e43abbf88e4ce9ce0124635b4d2067db9b53608e2d7a6bc08f4ad9a48c563c4560b","public_key_hex":"c2f8243b0d573587f285c830a868acd19249d17d59ecbf9329e796dfed6fb630"}
{"seq":13,"ts":1781814180000,"agent_id":"rl-qlearn","symbol":"SOLUSDT","side":"buy","price":69.81794049594,"quantity":28.645932346232737,"notional_usd":2000.0,"fee_usd":1.2,"balance_before_usd":9985.204366280283,"balance_after_usd":9983.404506250288,"decision":"ALLOW_CAPPED","cert_hash":"2fa3393451f6e20c9c027ae11733fe0a94c38c720b8f0d6e46f94b1e7687a9bd","prev_hash":"49b3e8dd7bc3df7ab275bb0cd5fee720297075750cf2dc0d374ce06b284091f1","record_hash":"627df5118c4114342700e84d494cecacb9589776526e5f91a3957b193f13f938","signature_hex":"100f9a0c936e6f6018fd76a6746735a52f31bafba5da57c2321e036f8eafbe4656c26627758fd50bba8ffaa044cf01f4e5c953444dc6758a938c880331d4b907","public_key_hex":"c2f8243b0d573587f285c830a868acd19249d17d59ecbf9329e796dfed6fb630"}
{"seq":14,"ts":1781814240000,"agent_id":"rl-qlearn","symbol":"SOLUSDT","side":"buy","price":69.81842411399369,"quantity":14.211321318854162,"notional_usd":992.21205906,"fee_usd":0.5953272354360001,"balance_before_usd":9983.633706679753,"balance_after_usd":9982.790759761658,"decision":"ALLOW","cert_hash":"92e0e77176d8058c360100f4fcaad2496af5fd434dec55949f5460668be65a54","prev_hash":"627df5118c4114342700e84d494cecacb9589776526e5f91a3957b193f13f938","record_hash":"e7f8b3bc473fbdd77c174b92c2b03ac6574b15d48bea63759587ff0e17ae767a","signature_hex":"b19d4b3c14100bcf33780f4b648c5e00cadfc401a1787798f9e76158c2e896e90f479b18e6790ca81718dba1cdda0fd7e9737b25e387b58e6d35b48d8178e106","public_key_hex":"c2f8243b0d573587f285c830a868acd19249d17d59ecbf9329e796dfed6fb630"}
{"seq":15,"ts":1781814540000,"agent_id":"rl-qlearn","symbol":"SOLUSDT","side":"sell","price":69.76306619568001,"quantity":28.66846469147664,"notional_usd":2000.0,"fee_usd":1.2,"balance_before_usd":9981.575065474011,"balance_after_usd":9979.774925444004,"decision":"ALLOW_CAPPED","cert_hash":"cc0934d3431b21548bf129b8fafddb8f42703ff62742d0860cf6d3c8221be441","prev_hash":"e7f8b3bc473fbdd77c174b92c2b03ac6574b15d48bea63759587ff0e17ae767a","record_hash":"81df973f23677b8b62fc5c5ed99d3b555653d2547550784dbbb5ceca2c55dcaa","signature_hex":"6e1ff3da96338fff8b9f86d64d973fe675e9cc6aedf433c90a1cd6907ec1483381d1ba629c07dfcc7bcb7537376ae3e8f8b4ede4e664095783661799bc5bdf04","public_key_hex":"c2f8243b0d573587f285c830a868acd19249d17d59ecbf9329e796dfed6fb630"}
{"seq":16,"ts":1781814600000,"agent_id":"rl-qlearn","symbol":"SOLUSDT","side":"sell","price":69.7240778949,"quantity":28.684495519822296,"notional_usd":2000.0,"fee_usd":1.2,"balance_before_usd":9978.104049848249,"balance_after_usd":9976.303909818242,"decision":"ALLOW_CAPPED","cert_hash":"fd8a13604bc42b9c54287a37f520988b92b7fe862fed98f774ff4b86ad550d92","prev_hash":"81df973f23677b8b62fc5c5ed99d3b555653d2547550784dbbb5ceca2c55dcaa","record_hash":"4d5d5965e8414a5cb118fd570645990238fbebe8798c4b7529a3fa695f489d8f","signature_hex":"0d5505892b33b8fbaefed96faf3541965c3a4e73d859dbb1683df7cbcd7b8e41d3c0c3a0f29dc6577ff0439899aafb4dcd2edf71d7e8441b08e3584523ee510b","public_key_hex":"c2f8243b0d573587f285c830a868acd19249d17d59ecbf9329e796dfed6fb630"}
{"seq":17,"ts":1781814660000,"agent_id":"rl-qlearn","symbol":"SOLUSDT","side":"sell","price":69.74307219527999,"quantity":28.676683390144007,"notional_usd":2000.0,"fee_usd":1.2,"balance_before_usd":9976.572920719245,"balance_after_usd":9974.77278068924,"decision":"ALLOW_CAPPED","cert_hash":"1a5564a8c7a3756a9c63cf78f7bade9777f09320c568e820e5272119bcd22994","prev_hash":"4d5d5965e8414a5cb118fd570645990238fbebe8798c4b7529a3fa695f489d8f","record_hash":"cd8943eb32d8f534f22015c8d193d50b76cd7711b484039665cbefd12823e9d3","signature_hex":"a51aa932e033e9a7daafe03c3623f3aacebdb82d09341ccea560e7ebc91a7214f78deb5fff66370d8ae3d952c4087a8fb61b064956c1d9a2db8b0565b8a6880d","public_key_hex":"c2f8243b0d573587f285c830a868acd19249d17d59ecbf9329e796dfed6fb630"}
{"seq":18,"ts":1781814720000,"agent_id":"rl-qlearn","symbol":"SOLUSDT","side":"buy","price":69.84394829646,"quantity":28.635265456511554,"notional_usd":2000.0,"fee_usd":1.2,"balance_before_usd":9973.91620600918,"balance_after_usd":9972.116345979186,"decision":"ALLOW_CAPPED","cert_hash":"cfb8298d02c4b30b88891e0ba6685bf29ad09fd8609ff1e90197fd662b3f6ae8","prev_hash":"cd8943eb32d8f534f22015c8d193d50b76cd7711b484039665cbefd12823e9d3","record_hash":"54e4cc714b9ca5e1a3f8ce39944c2b44ef59255abf75845f845a3a00e81b0a44","signature_hex":"0f303dee233d1de8953179c056f6adacf6a44ac3732ca7b88880ed103f338d5b56d506037300ff95f217b3c6c34ebb3944684b9ac8369583916d7174abd3ff04","public_key_hex":"c2f8243b0d573587f285c830a868acd19249d17d59ecbf9329e796dfed6fb630"}
{"seq":19,"ts":1781814780000,"agent_id":"rl-qlearn","symbol":"SOLUSDT","side":"buy","price":69.85595189669999,"quantity":28.630344955538146,"notional_usd":2000.0,"fee_usd":1.2,"balance_before_usd":9972.285750585668,"balance_after_usd":9970.485890555676,"decision":"ALLOW_CAPPED","cert_hash":"413c96abb6e746d0af3e746f39239dc468b97b41c2ba933e2090f7d8126f43e2","prev_hash":"54e4cc714b9ca5e1a3f8ce39944c2b44ef59255abf75845f845a3a00e81b0a44","record_hash":"d97f9089111d73411fa8a30a597af8f61f95c6960efe98e57a824d2daee3d982","signature_hex":"e401d481440eb05eac8dfa715c21a79329f39c59d175948fbf1765f4981ec5994585585df8503e413c8bd4ab16eeee4e4103bf7737c5a44f4e046c1407cfca0f","public_key_hex":"c2f8243b0d573587f285c830a868acd19249d17d59ecbf9329e796dfed6fb630"}
{"seq":20,"ts":1781814840000,"agent_id":"rl-qlearn","symbol":"SOLUSDT","side":"buy","price":69.89496061009092,"quantity":28.602133675591173,"notional_usd":1999.14500662,"fee_usd":1.199487003972,"balance_before_usd":9972.15303898001,"balance_after_usd":9970.354033804295,"decision":"ALLOW","cert_hash":"f0a7f4e7c748198f32203002430de70d37227af2c35790ac7e18fa4afbb1011e","prev_hash":"d97f9089111d73411fa8a30a597af8f61f95c6960efe98e57a824d2daee3d982","record_hash":"c300a343639478e5b2b7608b8e95249c5b99acd9d186049bcd27cbdabb7574bb","signature_hex":"74a5568f5184d1406e083b859e509b379f8448b37b43aa699b20acbee4560641071fe55b833d55d874c6a1b87a3a34ef876cbe59e45eca2aac8f5533d769ff0e","public_key_hex":"c2f8243b0d573587f285c830a868acd19249d17d59ecbf9329e796dfed6fb630"}
{"seq":21,"ts":1781814960000,"agent_id":"rl-qlearn","symbol":"SOLUSDT","side":"sell","price":69.71008209462,"quantity":28.690254550056732,"notional_usd":2000.0,"fee_usd":1.2,"balance_before_usd":9960.151051132789,"balance_after_usd":9958.350911102783,"decision":"ALLOW_CAPPED","cert_hash":"d629938e50381b8f6b9d12ad0370e0fdcd3586ad4a7631be8dfcc749283d12b4","prev_hash":"c300a343639478e5b2b7608b8e95249c5b99acd9d186049bcd27cbdabb7574bb","record_hash":"a22ac3cf136c2edbd05ca291702a153af6a980f0d0a7824466f6fd13b5651b49","signature_hex":"eb464a6de2f2f906f300c90d2b25b25d3169e8fe09d6cdb9804ae496e108dad06314507f37837494d28498281f91e6116a542acec571fca015839aff84581701","public_key_hex":"c2f8243b0d573587f285c830a868acd19249d17d59ecbf9329e796dfed6fb630"}
{"seq":22,"ts":1781815020000,"agent_id":"rl-qlearn","symbol":"SOLUSDT","side":"sell","price":69.7690643958,"quantity":28.66600000042995,"notional_usd":2000.0,"fee_usd":1.2,"balance_before_usd":9960.867808305442,"balance_after_usd":9959.067668275435,"decision":"ALLOW_CAPPED","cert_hash":"03b27e2d07d85afe4f2484c8c66a9ee65904997a54c1855c7d94d8816a11a534","prev_hash":"a22ac3cf136c2edbd05ca291702a153af6a980f0d0a7824466f6fd13b5651b49","record_hash":"b8920a6635cd89f9dc87837f4b0c19aa2414549e45492d5f8da0f56d80d5e8b8","signature_hex":"bce4c70f707f6660ca6f903ba29c74ed49bdeb81a7bcbc32cc7203292d4d1e9522f15504a6d72bc1e9c06942795081fd2efb2f5aa6502da18332373c09f6720a","public_key_hex":"c2f8243b0d573587f285c830a868acd19249d17d59ecbf9329e796dfed6fb630"}
{"seq":23,"ts":1781815080000,"agent_id":"rl-qlearn","symbol":"SOLUSDT","side":"buy","price":69.83894679636,"quantity":28.637316164456244,"notional_usd":2000.0,"fee_usd":1.2,"balance_before_usd":9959.459479964818,"balance_after_usd":9957.659619934824,"decision":"ALLOW_CAPPED","cert_hash":"af27bd62c6cd7ec25f63097895a57231864a80a9b01b532397f5345de77795b4","prev_hash":"b8920a6635cd89f9dc87837f4b0c19aa2414549e45492d5f8da0f56d80d5e8b8","record_hash":"344afc8c10ca96b26a266b9809f1177aedf9fccb9b8152dd8711e135bd3cc225","signature_hex":"54c67e14f79ce53321c7738d09ff2fd466a0ace3419b80e004ba9c54cecc004a8ec52fd7adb6680efd821875509ccce17988743faa288b12712e5a80dea61c01","public_key_hex":"c2f8243b0d573587f285c830a868acd19249d17d59ecbf9329e796dfed6fb630"}
{"seq":24,"ts":1781815140000,"agent_id":"rl-qlearn","symbol":"SOLUSDT","side":"sell","price":69.82004909682,"quantity":28.645067224553003,"notional_usd":2000.0,"fee_usd":1.2,"balance_before_usd":9958.640123522888,"balance_after_usd":9956.83998349288,"decision":"ALLOW_CAPPED","cert_hash":"247d5ec441232c1781ac0d33cfcdd19a36428c1f237bd4f9356708f525851b96","prev_hash":"344afc8c10ca96b26a266b9809f1177aedf9fccb9b8152dd8711e135bd3cc225","record_hash":"4ff9e161b35bb2787046d9df60310edd83c6a376817fbd838e7edf5b0bd7e669","signature_hex":"f97df753622b0d6659141a6033e4a516ae974d73a6d3f2881ae09c91ba13a665548eaee3ccb26cee6dc3996a923d7ad4122f830c248c1d43979816f932bebe03","public_key_hex":"c2f8243b0d573587f285c830a868acd19249d17d59ecbf9329e796dfed6fb630"}
{"seq":25,"ts":1781815200000,"agent_id":"rl-qlearn","symbol":"SOLUSDT","side":"sell","price":69.82362193443743,"quantity":13.989004350521306,"notional_usd":976.76295101,"fee_usd":0.5860577706060001,"balance_before_usd":9956.83998349288,"balance_after_usd":9956.010823887515,"decision":"ALLOW","cert_hash":"a6a79d4e13eafdd3e49bd1ddbb087f9addf69ca86ac87e406a1615a103149b3c","prev_hash":"4ff9e161b35bb2787046d9df60310edd83c6a376817fbd838e7edf5b0bd7e669","record_hash":"9dbc703e42eef8c8f265ab48508f585ffbbea0ba15dea6c9e59a4bc3d21bd0d8","signature_hex":"363deef9341dcae881071cd635d87e78fedf07a5bc74c542ce60c9adb351eb5382f1dd9fadfb454b7e07d322af98ad63bd967d8b0ff73e0cb891ebd9e3362d07","public_key_hex":"c2f8243b0d573587f285c830a868acd19249d17d59ecbf9329e796dfed6fb630"}
{"seq":26,"ts":1781815320000,"agent_id":"rl-qlearn","symbol":"SOLUSDT","side":"sell","price":69.8740328979,"quantity":28.622936405036217,"notional_usd":2000.0,"fee_usd":1.2,"balance_before_usd":9956.01063592487,"balance_after_usd":9954.210495894862,"decision":"ALLOW_CAPPED","cert_hash":"17b5606ab3a495fbda67ac5ae450538dce32bf0c6a318d0a29bf159f405eef9e","prev_hash":"9dbc703e42eef8c8f265ab48508f585ffbbea0ba15dea6c9e59a4bc3d21bd0d8","record_hash":"b76ece54056544d211336fc796fab1d1a5af4f41c5e926e32b1a763a7ebb136c","signature_hex":"ff969fcc7c5882c625d8c39c0c83cc8528d84d7551dea4873700ba64f9d80df8a32e337a442130689d8af1cc8ca30309de0bb6610d5776aae955194d23f21404","public_key_hex":"c2f8243b0d573587f285c830a868acd19249d17d59ecbf9329e796dfed6fb630"}
{"seq":27,"ts":1781815380000,"agent_id":"rl-qlearn","symbol":"SOLUSDT","side":"sell","price":69.79505659632,"quantity":28.65532456786419,"notional_usd":2000.0,"fee_usd":1.2,"balance_before_usd":9956.471982853249,"balance_after_usd":9954.671842823242,"decision":"ALLOW_CAPPED","cert_hash":"a4463e401fae903828191815a8ab95bec55afc283e863df41b709696e428485b","prev_hash":"b76ece54056544d211336fc796fab1d1a5af4f41c5e926e32b1a763a7ebb136c","record_hash":"7436967702bb9d6893587330291fcc9bd76a72a8ee39d7a17fbd0f2f33357843","signature_hex":"119a405c79519aac6d63dc31d1b537375f161562da9af2f47cb7026aa44fad3782025cbb41336aff5a6a23fbe730e398262d69fb24904e3eccd4a1502f2c8605","public_key_hex":"c2f8243b0d573587f285c830a868acd19249d17d59ecbf9329e796dfed6fb630"}
{"seq":28,"ts":1781815440000,"agent_id":"rl-qlearn","symbol":"SOLUSDT","side":"buy","price":69.87095639699999,"quantity":28.62419670680038,"notional_usd":2000.0,"fee_usd":1.2,"balance_before_usd":9952.724263603313,"balance_after_usd":9950.924403573319,"decision":"ALLOW_CAPPED","cert_hash":"223297e9ae65460a30c4b8b4c0594a9f2da78181cb530b5e1c521bfb956de1c8","prev_hash":"7436967702bb9d6893587330291fcc9bd76a72a8ee39d7a17fbd0f2f33357843","record_hash":"e79b8c649d5c22b8f8cc2aab76bf538db0815877e0fdaf68ae45eb20b26bcd2a","signature_hex":"64de5921a9cff2608b786cf5f9c2a70976f84e9b5707a199b07eb0d13b5c422b09e886472718ff40bfddd9d4d7859d4e6be81bfac4ccf649388778d768876001","public_key_hex":"c2f8243b0d573587f285c830a868acd19249d17d59ecbf9329e796dfed6fb630"}
{"seq":29,"ts":1781815500000,"agent_id":"rl-qlearn","symbol":"SOLUSDT","side":"buy","price":69.79893479556,"quantity":28.653732408065668,"notional_usd":2000.0,"fee_usd":1.2,"balance_before_usd":9952.987746817338,"balance_after_usd":9951.187886787344,"decision":"ALLOW_CAPPED","cert_hash":"97bb7cad6a2d843c60a441ab56b2252b827227ac3195921e28dd9a4358e23e0d","prev_hash":"e79b8c649d5c22b8f8cc2aab76bf538db0815877e0fdaf68ae45eb20b26bcd2a","record_hash":"b4cee649ea2ca2cc372e5ed1689848460e40307783008d7d00e5d52b296cf9be","signature_hex":"16d2d1ed05395b19f7ef18cbafa5825c6c0520c51afbd0a977b5efb125950a7194860e0dfa568c0b7dfdc5bc103b67e6d08f8254245f27bd9a6aeb50a99e140a","public_key_hex":"c2f8243b0d573587f285c830a868acd19249d17d59ecbf9329e796dfed6fb630"}
{"seq":30,"ts":1781815620000,"agent_id":"rl-qlearn","symbol":"SOLUSDT","side":"sell","price":69.72307819488,"quantity":28.684906802449046,"notional_usd":2000.0,"fee_usd":1.2,"balance_before_usd":9951.188016417367,"balance_after_usd":9949.38787638736,"decision":"ALLOW_CAPPED","cert_hash":"7aa4f19958da12fddbf6b176e4905327538377ee765fe7232d1a0306ea0cc82f","prev_hash":"b4cee649ea2ca2cc372e5ed1689848460e40307783008d7d00e5d52b296cf9be","record_hash":"8c63d2c2918e8bb0d3804c53beaf01ddf734fd912e75bb2d3664f7e0de707e5b","signature_hex":"32a9e55a4aec86b14144faf8f09d5b2a957e1223c8c17a8d947b4ce1a3be2c920f9577c1ee4d211d5036f95bafd41282fd34628a069311040a94a6795d21a60a","public_key_hex":"c2f8243b0d573587f285c830a868acd19249d17d59ecbf9329e796dfed6fb630"}
{"seq":31,"ts":1781815680000,"agent_id":"rl-qlearn","symbol":"SOLUSDT","side":"buy","price":69.80793749574,"quantity":28.65003711249955,"notional_usd":2000.0,"fee_usd":1.2,"balance_before_usd":9948.154261451002,"balance_after_usd":9946.354401421007,"decision":"ALLOW_CAPPED","cert_hash":"15082ed2438d97151ccfcb3f27f8366a4766ab89c5b93f572e169c37db82be8f","prev_hash":"8c63d2c2918e8bb0d3804c53beaf01ddf734fd912e75bb2d3664f7e0de707e5b","record_hash":"3c3faed472677be8842e3518bfe7aa5639ba6ef59d223e03531d7d7732812273","signature_hex":"28ee2bd777958d9b6f8c7bdf1048bc96a0370b6f03673007e0560152f6d824272991c0cc402b267fd503808b9c1d61d2c89b80e020b6f8e5095daa9574b1f006","public_key_hex":"c2f8243b0d573587f285c830a868acd19249d17d59ecbf9329e796dfed6fb630"}
{"seq":32,"ts":1781815740000,"agent_id":"rl-qlearn","symbol":"SOLUSDT","side":"sell","price":69.70208449446,"quantity":28.693546462860265,"notional_usd":2000.0,"fee_usd":1.2,"balance_before_usd":9946.35687709062,"balance_after_usd":9944.556737060613,"decision":"ALLOW_CAPPED","cert_hash":"676f24b497bf88b41152a8b269a4b3e4c206f5bb8eddc22897f5c3f223a35efe","prev_hash":"3c3faed472677be8842e3518bfe7aa5639ba6ef59d223e03531d7d7732812273","record_hash":"5198ebada56f3d540d95a676dcb961c28ce3cfe8e6b5a023ab7c578d040d328a","signature_hex":"96e786b827669a5d9bd81563baf67ba02c1a3eff05312a15fbb9e7b334cbc4a6e00438c3294b358582fddcaee9c3a30de5e2e895b7d083b496f832221d95a50a","public_key_hex":"c2f8243b0d573587f285c830a868acd19249d17d59ecbf9329e796dfed6fb630"}
{"seq":33,"ts":1781815800000,"agent_id":"rl-qlearn","symbol":"SOLUSDT","side":"buy","price":69.84995009657999,"quantity":28.632804994629833,"notional_usd":2000.0,"fee_usd":1.2,"balance_before_usd":9941.511120807752,"balance_after_usd":9939.711260777758,"decision":"ALLOW_CAPPED","cert_hash":"463612d8d18cbbc21ef516560af36d27f67662abfd196e3e03b3143f769c3c0a","prev_hash":"5198ebada56f3d540d95a676dcb961c28ce3cfe8e6b5a023ab7c578d040d328a","record_hash":"66b7570b2e841980e51b2ac4e03c2247c98b10b00782b148d97807fcecc08962","signature_hex":"c111ade529a7c81b9c2a38f8dbc5a1dcaad1a3afce0c9fcf794b0484ae98e75b6451c1121dad30fc5e4e200304eeab65e7d6d5b520e537f8e01d4d53a2564f0c","public_key_hex":"c2f8243b0d573587f285c830a868acd19249d17d59ecbf9329e796dfed6fb630"}
{"seq":34,"ts":1781818500000,"agent_id":"rl-qlearn","symbol":"SOLUSDT","side":"sell","price":69.66809469377999,"quantity":28.707545524114373,"notional_usd":2000.0,"fee_usd":1.2,"balance_before_usd":9939.72518011059,"balance_after_usd":9937.925040080583,"decision":"ALLOW_CAPPED","cert_hash":"d153eabe9a0820b8d0c0946cddd1558378754965f07ab780cef89dbcb9818f20","prev_hash":"66b7570b2e841980e51b2ac4e03c2247c98b10b00782b148d97807fcecc08962","record_hash":"ee130c2152fb1bae0b3e3a06a43a47412d94c588259d63fb44880067acfe6046","signature_hex":"9bfa662fa617b4d3a17753abc9281a01dd2c7b95ce4e70bc68f60a6c1714c1cf3f420df3fd9ad8f79d65eb8d3559d5f82c52c53ad91305325918a6b13391e202","public_key_hex":"c2f8243b0d573587f285c830a868acd19249d17d59ecbf9329e796dfed6fb630"}
{"seq":35,"ts":1781818560000,"agent_id":"rl-qlearn","symbol":"SOLUSDT","side":"buy","price":69.68189969322,"quantity":28.701858141140754,"notional_usd":2000.0,"fee_usd":1.2,"balance_before_usd":9938.731635221824,"balance_after_usd":9936.93177519183,"decision":"ALLOW_CAPPED","cert_hash":"580aab0ce9bceb30a27652b485975c215204cd92ef9c54e8a36181168ad0a231","prev_hash":"ee130c2152fb1bae0b3e3a06a43a47412d94c588259d63fb44880067acfe6046","record_hash":"b6f172de6f883768a8767a088cb8a3675352d57d1e36014f88659ffbbefb7bf1","signature_hex":"43eeb10d2709dfcaeaab55c2a083478bb79e33ca97178c6f62b6f3fc73d47d1b0a05bf32a06e3996f8a8313f1168349ac5951581495193d02f61685f4001b50b","public_key_hex":"c2f8243b0d573587f285c830a868acd19249d17d59ecbf9329e796dfed6fb630"}
{"seq":36,"ts":1781818680000,"agent_id":"rl-qlearn","symbol":"SOLUSDT","side":"sell","price":69.5041438905,"quantity":28.77526271168653,"notional_usd":2000.0,"fee_usd":1.2,"balance_before_usd":9936.946070313521,"balance_after_usd":9935.145930283516,"decision":"ALLOW_CAPPED","cert_hash":"ed0525f1d94d3a89a4d33ead197a1cc214c171c3c397ae0a6eba0fcb5e97fb02","prev_hash":"b6f172de6f883768a8767a088cb8a3675352d57d1e36014f88659ffbbefb7bf1","record_hash":"c25062f06262db9ac08b587b6ce4bdd4bea32a9908a65bdd1d74935072a26fcf","signature_hex":"98270f35993526f126f5de8a1460db37bb4cea76a3670751a0ed63f3d7c12637df53992cd266ffc0a306e4ef9d7f34e3f72905b97908a041e4c68ce1de174807","public_key_hex":"c2f8243b0d573587f285c830a868acd19249d17d59ecbf9329e796dfed6fb630"}
{"seq":37,"ts":1781818740000,"agent_id":"rl-qlearn","symbol":"SOLUSDT","side":"sell","price":69.48215049006001,"quantity":28.784371034775564,"notional_usd":2000.0,"fee_usd":1.2,"balance_before_usd":9935.781298509328,"balance_after_usd":9933.98115847932,"decision":"ALLOW_CAPPED","cert_hash":"f383a2020f0c9c9bc001dea7b48fbcc09cbe177b6ac5b731b3cd2ffa9358bf87","prev_hash":"c25062f06262db9ac08b587b6ce4bdd4bea32a9908a65bdd1d74935072a26fcf","record_hash":"bedac271baf9e900df6c2e62a7d73ef09b9a2e7ba168e0944db5a139cf5733c8","signature_hex":"fa8ba3110b22e67e503562e4ff277a8859697065b6e6ea22d66552c0aca680040038908f58ace9df60c60100c2792755e190c3d2ac31f2c476c0448911d93b07","public_key_hex":"c2f8243b0d573587f285c830a868acd19249d17d59ecbf9329e796dfed6fb630"}
{"seq":38,"ts":1781818800000,"agent_id":"rl-qlearn","symbol":"SOLUSDT","side":"buy","price":69.44582888849999,"quantity":28.79942585480744,"notional_usd":2000.0,"fee_usd":1.2,"balance_before_usd":9938.47900858428,"balance_after_usd":9936.679148554285,"decision":"ALLOW_CAPPED","cert_hash":"825eef0f7f78285796e9a9fb212996bb809fa1c354f877db3b76dd895822a7de","prev_hash":"bedac271baf9e900df6c2e62a7d73ef09b9a2e7ba168e0944db5a139cf5733c8","record_hash":"cddf24970bcc20d38f413f5836ea59835cc26ece6f9b43ae56f9069867ceaef3","signature_hex":"9ff7056c9db89e2474b48491cb86fa7d357af577e59d4cf74c07b0279e7711d217cbe6df718c3db80449ae8528829e6a5e6767dd26c1e28514781a83bfb69301","public_key_hex":"c2f8243b0d573587f285c830a868acd19249d17d59ecbf9329e796dfed6fb630"}
{"seq":39,"ts":1781818860000,"agent_id":"rl-qlearn","symbol":"SOLUSDT","side":"sell","price":69.40117478844,"quantity":28.81795597980476,"notional_usd":2000.0,"fee_usd":1.2,"balance_before_usd":9936.765744511527,"balance_after_usd":9934.96560448152,"decision":"ALLOW_CAPPED","cert_hash":"ed20100c1065648660ec6b4f762163fbc8a2882d768c3635a9dc74470ede711e","prev_hash":"cddf24970bcc20d38f413f5836ea59835cc26ece6f9b43ae56f9069867ceaef3","record_hash":"e706fd89fad3095fe7be6cd8be6e3086e910321708169272847f7226eb52d9cd","signature_hex":"1f5ff0cbc62a80751ff4bafc1adc2fdb54eb1e651415566d5fba8f58c9c0bd276c5273e086620cf015754d5d7feabb0ef8f4468b3f9e418f76ddccb83e2df800","public_key_hex":"c2f8243b0d573587f285c830a868acd19249d17d59ecbf9329e796dfed6fb630"}
{"seq":40,"ts":1781818920000,"agent_id":"rl-qlearn","symbol":"SOLUSDT","side":"buy","price":69.44782948854,"quantity":28.798596222939295,"notional_usd":2000.0,"fee_usd":1.2,"balance_before_usd":9934.67718810622,"balance_after_usd":9932.877328076225,"decision":"ALLOW_CAPPED","cert_hash":"1145441fb2f790a59156a71a5c3b9000bc8cff894911ac7d5316dec737a55db6","prev_hash":"e706fd89fad3095fe7be6cd8be6e3086e910321708169272847f7226eb52d9cd","record_hash":"a8402b715a3cd08c393422f807f092c7d61032490af999cd1ca2375abf8aa274","signature_hex":"7961036682dbfd15b6d55a976e8e473e0dd573a0380b1c7bee1da81f41a8a85e288c477abb1783e3ca91b091ea6adbe7de4c15c7f5cf6f44267931d5d71da905","public_key_hex":"c2f8243b0d573587f285c830a868acd19249d17d59ecbf9329e796dfed6fb630"}
{"seq":41,"ts":1781818980000,"agent_id":"rl-qlearn","symbol":"SOLUSDT","side":"buy","price":69.4408273884,"quantity":28.801500143618647,"notional_usd":2000.0,"fee_usd":1.2,"balance_before_usd":9933.079520828087,"balance_after_usd":9931.279660798093,"decision":"ALLOW_CAPPED","cert_hash":"bb51f4bbd2b5b5e3bdc56f60ca08dcc2e461dbe4db7f30b1c17cf8f2384fcf4f","prev_hash":"a8402b715a3cd08c393422f807f092c7d61032490af999cd1ca2375abf8aa274","record_hash":"3a06394d7871f1012e7e5122ee550e95a0c53106dd7e2822ca9ee7927af3cde3","signature_hex":"07e0aa398e266f81af30595ecf4cc3d04b13a3f97405fde7b8a546d744987e875789234130404309fde9dc2e0d33e49570551f68d002a02e32d62a4537866b0a","public_key_hex":"c2f8243b0d573587f285c830a868acd19249d17d59ecbf9329e796dfed6fb630"}
{"seq":42,"ts":1781819040000,"agent_id":"rl-qlearn","symbol":"SOLUSDT","side":"sell","price":69.47015408982,"quantity":28.78934164179543,"notional_usd":2000.0,"fee_usd":1.2,"balance_before_usd":9931.273755110831,"balance_after_usd":9929.473615080824,"decision":"ALLOW_CAPPED","cert_hash":"ddec009f34db540b7a554a092c6b55c063600ab31666de9b01df537c0fcb0212","prev_hash":"3a06394d7871f1012e7e5122ee550e95a0c53106dd7e2822ca9ee7927af3cde3","record_hash":"2b61141c84bdc549df73c98c185995ddc585c264dfc837ed2d73d38d540b08bf","signature_hex":"4cc42fc42989cae8bbe05411c74a50b39603910daffebd7e2852927690fa98c7c206105085df1d44034722e7a3e16a4ebf27c17ff6a9eb72ca62f8a21c177506","public_key_hex":"c2f8243b0d573587f285c830a868acd19249d17d59ecbf9329e796dfed6fb630"}
{"seq":43,"ts":1781819100000,"agent_id":"rl-qlearn","symbol":"SOLUSDT","side":"buy","price":69.51484958988,"quantity":28.77083115045912,"notional_usd":2000.0,"fee_usd":1.2,"balance_before_usd":9929.386997519818,"balance_after_usd":9927.587137489823,"decision":"ALLOW_CAPPED","cert_hash":"23cc927b9d1d4001f4355abeedf3ae58ccbd8cbc77cbe4e6d847ce960b82c483","prev_hash":"2b61141c84bdc549df73c98c185995ddc585c264dfc837ed2d73d38d540b08bf","record_hash":"bdad20c934b4a644fb6686172401bd1c9194ec9e1615838d920115458e85c050","signature_hex":"9a419a23c552931cc8d3e5689e1eeaaab7c2af2e811e457120bf46f089b6aa48bf406f53fd3eb6c6165a4fe64658da45738e0bb87fe73727adbff2a90c43f901","public_key_hex":"c2f8243b0d573587f285c830a868acd19249d17d59ecbf9329e796dfed6fb630"}
{"seq":44,"ts":1781819160000,"agent_id":"rl-qlearn","symbol":"SOLUSDT","side":"buy","price":69.55186069062,"quantity":28.755521134026637,"notional_usd":2000.0,"fee_usd":1.2,"balance_before_usd":9927.583374989972,"balance_after_usd":9925.78351495998,"decision":"ALLOW_CAPPED","cert_hash":"cc66a1ca7ef91b6520a3caa36b91aa597e3bb7777ba96dad4f94c200505c5e5d","prev_hash":"bdad20c934b4a644fb6686172401bd1c9194ec9e1615838d920115458e85c050","record_hash":"29ba3d573be9747ff366ef9e12fbdc111e9d62ed147db664028539190742d9c9","signature_hex":"26881d9a2fe70501e4d9a833c426dc277ff2d6dadb6909b6788ebfd3bf6fc97807e2bdba268a73490d38826c8c05e19552b50b6c5ed0ad0f585b073901ce7305","public_key_hex":"c2f8243b0d573587f285c830a868acd19249d17d59ecbf9329e796dfed6fb630"}
{"seq":45,"ts":1781819220000,"agent_id":"rl-qlearn","symbol":"SOLUSDT","side":"sell","price":69.5241378909,"quantity":28.766987418649887,"notional_usd":2000.0,"fee_usd":1.2,"balance_before_usd":9926.184668607264,"balance_after_usd":9924.384528577255,"decision":"ALLOW_CAPPED","cert_hash":"0fa321aedd278170d6e3c2016d0b6c6a4d50f27b14010d5da22db6fbaa61c4cc","prev_hash":"29ba3d573be9747ff366ef9e12fbdc111e9d62ed147db664028539190742d9c9","record_hash":"3ada2965fb650748bc86051df1d7460d87b41a6b45445798512e621bfa5b0258","signature_hex":"54421b587c319aceaea1b083d0b3256689b89814f3a18bb21319494284e5ab58bdc13aa8501c291d32d3bd44d583e49c9c6979b5fa2f40dcebfc5ac7b07fa007","public_key_hex":"c2f8243b0d573587f285c830a868acd19249d17d59ecbf9329e796dfed6fb630"}
{"seq":46,"ts":1781819280000,"agent_id":"rl-qlearn","symbol":"SOLUSDT","side":"buy","price":69.57186669102,"quantity":28.7472522317437,"notional_usd":2000.0,"fee_usd":1.2,"balance_before_usd":9924.383849644437,"balance_after_usd":9922.583989614443,"decision":"ALLOW_CAPPED","cert_hash":"d0142096889a2cfcc2aa4a491a5c3cc0f5826fad26cf38dd6fcce0bd1a03903c","prev_hash":"3ada2965fb650748bc86051df1d7460d87b41a6b45445798512e621bfa5b0258","record_hash":"717b1ccb42e4c47a1aef4a0881f76b60fe162264bad9b6b35a1227f1e719f01e","signature_hex":"94deb9e3fa4558c592472181465855fe250b3db6cd46633d04f973e5f870cab1b6596f54cc01a4e1c2b4b634084f838b12ad05631951794dc4bf21d7e3269606","public_key_hex":"c2f8243b0d573587f285c830a868acd19249d17d59ecbf9329e796dfed6fb630"}
{"seq":47,"ts":1781819340000,"agent_id":"rl-qlearn","symbol":"SOLUSDT","side":"sell","price":69.479185894255,"quantity":28.642674771532583,"notional_usd":1990.06972496,"fee_usd":1.194041834976,"balance_before_usd":9921.123650679583,"balance_after_usd":9919.333437183092,"decision":"ALLOW","cert_hash":"bf6603aeba49c91d11a317d29596b6f1559c8a4f8522dc2c4382519128ce4fdb","prev_hash":"717b1ccb42e4c47a1aef4a0881f76b60fe162264bad9b6b35a1227f1e719f01e","record_hash":"2e2017407f3ea9bec43ef888dfa9768410e18ab0e169d40777f4dcdfe91a6f14","signature_hex":"4715f9e49c203f21a473d53e02ca00331f59c460a9671c9029fba0062f51eec7f154bf306c9b6e9951fae92c44f1a61d4a9a7afebb63d3e9d80b290256749804","public_key_hex":"c2f8243b0d573587f285c830a868acd19249d17d59ecbf9329e796dfed6fb630"}
{"seq":48,"ts":1781820660000,"agent_id":"rl-qlearn","symbol":"SOLUSDT","side":"buy","price":69.5658648909,"quantity":28.749732403048473,"notional_usd":2000.0,"fee_usd":1.2,"balance_before_usd":9919.333051172662,"balance_after_usd":9917.533191142667,"decision":"ALLOW_CAPPED","cert_hash":"b25b72b493ec5c7132c3c482b19ad4b99b22f87f759e80ae8e02b38fa9458f65","prev_hash":"2e2017407f3ea9bec43ef888dfa9768410e18ab0e169d40777f4dcdfe91a6f14","record_hash":"c94580683203f3f3dcdab749e76b52bae01c47bf89892f5626b2889631fcabfc","signature_hex":"ea5480ba898aa86930aff27e56a22f7ebdbb732304a6016d0eb2ecaec0724a4972df3e2c8896f20ac1078d4aa306fa4afe7eb8772d26aa892cd143db19358c08","public_key_hex":"c2f8243b0d573587f285c830a868acd19249d17d59ecbf9329e796dfed6fb630"}
{"seq":49,"ts":1781820720000,"agent_id":"rl-qlearn","symbol":"SOLUSDT","side":"sell","price":69.56712499176,"quantity":28.74921164611724,"notional_usd":2000.0,"fee_usd":1.2,"balance_before_usd":9918.769060781588,"balance_after_usd":9916.968920751578,"decision":"ALLOW_CAPPED","cert_hash":"3a2b9f28917fd4e8c9b87522d00287507978bccd642c17391bb4f42b49efc950","prev_hash":"c94580683203f3f3dcdab749e76b52bae01c47bf89892f5626b2889631fcabfc","record_hash":"0e8fc502a2f37bf7f085439829e48e3c98e95411d492389c26d869078ff56b6d","signature_hex":"7bb22fcc39b3808d133d0fc3e949f67659e05d3e86b5b1249c7879581eef6b81b833d9895705bacd3959e7d3dff081ab7161ff3206b3dddb3696274f6767d704","public_key_hex":"c2f8243b0d573587f285c830a868acd19249d17d59ecbf9329e796dfed6fb630"}
{"seq":50,"ts":1781820840000,"agent_id":"rl-qlearn","symbol":"SOLUSDT","side":"sell","price":69.58811869218,"quantity":28.740538436552832,"notional_usd":2000.0,"fee_usd":1.2,"balance_before_usd":9916.968751549273,"balance_after_usd":9915.168611519268,"decision":"ALLOW_CAPPED","cert_hash":"a6b4bd20a9755578e2a84ffe2e9f1c6612d53f1d5c5d74837a5d04462f8faeb2","prev_hash":"0e8fc502a2f37bf7f085439829e48e3c98e95411d492389c26d869078ff56b6d","record_hash":"a111735285064c17d1a6891640b23b22066ac425d15c72bfa35d0d8b08ea58fb","signature_hex":"ab04cc1f28a8c8339f229b3564c8f853d868a2dd0269f02b6b8e7ba7ddc80b1c5ed4ac770f67b5cafba3bc8fd465537a97dfff17e069afde9d4dc41c1680150b","public_key_hex":"c2f8243b0d573587f285c830a868acd19249d17d59ecbf9329e796dfed6fb630"}
{"seq":51,"ts":1781820900000,"agent_id":"rl-qlearn","symbol":"SOLUSDT","side":"buy","price":69.61187869182,"quantity":28.730728685749686,"notional_usd":2000.0,"fee_usd":1.2,"balance_before_usd":9915.686086241672,"balance_after_usd":9913.886226211678,"decision":"ALLOW_CAPPED","cert_hash":"09d415a2494748e39ac50a51c55012322b8310947b70b960b451d7c61b35152a","prev_hash":"a111735285064c17d1a6891640b23b22066ac425d15c72bfa35d0d8b08ea58fb","record_hash":"ff44e4cd5f4081e3d362f2df10baebc5dcb80e9045d67a425fa3cb4089ca79d9","signature_hex":"f28fcf5b2aa1faf72f1a62fa44466921d0195f87a76d6c0f8a1a2b5faf532e02ce5b565eca413958cc66c193be8e3fb8d80324a3be2a27bfb741125de48e640f","public_key_hex":"c2f8243b0d573587f285c830a868acd19249d17d59ecbf9329e796dfed6fb630"}
{"seq":52,"ts":1781821020000,"agent_id":"rl-qlearn","symbol":"SOLUSDT","side":"sell","price":69.44216248926,"quantity":28.80094640355306,"notional_usd":2000.0,"fee_usd":1.2,"balance_before_usd":9913.888513188118,"balance_after_usd":9912.08837315811,"decision":"ALLOW_CAPPED","cert_hash":"077b7dadf54592a1360452232728659857d5f7b0e5320aeec6715f121307bbc2","prev_hash":"ff44e4cd5f4081e3d362f2df10baebc5dcb80e9045d67a425fa3cb4089ca79d9","record_hash":"e18876b50a5f69f348c3f5a3ecdccb678e40d33e90348839069455f6a5adbe49","signature_hex":"dae2a1cf886d374367570a9cfa5ac07b6484ad68376f63e91e9e2299dd0fee7f6f58b8e501034534ce7d54fa208d9bfbdad5049988ec2791779cebdc71a33f03","public_key_hex":"c2f8243b0d573587f285c830a868acd19249d17d59ecbf9329e796dfed6fb630"}
{"seq":53,"ts":1781821080000,"agent_id":"rl-qlearn","symbol":"SOLUSDT","side":"buy","price":69.47683818912,"quantity":28.786571929998935,"notional_usd":2000.0,"fee_usd":1.2,"balance_before_usd":9912.29010485196,"balance_after_usd":9910.490244821965,"decision":"ALLOW_CAPPED","cert_hash":"87a850a5bdad26f43db537bad7a3f12c0646feba9cbac7b2a067855ca13bc329","prev_hash":"e18876b50a5f69f348c3f5a3ecdccb678e40d33e90348839069455f6a5adbe49","record_hash":"30a37e14769f11dfedd536b5e61e83b484b0a31ae70d6e7c5419bfe9d4e046ea","signature_hex":"210848f6c1d83012fffc76b397c482cd1442e718e1afd9984526b0f7cd061b1216be8854e508f0214d80622a7b92cd2059a5f08e14740e3ff59137d5d6cba804","public_key_hex":"c2f8243b0d573587f285c830a868acd19249d17d59ecbf9329e796dfed6fb630"}
{"seq":54,"ts":1781821140000,"agent_id":"rl-qlearn","symbol":"SOLUSDT","side":"sell","price":69.44716098936001,"quantity":28.798873438561724,"notional_usd":2000.0,"fee_usd":1.2,"balance_before_usd":9910.489857924242,"balance_after_usd":9908.689717894234,"decision":"ALLOW_CAPPED","cert_hash":"ce1ff96bbc7284ff83b80fd0d939a5fafc70f7f1c2a1ba156e90a40db5086fee","prev_hash":"30a37e14769f11dfedd536b5e61e83b484b0a31ae70d6e7c5419bfe9d4e046ea","record_hash":"879bc5110557d9bf319956dd483a5fdddcfa80f50b0429a1e1222b09b5fa54ab","signature_hex":"2aab2c0344fee651f6f18c402a119d9e29eb585c038a003b6ccbe0e36d23dad5c79deeeacdc733e88954e2eef593ce438c28851463822f55c7cc0e5497fc6308","public_key_hex":"c2f8243b0d573587f285c830a868acd19249d17d59ecbf9329e796dfed6fb630"}
{"seq":55,"ts":1781821200000,"agent_id":"rl-qlearn","symbol":"SOLUSDT","side":"sell","price":69.41217148866001,"quantity":28.81339046318042,"notional_usd":2000.0,"fee_usd":1.2,"balance_before_usd":9909.698806916278,"balance_after_usd":9907.89866688627,"decision":"ALLOW_CAPPED","cert_hash":"e20f21ab52fc63e25a334196a67cf86b00b0a7e1ee03b587254e11c1a935a4b5","prev_hash":"879bc5110557d9bf319956dd483a5fdddcfa80f50b0429a1e1222b09b5fa54ab","record_hash":"62d035c75ac81b26ed685c72bb00beb337ae4c632476dfcc3023796ace390b4f","signature_hex":"0c4cfadd62cb0f8ce06c2a28f6c59f0df2f8f7662f3f44001dac006e2a23fb184877e30d2e6d5b7562cb10f70fc2a45e505a715afb91b2d55fbffd9fffdcfb0b","public_key_hex":"c2f8243b0d573587f285c830a868acd19249d17d59ecbf9329e796dfed6fb630"}
{"seq":56,"ts":1781821260000,"agent_id":"rl-qlearn","symbol":"SOLUSDT","side":"buy","price":69.44482858848001,"quantity":28.79984068866683,"notional_usd":2000.0,"fee_usd":1.2,"balance_before_usd":9908.41746743468,"balance_after_usd":9906.617607404685,"decision":"ALLOW_CAPPED","cert_hash":"a9f1633bd79faf0bd599ba9b2a7334d8c428dbc451f92a18fab132f37309a749","prev_hash":"62d035c75ac81b26ed685c72bb00beb337ae4c632476dfcc3023796ace390b4f","record_hash":"b6d438d5bd6887904572fde4a23165a4383924fe182c48e00e403d44bae2ce54","signature_hex":"9474494092ed594e233120df0479a5e0f35539e2c6d94b0c2ddb59ca7caa209014e85793fcb4088a8d6434db6cc49599e9a8fdde05d6e4b0ff6d77b07dd97106","public_key_hex":"c2f8243b0d573587f285c830a868acd19249d17d59ecbf9329e796dfed6fb630"}
{"seq":57,"ts":1781821320000,"agent_id":"rl-qlearn","symbol":"SOLUSDT","side":"buy","price":69.51685018991999,"quantity":28.770003165218235,"notional_usd":2000.0,"fee_usd":1.2,"balance_before_usd":9904.540791547002,"balance_after_usd":9902.740931517008,"decision":"ALLOW_CAPPED","cert_hash":"cae40cf88e91d1bf03c65993a5853b84dab1b45085975e742145b5354d674b10","prev_hash":"b6d438d5bd6887904572fde4a23165a4383924fe182c48e00e403d44bae2ce54","record_hash":"4d990f4229bf02208cfcb64d44cf4394e271d82ce582c0470ca16cfa4835d449","signature_hex":"0ad1c5d0b31c7738c3dd68f0ff659d644b1c92b8d716123dec59bdde3438ea26b0281f62b9fe04ec6c69e9350fcb56046ff38b2bccca984b370e5cda87f67e03","public_key_hex":"c2f8243b0d573587f285c830a868acd19249d17d59ecbf9329e796dfed6fb630"}
{"seq":58,"ts":1781821380000,"agent_id":"rl-qlearn","symbol":"SOLUSDT","side":"sell","price":69.47915139,"quantity":28.785613525611602,"notional_usd":2000.0,"fee_usd":1.2,"balance_before_usd":9902.740632870908,"balance_after_usd":9900.9404928409,"decision":"ALLOW_CAPPED","cert_hash":"96fc5ecda63c7efaedfa9de34512dc0721926cb9eb35c3894f4eed6e18f5b34e","prev_hash":"4d990f4229bf02208cfcb64d44cf4394e271d82ce582c0470ca16cfa4835d449","record_hash":"286e574928a359bca427a0d42d80214b564d200798f74b0043d5e9fbfb721710","signature_hex":"a60bf6db02d30e12513d7cd6f313e0a7d1104eb7b1390300e97c6d5e8e76fc597c52ce64c4d5ddd7388c31c9bbf1900088324a463661cb06612bd88b0cdd7307","public_key_hex":"c2f8243b0d573587f285c830a868acd19249d17d59ecbf9329e796dfed6fb630"}
{"seq":59,"ts":1781821440000,"agent_id":"rl-qlearn","symbol":"SOLUSDT","side":"buy","price":69.51184868982,"quantity":28.772073217682955,"notional_usd":2000.0,"fee_usd":1.2,"balance_before_usd":9901.200235316355,"balance_after_usd":9899.400375286361,"decision":"ALLOW_CAPPED","cert_hash":"03c446a01925007c44282909f52ff45107ff62b1c22511e39e376466f57b4fa4","prev_hash":"286e574928a359bca427a0d42d80214b564d200798f74b0043d5e9fbfb721710","record_hash":"9a82335a1cda7aa87e53936df125ef3dc1c9397ce7e5ec0c08213faa8d8a5708","signature_hex":"db5f2cf394982774d9940ca72f1d3070195521a4df4fc0776f4936a7051acfd98a2700d66c2051c09ed9e8c9cea927ec7f6fc93c7637fa70efbd901e28fd360e","public_key_hex":"c2f8243b0d573587f285c830a868acd19249d17d59ecbf9329e796dfed6fb630"}
{"seq":60,"ts":1781821500000,"agent_id":"rl-qlearn","symbol":"SOLUSDT","side":"sell","price":69.43616428914,"quantity":28.803434355500617,"notional_usd":2000.0,"fee_usd":1.2,"balance_before_usd":9899.403374148675,"balance_after_usd":9897.603234118667,"decision":"ALLOW_CAPPED","cert_hash":"433a3398f91d667a0c5eb4556c021735747b27d8a7da13a87989e26e49b0062e","prev_hash":"9a82335a1cda7aa87e53936df125ef3dc1c9397ce7e5ec0c08213faa8d8a5708","record_hash":"32686ff6db00dccd14bc12ae491800411128e3ce496565c057c93a67cd0bb6c7","signature_hex":"70b6b712f78f2b7c046d8ab6fd5dcaf10fda9cb2117b17df930a6eb2585711c743426e2845518491329dd70492b8d30626b055ea08e39e75bf39c1ad3da6340a","public_key_hex":"c2f8243b0d573587f285c830a868acd19249d17d59ecbf9329e796dfed6fb630"}
{"seq":61,"ts":1781821560000,"agent_id":"rl-qlearn","symbol":"SOLUSDT","side":"buy","price":69.49384328945999,"quantity":28.779527873706424,"notional_usd":2000.0,"fee_usd":1.2,"balance_before_usd":9897.140967939655,"balance_after_usd":9895.34110790966,"decision":"ALLOW_CAPPED","cert_hash":"d48f9321dc2271009dcd7094f5eb418b109da537ccbfef0ecaae9f9db51db45f","prev_hash":"32686ff6db00dccd14bc12ae491800411128e3ce496565c057c93a67cd0bb6c7","record_hash":"fb69f3df7a703d2715774e6d54a46c7dea423ca7b15f2f91557a0b5adb4267ab","signature_hex":"017493d5961ae667dab95205112ee05e30acd13190f9d5c35c9aa6a9ad46ace70d17053ac8d367cb1c0d5e970faac4c7a32ab79c550050d3cdf146ccd866200c","public_key_hex":"c2f8243b0d573587f285c830a868acd19249d17d59ecbf9329e796dfed6fb630"}
{"seq":62,"ts":1781823360000,"agent_id":"rl-qlearn","symbol":"SOLUSDT","side":"buy","price":69.52985409018,"quantity":28.764622422564077,"notional_usd":2000.0,"fee_usd":1.2,"balance_before_usd":9895.337072010336,"balance_after_usd":9893.537211980343,"decision":"ALLOW_CAPPED","cert_hash":"c755ed898910526f1c06793cd64955a374e909c966e97b8a7b98a7bbe7375735","prev_hash":"fb69f3df7a703d2715774e6d54a46c7dea423ca7b15f2f91557a0b5adb4267ab","record_hash":"01135a4443a40d564c502ca6724b58da32f05b9d3d17ce01dd1e863e7937db13","signature_hex":"1987df5ae2ca219d0b0c85027da8fd27e8b62c52b5aeac364662fa116c2a699b0b251095517638d096453c47a9901d85a3c5da6b39d48f2200ddc3dd08d0dc0b","public_key_hex":"c2f8243b0d573587f285c830a868acd19249d17d59ecbf9329e796dfed6fb630"}
{"seq":63,"ts":1781823420000,"agent_id":"rl-qlearn","symbol":"SOLUSDT","side":"sell","price":69.4851790519986,"quantity":28.661099715950403,"notional_usd":1991.52164559,"fee_usd":1.1949129873539999,"balance_before_usd":9893.45125443802,"balance_after_usd":9891.659590183817,"decision":"ALLOW","cert_hash":"68f82d608fc32da8cce85e23ee7f75084cfc6f34e9c8b01291bff2c39cca32b9","prev_hash":"01135a4443a40d564c502ca6724b58da32f05b9d3d17ce01dd1e863e7937db13","record_hash":"a3fb128767ac505da945282d6d3d437c3fb05a7030d83c54022e8615e4da483f","signature_hex":"7ffe4fa465a0b990eed0171f801dc0ec522448b8dadc4d17457816202b4d53bfb32e172aefade29c7c437745106f5e796d8f204962feb976efc4dff1abdb1708","public_key_hex":"c2f8243b0d573587f285c830a868acd19249d17d59ecbf9329e796dfed6fb630"}
{"seq":64,"ts":1781823480000,"agent_id":"rl-qlearn","symbol":"SOLUSDT","side":"sell","price":69.49214749026001,"quantity":28.780230173205098,"notional_usd":2000.0,"fee_usd":1.2,"balance_before_usd":9891.65953008456,"balance_after_usd":9889.859390054555,"decision":"ALLOW_CAPPED","cert_hash":"7b31e3e84c5bd96f0b7f8b630f826d22ede5fbb6999d3dd48db57fd0decad05a","prev_hash":"a3fb128767ac505da945282d6d3d437c3fb05a7030d83c54022e8615e4da483f","record_hash":"b9579e9936583ee5f1a04ff1acdc5e0ecadcd5193bc42efe1e8f3db20dd6a6d7","signature_hex":"c532affbf94ccc419610b55e5e1e9bd5aa0420036ee37f12746ccd501ded777a54c34137bf07d658cd35dbc6cf8410ed00a508c1fc89f86993c5b4f81cac960d","public_key_hex":"c2f8243b0d573587f285c830a868acd19249d17d59ecbf9329e796dfed6fb630"}
{"seq":65,"ts":1781823540000,"agent_id":"rl-qlearn","symbol":"SOLUSDT","side":"buy","price":69.5058468897,"quantity":28.77455767388654,"notional_usd":2000.0,"fee_usd":1.2,"balance_before_usd":9890.665476896427,"balance_after_usd":9888.865616866433,"decision":"ALLOW_CAPPED","cert_hash":"2a10bd9ea76d2adcbeaeb019707df3e0d3532916bae78af29983be2208ffae54","prev_hash":"b9579e9936583ee5f1a04ff1acdc5e0ecadcd5193bc42efe1e8f3db20dd6a6d7","record_hash":"cbd182570b9766b5d18e522bf454b4ea91d7e9b3c081ce32523977cb0e6f131f","signature_hex":"a01c62a4c97ac5099f72907bebeb1b721e99d07b627c80c0b18a220189181db34ce5c128130b2540fdc045801edabc7f183e256cd0dfdb549b1b14aad7458707","public_key_hex":"c2f8243b0d573587f285c830a868acd19249d17d59ecbf9329e796dfed6fb630"}
{"seq":66,"ts":1781824140000,"agent_id":"rl-qlearn","symbol":"SOLUSDT","side":"buy","price":69.40781748774,"quantity":28.815197947310104,"notional_usd":2000.0,"fee_usd":1.2,"balance_before_usd":9888.867014160945,"balance_after_usd":9887.067154130951,"decision":"ALLOW_CAPPED","cert_hash":"1140d74dd671bbdfccde497fc98174e67b5c2df9f85b7c9e14eeaaefd65fd09e","prev_hash":"cbd182570b9766b5d18e522bf454b4ea91d7e9b3c081ce32523977cb0e6f131f","record_hash":"bbab7685e6e6a3fa02034a10f70bd2abd8214913429169392fe6eb9c77bf1323","signature_hex":"c4a8b552de614be41b428186bc0dd37c51fb7082d273bc2f957721fec625fec550f0f67985b390d5945de41ea99390ea42c1cad047ec8d8839f8728c1c82e703","public_key_hex":"c2f8243b0d573587f285c830a868acd19249d17d59ecbf9329e796dfed6fb630"}
{"seq":67,"ts":1781824200000,"agent_id":"rl-qlearn","symbol":"SOLUSDT","side":"buy","price":69.36780548694,"quantity":28.831818823741564,"notional_usd":2000.0,"fee_usd":1.2,"balance_before_usd":9885.91511653735,"balance_after_usd":9884.115256507355,"decision":"ALLOW_CAPPED","cert_hash":"ffca8f2c741dcd4368f4e462ad9c9efa03c7be593db433706621e601b7f38f08","prev_hash":"bbab7685e6e6a3fa02034a10f70bd2abd8214913429169392fe6eb9c77bf1323","record_hash":"991a83169bdb42ddea6557931f4ce80465543d5313ef6e8aa09fec46324279ab","signature_hex":"d18312e8e98c4658593b526a0270d3705015e99f5aeee880cb70753a51e000d404500aba137e9345e5e8d24ca1da23868b87dea2f31cd6c7dc70b08cfcc83303","public_key_hex":"c2f8243b0d573587f285c830a868acd19249d17d59ecbf9329e796dfed6fb630"}
{"seq":68,"ts":1781824260000,"agent_id":"rl-qlearn","symbol":"SOLUSDT","side":"sell","price":69.33119578704,"quantity":28.84704320034038,"notional_usd":2000.0,"fee_usd":1.2,"balance_before_usd":9884.403420300676,"balance_after_usd":9882.603280270669,"decision":"ALLOW_CAPPED","cert_hash":"1083fe56bc9fa5c463517f11fc78d154a651d832a906490f87c1819844f2a351","prev_hash":"991a83169bdb42ddea6557931f4ce80465543d5313ef6e8aa09fec46324279ab","record_hash":"ed8fd23cdfa2cd0cb228c016bf92a6042e1abab3d189a09f42e71244a39855fb","signature_hex":"5e306e75e53647dfaf1211e71cdb70427ca6dab47a641239e2e3324e7929d1b45762ded83478dcf31af14f78607a479c32091fdf4c1c8e06fa042d54e80a6b00","public_key_hex":"c2f8243b0d573587f285c830a868acd19249d17d59ecbf9329e796dfed6fb630"}
{"seq":69,"ts":1781824320000,"agent_id":"rl-qlearn","symbol":"SOLUSDT","side":"sell","price":69.37019286635481,"quantity":28.794349549643407,"notional_usd":1997.46958172,"fee_usd":1.1984817490319999,"balance_before_usd":9883.725923173744,"balance_after_usd":9881.928313545406,"decision":"ALLOW","cert_hash":"7da1eee4baadadbd8096997bc075f522cd520396d3e150d77970aafad98aeb41","prev_hash":"ed8fd23cdfa2cd0cb228c016bf92a6042e1abab3d189a09f42e71244a39855fb","record_hash":"5e7b26c63a66fc4c793bb7a48a2b19e3c7d516c3aa5583153fa293cc80a58c0c","signature_hex":"0549f60155080cf4f7ae3c03d3e578679c2eddc1ca0ec246025f9a50dc309d5aabc1fb186796a671d4fadccfb434c07ed68a4cb2597d218c932c986018c3490e","public_key_hex":"c2f8243b0d573587f285c830a868acd19249d17d59ecbf9329e796dfed6fb630"}
{"seq":70,"ts":1781824380000,"agent_id":"rl-qlearn","symbol":"SOLUSDT","side":"buy","price":69.31679018592,"quantity":28.853038270174416,"notional_usd":2000.0,"fee_usd":1.2,"balance_before_usd":9881.929133783595,"balance_after_usd":9880.129273753602,"decision":"ALLOW_CAPPED","cert_hash":"63673868763ed3dea7cee8e3cfcf1e90faa09974cc1615304fc6b800f4789263","prev_hash":"5e7b26c63a66fc4c793bb7a48a2b19e3c7d516c3aa5583153fa293cc80a58c0c","record_hash":"491bf1eb3689e09e5fa2dd61652dec98d0f1bb65397dd030370f96d36a24a650","signature_hex":"b63ad9213bccd2dd57bd552da0b63793ac223ba84144d25b08de4bf4db56e42aa42f28f21dade6411425c64bce04b430485e664858b034eff463d8455816c100","public_key_hex":"c2f8243b0d573587f285c830a868acd19249d17d59ecbf9329e796dfed6fb630"}
{"seq":71,"ts":1781824440000,"agent_id":"rl-qlearn","symbol":"SOLUSDT","side":"sell","price":69.229226385,"quantity":28.889532708014528,"notional_usd":2000.0,"fee_usd":1.2,"balance_before_usd":9878.802431161139,"balance_after_usd":9877.002291131132,"decision":"ALLOW_CAPPED","cert_hash":"90728dd549630de113842628dc904c994aa3927e5d605d06af810ae2aa95e882","prev_hash":"491bf1eb3689e09e5fa2dd61652dec98d0f1bb65397dd030370f96d36a24a650","record_hash":"1add3801e47c76065023adf3aadad766a18c592d5dcc0ca62b4e3728689e1e5a","signature_hex":"bc655d3a456297b817a62d89466d15cb45f27f4bdecb26d161f8206ce8fda30ad48b7d38563571c7c51c35b0355f90f6b6f41040acb453f4ec0090e069d4d702","public_key_hex":"c2f8243b0d573587f285c830a868acd19249d17d59ecbf9329e796dfed6fb630"}
{"seq":72,"ts":1781824920000,"agent_id":"rl-qlearn","symbol":"SOLUSDT","side":"buy","price":69.39881478756,"quantity":28.818935973507543,"notional_usd":2000.0,"fee_usd":1.2,"balance_before_usd":9876.996514680053,"balance_after_usd":9875.19665465006,"decision":"ALLOW_CAPPED","cert_hash":"6d3c25d4262f6f8f9e5b698833dc919e0bc1c72610d9d01a7d8aac90908966a3","prev_hash":"1add3801e47c76065023adf3aadad766a18c592d5dcc0ca62b4e3728689e1e5a","record_hash":"94898eb7e5a4bf3d603f15773452c92f3eb2e96652e926cea68d832d961113ed","signature_hex":"0af350336f8f056005e7805acb37a0cdf2bd2cf7a6c2932bde590db15f518bdc6a6a738a721b4701085ce1c2e75af1468b48d5c617537ea0c1af1669e150060d","public_key_hex":"c2f8243b0d573587f285c830a868acd19249d17d59ecbf9329e796dfed6fb630"}
{"seq":73,"ts":1781824980000,"agent_id":"rl-qlearn","symbol":"SOLUSDT","side":"sell","price":69.41217894580774,"quantity":28.7824385141372,"notional_usd":1997.85177264,"fee_usd":1.198711063584,"balance_before_usd":9876.779214059781,"balance_after_usd":9874.981222284108,"decision":"ALLOW","cert_hash":"1df492754c3b93a2ba026e6306754e092317f26654f9e882f1aad2fa4cf73b56","prev_hash":"94898eb7e5a4bf3d603f15773452c92f3eb2e96652e926cea68d832d961113ed","record_hash":"71f35cb27b1e12d4fc4b0c4fd417c5f55ac260209cd995c4d9a2a539c7ec3a19","signature_hex":"3dc862cfd8a7b81b62c3a75800d843a192d12b134b8f5ae8e195931baa134922f83cefa3915fac8eb0cf5aa8fde7a74c7a94e81c1620c40a07deb7b5d3a48902","public_key_hex":"c2f8243b0d573587f285c830a868acd19249d17d59ecbf9329e796dfed6fb630"}
{"seq":74,"ts":1781825580000,"agent_id":"rl-qlearn","symbol":"SOLUSDT","side":"sell","price":69.61111179264,"quantity":28.73104520953019,"notional_usd":2000.0,"fee_usd":1.2,"balance_before_usd":9874.979504702238,"balance_after_usd":9873.17936467223,"decision":"ALLOW_CAPPED","cert_hash":"cce1d93ee92525643d4dec9f360254b31cd9fdfd6f9a91c5635a8bcf3206f68c","prev_hash":"71f35cb27b1e12d4fc4b0c4fd417c5f55ac260209cd995c4d9a2a539c7ec3a19","record_hash":"976f03c265a1480e255ab9b471c661dad2c195a95d399e80773746b1e6c8c03a","signature_hex":"c7ebe54eac069fe8e5fb57d979ce004ae95da7359a89cd4148afcaab367df7ffc3e7c6c99b1f012fa6a2cf291af6182509e4dd51db996f4619c13e0ecd20490a","public_key_hex":"c2f8243b0d573587f285c830a868acd19249d17d59ecbf9329e796dfed6fb630"}
{"seq":75,"ts":1781825640000,"agent_id":"rl-qlearn","symbol":"SOLUSDT","side":"buy","price":69.58486797137809,"quantity":28.7310574644237,"notional_usd":1999.24684034,"fee_usd":1.1995481042040002,"balance_before_usd":9875.133662658876,"balance_after_usd":9873.334555669844,"decision":"ALLOW","cert_hash":"e44a46a896f2fd98be36d909ee516645673cf2fe14cb19d12c2fb6ef9ff4c4d4","prev_hash":"976f03c265a1480e255ab9b471c661dad2c195a95d399e80773746b1e6c8c03a","record_hash":"e2ee753a67a37db8748b616da7864593373067181deaff0ef81853bf5ac740f5","signature_hex":"7053b8fbe7eece4f82d82f6795b215930228b1cd289300c58b6daba6a263ae7bbfaa4144508d6cdb0a96327878ad1ba9014b7c5bc67b1c4f2c2e69b9b657c208","public_key_hex":"c2f8243b0d573587f285c830a868acd19249d17d59ecbf9329e796dfed6fb630"}
{"seq":76,"ts":1781826420000,"agent_id":"rl-qlearn","symbol":"SOLUSDT","side":"buy","price":69.59787449154,"quantity":28.73650976572727,"notional_usd":2000.0,"fee_usd":1.2,"balance_before_usd":9873.334443625317,"balance_after_usd":9871.534583595323,"decision":"ALLOW_CAPPED","cert_hash":"f827fd15223308f5f08e7bf0e198bebab6ee478b5fd9d3437b9c84d8899f0398","prev_hash":"e2ee753a67a37db8748b616da7864593373067181deaff0ef81853bf5ac740f5","record_hash":"919089fc41e2c04e18aaf7d06ad6f5559ee36a970b16bb90744f14a8680d1b2f","signature_hex":"ebad17a2f1c46d0641a90c5a855ea24f545176a336b2f654f58db6e26eca31ee494f56bdc400c76077eab2597f2741b9187aca0e11b81e4c2e3bccab7a7f7800","public_key_hex":"c2f8243b0d573587f285c830a868acd19249d17d59ecbf9329e796dfed6fb630"}
{"seq":77,"ts":1781826480000,"agent_id":"rl-qlearn","symbol":"SOLUSDT","side":"buy","price":69.5258528901,"quantity":28.76627782130791,"notional_usd":2000.0,"fee_usd":1.2,"balance_before_usd":9869.466175446494,"balance_after_usd":9867.666315416502,"decision":"ALLOW_CAPPED","cert_hash":"71924523baa4782cfffd6e15b0cafcdca99ce042d676fc14817ce84428eaf988","prev_hash":"919089fc41e2c04e18aaf7d06ad6f5559ee36a970b16bb90744f14a8680d1b2f","record_hash":"4263412c12b19c0e3021325319b2386a0882a9278017271496e6f756fa6e5488","signature_hex":"b2648e3baa0501167fc783f9f52b0726d83f5c7c376d14c1144696bc623f1f4cbdb4d714f215956b5e98eba4375636c5293d58c222b06b680f7458b89ad61d04","public_key_hex":"c2f8243b0d573587f285c830a868acd19249d17d59ecbf9329e796dfed6fb630"}
{"seq":78,"ts":1781826540000,"agent_id":"rl-qlearn","symbol":"SOLUSDT","side":"sell","price":69.59511659232001,"quantity":28.737648529504796,"notional_usd":2000.0,"fee_usd":1.2,"balance_before_usd":9874.048168150777,"balance_after_usd":9872.248028120772,"decision":"ALLOW_CAPPED","cert_hash":"a7cddced82c0b6f38484a497d13fdd888ca6b8e4841b7217aaab6c325c00c300","prev_hash":"4263412c12b19c0e3021325319b2386a0882a9278017271496e6f756fa6e5488","record_hash":"d3a31861868561740762c751819ee39dbfa6fe8aae6b3f0416927b2efed21c1a","signature_hex":"c9b3c6abb529ea85acb3951ab65d25e48de5fa31c39617db72aca65f42a20a88c8bf0a5901d45c29b85e784bc0b8235e76df2c24126f1e2e9d5f9ea001cd3505","public_key_hex":"c2f8243b0d573587f285c830a868acd19249d17d59ecbf9329e796dfed6fb630"}
{"seq":79,"ts":1781826600000,"agent_id":"rl-qlearn","symbol":"SOLUSDT","side":"sell","price":69.63510459312,"quantity":28.721145917508988,"notional_usd":2000.0,"fee_usd":1.2,"balance_before_usd":9873.39828893068,"balance_after_usd":9871.598148900674,"decision":"ALLOW_CAPPED","cert_hash":"4641bca5307f0eb37dee907f1e975ad26c840c046a952c1cc80e6ab94792cb70","prev_hash":"d3a31861868561740762c751819ee39dbfa6fe8aae6b3f0416927b2efed21c1a","record_hash":"671e14ec515248dfc627112467f094d9cd8c8da8f4092a31789dc3a0e17b2ae6","signature_hex":"b32daafd5bb5beddb67db14abd3c9b05864164692d1c38ecc6f6a38cca54ad61e800cc4c4b259d5d12a7038206759134e12d9ce0b34ceaccb8124b398f28250c","public_key_hex":"c2f8243b0d573587f285c830a868acd19249d17d59ecbf9329e796dfed6fb630"}
{"seq":80,"ts":1781826900000,"agent_id":"rl-qlearn","symbol":"SOLUSDT","side":"sell","price":69.6990853944,"quantity":28.694781124928372,"notional_usd":2000.0,"fee_usd":1.2,"balance_before_usd":9871.60041285781,"balance_after_usd":9869.800272827802,"decision":"ALLOW_CAPPED","cert_hash":"70ddf0ff6dd8e05e015b34e1e3b4414df7c8b52cb9446a739aafc1654b5be2bc","prev_hash":"671e14ec515248dfc627112467f094d9cd8c8da8f4092a31789dc3a0e17b2ae6","record_hash":"c935e093d114121348208680c36f45cb29a40bdd2d01681ba01025fbddbcf656","signature_hex":"8f90e0109c08b01b5139f1eaa0844fb6537e3f5498bdca6c3368adfdff1c8b6c374ddfabf2937f2d413dc08d10fb89be9bcd158ea9e5b5e7feadb82c57ba5107","public_key_hex":"c2f8243b0d573587f285c830a868acd19249d17d59ecbf9329e796dfed6fb630"}
{"seq":81,"ts":1781826960000,"agent_id":"rl-qlearn","symbol":"SOLUSDT","side":"buy","price":69.67488450490224,"quantity":28.650816360370815,"notional_usd":1996.24232088,"fee_usd":1.197745392528,"balance_before_usd":9871.691793676251,"balance_after_usd":9869.895690168993,"decision":"ALLOW","cert_hash":"837f85e6269059d685f924e777d29014ea95cb3baa7064016b74dfdd0f9c0758","prev_hash":"c935e093d114121348208680c36f45cb29a40bdd2d01681ba01025fbddbcf656","record_hash":"c2a7986e06e9086a4dd2b76291e1e55f97c669b250d781c3610c89f5216d0af3","signature_hex":"e7a2e6301523cf179243b17b4ce664cafb0d7cbb68e712e52c084aac4e29b1cde78322cc6303bcc3d5338b6216124b88e6227a33dc86f8c7c0af17929886bd09","public_key_hex":"c2f8243b0d573587f285c830a868acd19249d17d59ecbf9329e796dfed6fb630"}
{"seq":82,"ts":1781827620000,"agent_id":"rl-qlearn","symbol":"SOLUSDT","side":"buy","price":69.61487959188,"quantity":28.729490185504588,"notional_usd":2000.0,"fee_usd":1.2,"balance_before_usd":9869.896205595052,"balance_after_usd":9868.096345565058,"decision":"ALLOW_CAPPED","cert_hash":"71547d84789847dbd08c4f5a6f1c4cfe41f87c093f50fac963f824230e04c0be","prev_hash":"c2a7986e06e9086a4dd2b76291e1e55f97c669b250d781c3610c89f5216d0af3","record_hash":"675d76aedbffe555c7c862aff17bef9fa827d4d5649740447563bc9700fc467d","signature_hex":"8ae86453c007e5c995e29bdc9699bb898d0fa7857bc02afecae3fbbc6a179d258e1718de5b3130d7b7fd9368809641958b7653736df03d205e284d55ff8b590e","public_key_hex":"c2f8243b0d573587f285c830a868acd19249d17d59ecbf9329e796dfed6fb630"}
{"seq":83,"ts":1781827680000,"agent_id":"rl-qlearn","symbol":"SOLUSDT","side":"buy","price":69.58487059127998,"quantity":28.74187999496876,"notional_usd":2000.0,"fee_usd":1.2,"balance_before_usd":9867.234718572523,"balance_after_usd":9865.434858542529,"decision":"ALLOW_CAPPED","cert_hash":"4dec4c9a494edc63e12459e211cce5b7333a917996db4ae1ac20f77ee2eddee0","prev_hash":"675d76aedbffe555c7c862aff17bef9fa827d4d5649740447563bc9700fc467d","record_hash":"09a239903488a52feae9a9997edaaea45897f8c09a89810ccb45104a75aed389","signature_hex":"fbe3d4b98fe95e7f546b7960f2b5e3ace5960dec9a1d22aafbdeb10cd3f031b820951656b8580e52bc6443ffe4da878e31ba97c78737df54259e30cddf58e80a","public_key_hex":"c2f8243b0d573587f285c830a868acd19249d17d59ecbf9329e796dfed6fb630"}
{"seq":84,"ts":1781827740000,"agent_id":"rl-qlearn","symbol":"SOLUSDT","side":"buy","price":69.65417795960226,"quantity":13.398754459370396,"notional_usd":933.27922755,"fee_usd":0.55996753653,"balance_before_usd":9869.629641463998,"balance_after_usd":9868.839510664646,"decision":"ALLOW","cert_hash":"354e247b7b9387d91ef8d28b2f887659e7eac7012353e916eb7efb9ea0babcc8","prev_hash":"09a239903488a52feae9a9997edaaea45897f8c09a89810ccb45104a75aed389","record_hash":"b0c43b3245cd00236022d784fb471dcff1c9357c1dc054dcaf4ce3d829af1a1f","signature_hex":"a8e7797dd41ec790ce9434a009090b94d5a2bbed11a4109e564eac48ca5ab300c6eaa6e7e8299e79699c9274d8d454c455305c6f2acd1629cc805e467a907702","public_key_hex":"c2f8243b0d573587f285c830a868acd19249d17d59ecbf9329e796dfed6fb630"}
{"seq":85,"ts":1781827800000,"agent_id":"rl-qlearn","symbol":"SOLUSDT","side":"sell","price":69.6441018933,"quantity":28.71743544146998,"notional_usd":2000.0,"fee_usd":1.2,"balance_before_usd":9870.8236336224,"balance_after_usd":9869.023493592395,"decision":"ALLOW_CAPPED","cert_hash":"425ecfbede4cf495996454654b83085eb7729105dc8e33ee41f895c525069bc0","prev_hash":"b0c43b3245cd00236022d784fb471dcff1c9357c1dc054dcaf4ce3d829af1a1f","record_hash":"0833450a212aecd6c7c57506800ba7b2211a20fe9fa06bcec63835c269d06c5e","signature_hex":"f69611cb37c1e2cffc071b3242dcb9249e275fcb082ff25938f9a320c9ead8466e7b9062fc4420081f287d9c5d61f20f489c081e1a12a1f5521fa886664f0106","public_key_hex":"c2f8243b0d573587f285c830a868acd19249d17d59ecbf9329e796dfed6fb630"}
{"seq":86,"ts":1781827860000,"agent_id":"rl-qlearn","symbol":"SOLUSDT","side":"buy","price":69.65088788785638,"quantity":28.704309288188902,"notional_usd":1999.28062813,"fee_usd":1.1995683768779999,"balance_before_usd":9867.548450135651,"balance_after_usd":9865.749309365368,"decision":"ALLOW","cert_hash":"496d189424fe9e3dd723081ed68f710bc0afbbfbdcb556b1148f761116844e10","prev_hash":"0833450a212aecd6c7c57506800ba7b2211a20fe9fa06bcec63835c269d06c5e","record_hash":"e272b1d83935a7fe582b19c226f41787466d03dd4301f6c8efbe20dfae233dd0","signature_hex":"f4ef3b600fde63ca1c8b274bece60beaaeb38e284cb1087c4952272dedd3c6fb6b4f340cbe57a6b00eb5de8b67c77574872ad9210f661855b80fca509b181201","public_key_hex":"c2f8243b0d573587f285c830a868acd19249d17d59ecbf9329e796dfed6fb630"}
{"seq":87,"ts":1781827920000,"agent_id":"rl-qlearn","symbol":"SOLUSDT","side":"sell","price":69.53113579104001,"quantity":28.764092190447517,"notional_usd":2000.0,"fee_usd":1.2,"balance_before_usd":9860.223133537293,"balance_after_usd":9858.422993507287,"decision":"ALLOW_CAPPED","cert_hash":"f2d723c2eb72c4330ed48d1d213b2cba021377f8462da1036281080126083c88","prev_hash":"e272b1d83935a7fe582b19c226f41787466d03dd4301f6c8efbe20dfae233dd0","record_hash":"d03b01ed035850e72a049788095277eb27cfc4d84e659ada7bf1b0010624e58c","signature_hex":"2c876684e7158a15ff8ee3a7803a12a9be0a6a9b3469055c67fd275310211e5f361a9dadc92145f296a96a63ee2c50a991412bbce498dbaf5866b21e16060d09","public_key_hex":"c2f8243b0d573587f285c830a868acd19249d17d59ecbf9329e796dfed6fb630"}
{"seq":88,"ts":1781827980000,"agent_id":"rl-qlearn","symbol":"SOLUSDT","side":"sell","price":69.579121392,"quantity":28.744254885488594,"notional_usd":2000.0,"fee_usd":1.2,"balance_before_usd":9860.443040668653,"balance_after_usd":9858.642900638646,"decision":"ALLOW_CAPPED","cert_hash":"f0149891701465b71137fad2377ad3bcafad3cac82a90ead173d626583a3d988","prev_hash":"d03b01ed035850e72a049788095277eb27cfc4d84e659ada7bf1b0010624e58c","record_hash":"ad873cfc29c7b6e08f2c02a4af01e6fa6073716ffe0e1e326665e565edcd26f1","signature_hex":"ae3a7dc1c3f0c2756e15f5eb94fc5c26d051c9b1a9c1c2a614915499ccb5c4f3199d16b46c88aef3f8be6c6e3a4d51f4c97b2c37f5536738636c0da0edabb002","public_key_hex":"c2f8243b0d573587f285c830a868acd19249d17d59ecbf9329e796dfed6fb630"}
{"seq":89,"ts":1781828040000,"agent_id":"rl-qlearn","symbol":"SOLUSDT","side":"buy","price":69.6458888925,"quantity":28.716698599210144,"notional_usd":2000.0,"fee_usd":1.2,"balance_before_usd":9858.976402163054,"balance_after_usd":9857.17654213306,"decision":"ALLOW_CAPPED","cert_hash":"c8aa6f865378b68611800f22e9b9dbd9d8085e97a4ed81ceb2f5fef1d60ee704","prev_hash":"ad873cfc29c7b6e08f2c02a4af01e6fa6073716ffe0e1e326665e565edcd26f1","record_hash":"7f2d82f206e7f542ad9cbbe493842be63ce893ed4d296fb8158d8eec0500edc1","signature_hex":"9d1796141f87461a302c438efc03d946d2d13c9c7e763bc146c55d0b6b8447e98823c89cbf3f9f8af9f0b90096cd4d82ef2dbf44fced5555682893e5bfd4b707","public_key_hex":"c2f8243b0d573587f285c830a868acd19249d17d59ecbf9329e796dfed6fb630"}
{"seq":90,"ts":1781828100000,"agent_id":"rl-qlearn","symbol":"SOLUSDT","side":"sell","price":69.59911539240001,"quantity":28.73599741496705,"notional_usd":2000.0,"fee_usd":1.2,"balance_before_usd":9856.966258335184,"balance_after_usd":9855.166118305176,"decision":"ALLOW_CAPPED","cert_hash":"10bd3b5a3bcb61e046dfcb833ec015e4633780ef1582e33403700f02506ada2f","prev_hash":"7f2d82f206e7f542ad9cbbe493842be63ce893ed4d296fb8158d8eec0500edc1","record_hash":"ab560192f0877cfe014b9adcf406c64838114a770b217c036889e4c65c7f6e2a","signature_hex":"37e9e50ac31578be1d6d953710fcb28e11dbd36539249770e9731099b3ab9c8e9da8865bea44bc53b96a7d136022e659cdaa14767929b26da18e392247bed70d","public_key_hex":"c2f8243b0d573587f285c830a868acd19249d17d59ecbf9329e796dfed6fb630"}
{"seq":91,"ts":1781828160000,"agent_id":"rl-qlearn","symbol":"SOLUSDT","side":"sell","price":69.58611929214001,"quantity":28.741364231040066,"notional_usd":2000.0,"fee_usd":1.2,"balance_before_usd":9854.99294839709,"balance_after_usd":9853.192808367083,"decision":"ALLOW_CAPPED","cert_hash":"4609e979bc2c449b9d5f84d93b3dd94d8b3c9eac215b5c81d4cce264f32a87ca","prev_hash":"ab560192f0877cfe014b9adcf406c64838114a770b217c036889e4c65c7f6e2a","record_hash":"6280492e59a7368c55acf08371721b075b8b7b0ad1ae99225ee459aacd48fd9b","signature_hex":"2f1f62cd2a62f6c2f370be139eb0752ae671df47fd0acf1965ca5444be508c8f87b1157b055be5ced290d62313683fd4ea823e08aecad74ebdab906759157d0f","public_key_hex":"c2f8243b0d573587f285c830a868acd19249d17d59ecbf9329e796dfed6fb630"}
{"seq":92,"ts":1781828220000,"agent_id":"rl-qlearn","symbol":"SOLUSDT","side":"buy","price":69.62365790680211,"quantity":15.416691107450907,"notional_usd":1073.36642772,"fee_usd":0.644019856632,"balance_before_usd":9853.208228969153,"balance_after_usd":9852.29198261775,"decision":"ALLOW","cert_hash":"2195ac05135a561308f7f3049faaca8a66b373813fb227658abe939aae9d4c23","prev_hash":"6280492e59a7368c55acf08371721b075b8b7b0ad1ae99225ee459aacd48fd9b","record_hash":"ff4dbee8cf84205e8dfe95d744e8cf68a57363e0c540c62f22f55f2a72cfc9dc","signature_hex":"3072fc5360d14204d7c47e779cd5838183018309fa25363f7a39f9d5d0cac52915c58b56436b4e5122ebfbfe17b06a53c2ecd7e3a19e82a65b4a8cb42989e502","public_key_hex":"c2f8243b0d573587f285c830a868acd19249d17d59ecbf9329e796dfed6fb630"}
{"seq":93,"ts":1781828760000,"agent_id":"rl-qlearn","symbol":"SOLUSDT","side":"sell","price":69.7090823946,"quantity":28.69066599784893,"notional_usd":2000.0,"fee_usd":1.2,"balance_before_usd":9852.291497658332,"balance_after_usd":9850.491357628325,"decision":"ALLOW_CAPPED","cert_hash":"6fd83cbb2f7cc80f11b127a9a68c01765db61a2552c43561405e05664be61ff1","prev_hash":"ff4dbee8cf84205e8dfe95d744e8cf68a57363e0c540c62f22f55f2a72cfc9dc","record_hash":"01248a8efa2bfcb09dbe3dfa361cb3b0b589adc349daa438d7e6189e0fe9f920","signature_hex":"e594d830bbe2cf0520bd5468224fed5cdc2c56ef63a25f430cf2e980c3ef177d935c4c051959dc1fb91cbd2163368ef430dbce7bfbaaa8d9e1ee99d28beda30b","public_key_hex":"c2f8243b0d573587f285c830a868acd19249d17d59ecbf9329e796dfed6fb630"}
{"seq":94,"ts":1781828820000,"agent_id":"rl-qlearn","symbol":"SOLUSDT","side":"sell","price":69.70508359452,"quantity":28.6923119070362,"notional_usd":2000.0,"fee_usd":1.2,"balance_before_usd":9850.606135936168,"balance_after_usd":9848.805995906161,"decision":"ALLOW_CAPPED","cert_hash":"4aa130066bc029d0b22704a6620771a908279a0b739d927abbbc2b4fbff59d44","prev_hash":"01248a8efa2bfcb09dbe3dfa361cb3b0b589adc349daa438d7e6189e0fe9f920","record_hash":"9e8b77cdca3975f790bf09083fe800dbbaf8ccde45d969a198cc2466305a2c85","signature_hex":"7a9bdba75bed5bc12da3617500a0aa65aee3191a34df4d9f0dc4a6fb632a583055a516fb5459df2f01d8fd44bcaf10466dcfeddf501a6346588795b213f44904","public_key_hex":"c2f8243b0d573587f285c830a868acd19249d17d59ecbf9329e796dfed6fb630"}
{"seq":95,"ts":1781828880000,"agent_id":"rl-qlearn","symbol":"SOLUSDT","side":"buy","price":69.72491259408,"quantity":28.68415212857234,"notional_usd":2000.0,"fee_usd":1.2,"balance_before_usd":9850.068507461256,"balance_after_usd":9848.268647431261,"decision":"ALLOW_CAPPED","cert_hash":"48fb31eac66cd4b4585609fe49487d958e1ca547d1d0f08172f4ee063bdcc280","prev_hash":"9e8b77cdca3975f790bf09083fe800dbbaf8ccde45d969a198cc2466305a2c85","record_hash":"096331faa93941001933514edcf734fff6e805a40c90f8adacb7db1f432bbc65","signature_hex":"2fa0484b1257db992ae485270a665933ded2c13b5efd54313b72792f749bb408278623099aa4f0169013b3a02a222eb29f100917d0211905bee2517376159b0b","public_key_hex":"c2f8243b0d573587f285c830a868acd19249d17d59ecbf9329e796dfed6fb630"}
{"seq":96,"ts":1781828940000,"agent_id":"rl-qlearn","symbol":"SOLUSDT","side":"buy","price":69.77892879515998,"quantity":28.661947589810584,"notional_usd":2000.0,"fee_usd":1.2,"balance_before_usd":9846.718699647337,"balance_after_usd":9844.918839617343,"decision":"ALLOW_CAPPED","cert_hash":"490e6f31d9f0c4f1481932572d8595ced3d64bbfb937d84b3e9db608940ce2d2","prev_hash":"096331faa93941001933514edcf734fff6e805a40c90f8adacb7db1f432bbc65","record_hash":"49f396ea5f15e6bc7817bd4ab3eb5901b8f1b91331b82fc5c0938e5f01a88c54","signature_hex":"6abce1af09730a37294d4d75af07a25dd049149f029087c8bb1356479561493ebbaacc130b5d1c807fc46e0fd41541d851cc1264c9faa4da476bacf424fb5c06","public_key_hex":"c2f8243b0d573587f285c830a868acd19249d17d59ecbf9329e796dfed6fb630"}
{"seq":97,"ts":1781829000000,"agent_id":"rl-qlearn","symbol":"SOLUSDT","side":"sell","price":69.79105779624,"quantity":28.656966424540283,"notional_usd":2000.0,"fee_usd":1.2,"balance_before_usd":9844.916637003267,"balance_after_usd":9843.116496973262,"decision":"ALLOW_CAPPED","cert_hash":"fce4780b5d4300a6bc2ce757470f3ebfafecf40011ab70f44dff24fb050ba875","prev_hash":"49f396ea5f15e6bc7817bd4ab3eb5901b8f1b91331b82fc5c0938e5f01a88c54","record_hash":"971f580f4bdc57166f3c981887a39a5925ff628a4c0b3f98f77cc1fed2e68dd9","signature_hex":"efc33d6b063955c75121692e808e6da59c036f55f1469b9f5f44bcfbf75225336775cf1a9aad9e2855a593ee3f0773b3a2d20bced28cc959b9314a4f3924fb0b","public_key_hex":"c2f8243b0d573587f285c830a868acd19249d17d59ecbf9329e796dfed6fb630"}
{"seq":98,"ts":1781829060000,"agent_id":"rl-qlearn","symbol":"SOLUSDT","side":"buy","price":69.84394829646,"quantity":28.635265456511554,"notional_usd":2000.0,"fee_usd":1.2,"balance_before_usd":9842.800821661946,"balance_after_usd":9841.000961631951,"decision":"ALLOW_CAPPED","cert_hash":"399637e491220984fd16aca4fbfee7ead57ef1025b21c8dc7ca7a67b768a72e7","prev_hash":"971f580f4bdc57166f3c981887a39a5925ff628a4c0b3f98f77cc1fed2e68dd9","record_hash":"388706ed3cc527360cb927dc635b08262734b49401e72a52b498e3c64055bbcd","signature_hex":"29c92de9303b08cf5ad5a42948f93a6864f0a914df27f5bdfd8d8f070ca277de2fb4ccd774d68b8786f1ce0d0ce8bb48c0f87623221bec82776ff78cb9023502","public_key_hex":"c2f8243b0d573587f285c830a868acd19249d17d59ecbf9329e796dfed6fb630"}
{"seq":99,"ts":1781829120000,"agent_id":"rl-qlearn","symbol":"SOLUSDT","side":"sell","price":69.82104879683999,"quantity":28.64465708356013,"notional_usd":2000.0,"fee_usd":1.2,"balance_before_usd":9840.999774319718,"balance_after_usd":9839.199634289711,"decision":"ALLOW_CAPPED","cert_hash":"c73c1b08ebe8268ddff644ba0cd848a6134a046130330911c571c9e7c8b86bc3","prev_hash":"388706ed3cc527360cb927dc635b08262734b49401e72a52b498e3c64055bbcd","record_hash":"df47ac4e220079d64230bc52bf694c0c4c779d35fd31583cc332e2f51d7f76b0","signature_hex":"1d3c32e7737498ecc6d31a1b1f32689e9b05e9b778a0693725baebf9683315c5325d57e43da9995ec73f1b1adcc7121b4a2e2036d3f5b69491dd7698d2535e0a","public_key_hex":"c2f8243b0d573587f285c830a868acd19249d17d59ecbf9329e796dfed6fb630"}
{"seq":100,"ts":1781829180000,"agent_id":"rl-qlearn","symbol":"SOLUSDT","side":"buy","price":69.84594889649999,"quantity":28.634445255567584,"notional_usd":2000.0,"fee_usd":1.2,"balance_before_usd":9839.68765579213,"balance_after_usd":9837.887795762135,"decision":"ALLOW_CAPPED","cert_hash":"6afb8b5668e96e26a65d6ca580e327930ea6475b0f8de0e8863b8b686bfcea6b","prev_hash":"df47ac4e220079d64230bc52bf694c0c4c779d35fd31583cc332e2f51d7f76b0","record_hash":"c4e267ca3d51bc0f73681b70c6fc73182912649cf91dfc7a000de56fd8b49827","signature_hex":"a411199db1efb87fb1df0522311fa9c84be2e39c31db087ed016fd260d0e5eca762b624283844c0c554a4c4abd4bb7f3ce0f9e88a93339abad59095cf5ad1f03","public_key_hex":"c2f8243b0d573587f285c830a868acd19249d17d59ecbf9329e796dfed6fb630"}
{"seq":101,"ts":1781829240000,"agent_id":"rl-qlearn","symbol":"SOLUSDT","side":"sell","price":69.80405389650001,"quantity":28.651631078123966,"notional_usd":2000.0,"fee_usd":1.2,"balance_before_usd":9837.887795762135,"balance_after_usd":9836.087655732128,"decision":"ALLOW_CAPPED","cert_hash":"95947d142bd57bd934aa0562cf3289af24cf284ccdcd989a412976b033116b17","prev_hash":"c4e267ca3d51bc0f73681b70c6fc73182912649cf91dfc7a000de56fd8b49827","record_hash":"02fd069ce9ab91da8b0af085048ca0e16bc2fde9f52dc4fb59842eed8a02fa6e","signature_hex":"17b02b045564ee712b5424a4693adce86e0d0bfd46582cd18426b7ef9f5a7ae6ca83972dc3a3bbac31f0845bff198fb777a1663a4f3715be7f53c0e35ab1a407","public_key_hex":"c2f8243b0d573587f285c830a868acd19249d17d59ecbf9329e796dfed6fb630"}
{"seq":102,"ts":1781829300000,"agent_id":"rl-qlearn","symbol":"SOLUSDT","side":"buy","price":69.85495159668,"quantity":28.63075493269763,"notional_usd":2000.0,"fee_usd":1.2,"balance_before_usd":9835.829136734916,"balance_after_usd":9834.029276704921,"decision":"ALLOW_CAPPED","cert_hash":"53bf30210278db20fe776d3fe7e1f0fe199187e6ab4fb14255d60b93202ec50c","prev_hash":"02fd069ce9ab91da8b0af085048ca0e16bc2fde9f52dc4fb59842eed8a02fa6e","record_hash":"769b258959d8487e07ff5bda0d3c6fd20885389d193c47ad5cf74d4aba90e544","signature_hex":"f7d441817c4334fde707d20269dc4f1d0eb25fd8709005cf86e1be34a59aff9c3e23b5703ace18d50b2542afbb3cc1344c023348a7fb7cc676ee7c483829c507","public_key_hex":"c2f8243b0d573587f285c830a868acd19249d17d59ecbf9329e796dfed6fb630"}
{"seq":103,"ts":1781829480000,"agent_id":"rl-qlearn","symbol":"SOLUSDT","side":"buy","price":69.76292399484001,"quantity":28.668523127670642,"notional_usd":2000.0,"fee_usd":1.2,"balance_before_usd":9834.037885889293,"balance_after_usd":9832.238025859298,"decision":"ALLOW_CAPPED","cert_hash":"af17dedd620da1e6cce27c8dce082893b715bb3d0b8d29ea35dd36e7b061c0c9","prev_hash":"769b258959d8487e07ff5bda0d3c6fd20885389d193c47ad5cf74d4aba90e544","record_hash":"73c9b5bb89c0d15d6fe8a798d5498f656917f6e92f7fac2c58fa6974f28b96e9","signature_hex":"813e492d09306d32f5cc063182494cd3dfc15716f3d2d93a79adaa8f85a8cbcab2fd8ba216e757e5c6c984f73c5a6ba79bd260aa6cd4cc49988850cd5ca43a0e","public_key_hex":"c2f8243b0d573587f285c830a868acd19249d17d59ecbf9329e796dfed6fb630"}
{"seq":104,"ts":1781829540000,"agent_id":"rl-qlearn","symbol":"SOLUSDT","side":"buy","price":69.72691319412,"quantity":28.68332912475262,"notional_usd":2000.0,"fee_usd":1.2,"balance_before_usd":9831.209327837978,"balance_after_usd":9829.409467807984,"decision":"ALLOW_CAPPED","cert_hash":"d19b57e6118ed5f59858d42eb4501c056d39a35c3300f50d48704f1d19168117","prev_hash":"73c9b5bb89c0d15d6fe8a798d5498f656917f6e92f7fac2c58fa6974f28b96e9","record_hash":"48b97423c4e217e75dd5d80059d8a06d048f70f9cfe261220f09c65909d34ccc","signature_hex":"78bf8d9b403335a05e3208d5049bfa3824b60e285de9db27b3e19b114b2df6597435849820dbd6cedd837803d1cb17677ac13e120ec15af460d4ca97a106390e","public_key_hex":"c2f8243b0d573587f285c830a868acd19249d17d59ecbf9329e796dfed6fb630"}
{"seq":105,"ts":1781829600000,"agent_id":"rl-qlearn","symbol":"SOLUSDT","side":"sell","price":69.76306619568001,"quantity":28.66846469147664,"notional_usd":2000.0,"fee_usd":1.2,"balance_before_usd":9833.875613192577,"balance_after_usd":9832.075473162571,"decision":"ALLOW_CAPPED","cert_hash":"63aba412016d456c541d9b6ddc1aff2bc9550292857fcdc415edf1be56a75c58","prev_hash":"48b97423c4e217e75dd5d80059d8a06d048f70f9cfe261220f09c65909d34ccc","record_hash":"87a90cbd01366bdb5a6818cb23ec73ad407d6c43fc01042e7bda7d1fb7bcd6a3","signature_hex":"aa549af5dca1339bd96b20ba6c2499a0da95b8946a2fde9ab8dd908e9f0f07debfa1f995633560f560898a4b6b752928880a05329ca02ba485fa41b3ad1ed40d","public_key_hex":"c2f8243b0d573587f285c830a868acd19249d17d59ecbf9329e796dfed6fb630"}
{"seq":106,"ts":1781829660000,"agent_id":"rl-qlearn","symbol":"SOLUSDT","side":"sell","price":69.7660820532953,"quantity":28.598381545287875,"notional_usd":1995.19703348,"fee_usd":1.1971182200880002,"balance_before_usd":9832.16124259098,"balance_after_usd":9830.365904949887,"decision":"ALLOW","cert_hash":"0b6455a42aff4abf555de7fd4e5a18d8f23c260a2d5b49da8a570619276f4f87","prev_hash":"87a90cbd01366bdb5a6818cb23ec73ad407d6c43fc01042e7bda7d1fb7bcd6a3","record_hash":"2a15969d1247b35d167f72d630b8521de518f465cf93e1b83b1dc7eeda1c5946","signature_hex":"d976d2a6128603797fcaa864fdf8188aacd1891eab75a28463d66b52e05e3f361d900da12dc34fdbdb30266030f9abc217a69b24e16041ad0abf1c51fb5bc909","public_key_hex":"c2f8243b0d573587f285c830a868acd19249d17d59ecbf9329e796dfed6fb630"}
{"seq":107,"ts":1781831280000,"agent_id":"rl-qlearn","symbol":"SOLUSDT","side":"sell","price":69.85303919748,"quantity":28.631538770215048,"notional_usd":2000.0,"fee_usd":1.2,"balance_before_usd":9830.365159179333,"balance_after_usd":9828.565019149326,"decision":"ALLOW_CAPPED","cert_hash":"8fedb2ce252c6cbd11248642129dcc4d6ad63658e00368bd7695cc25b7b7e024","prev_hash":"2a15969d1247b35d167f72d630b8521de518f465cf93e1b83b1dc7eeda1c5946","record_hash":"8a2cd6e491c40fae2d09661b81c8d602e46eabcb2653c5523ccf424b8412b292","signature_hex":"cef80c6504d9878a35a7a9e6d6cecc6259e5d616de6cc507e89b63e757f5a52fa42bdf2e4cf8c62e0ecd785b4effd933a8474327c4423c4aa573635728d8c907","public_key_hex":"c2f8243b0d573587f285c830a868acd19249d17d59ecbf9329e796dfed6fb630"}
{"seq":108,"ts":1781831340000,"agent_id":"rl-qlearn","symbol":"SOLUSDT","side":"buy","price":69.79792898614545,"quantity":28.63152307666144,"notional_usd":1998.42101447,"fee_usd":1.199052608682,"balance_before_usd":9831.343109901343,"balance_after_usd":9829.544828542865,"decision":"ALLOW","cert_hash":"8d0524bf9a5562d57d854912f218ea7f072480297bc8775bde6d97facb650fdf","prev_hash":"8a2cd6e491c40fae2d09661b81c8d602e46eabcb2653c5523ccf424b8412b292","record_hash":"60592b361b6468fe01f5ecf1143dbe73106a3546f7eb9529c9d303f1868ec90d","signature_hex":"192b5e3196313d6c0fe0aefb4bdb006da00ee5d7ca7638534ae38019b06534612fc1d81ad7f0122f86e527deaa4a7934ea64da0a8e899b5b2088262067eb0100","public_key_hex":"c2f8243b0d573587f285c830a868acd19249d17d59ecbf9329e796dfed6fb630"}
{"seq":109,"ts":1781831940000,"agent_id":"rl-qlearn","symbol":"SOLUSDT","side":"sell","price":69.80105479644001,"quantity":28.652862135573397,"notional_usd":2000.0,"fee_usd":1.2,"balance_before_usd":9829.544442093265,"balance_after_usd":9827.74430206326,"decision":"ALLOW_CAPPED","cert_hash":"758d11a35637f53adf35cbead359cb76da9aef959aa2546fa03d984b89be737f","prev_hash":"60592b361b6468fe01f5ecf1143dbe73106a3546f7eb9529c9d303f1868ec90d","record_hash":"7a3e5dd25b534790faca5a523dc89c8f8ebe22889ba07b98c6759f333f330729","signature_hex":"6f5fa24190ebf367b939463d9bcc1dee3b31d9429cfed848f4fa712ed148fdf6b467a914f9b56b05feb813b1e131062fd2ef852c790505edadfc2cea0cc96c0a","public_key_hex":"c2f8243b0d573587f285c830a868acd19249d17d59ecbf9329e796dfed6fb630"}
{"seq":110,"ts":1781832000000,"agent_id":"rl-qlearn","symbol":"SOLUSDT","side":"buy","price":69.87995909717999,"quantity":28.620509024893092,"notional_usd":2000.0,"fee_usd":1.2,"balance_before_usd":9826.683828416795,"balance_after_usd":9824.883968386801,"decision":"ALLOW_CAPPED","cert_hash":"e3e7a6614e0590650fe60ce95a8a23652a7363746d9f5f9ab52e7dfe609d8f95","prev_hash":"7a3e5dd25b534790faca5a523dc89c8f8ebe22889ba07b98c6759f333f330729","record_hash":"0a197633e924def8a6989b7997c1eaaba459c02de56194130a8c4eaf4103a4f5","signature_hex":"b8b33cf194877a7443f2e1aea754f0da39c4e1495e8eaa256e15a34202f909973bdb40d39d55c2c2377a12b9d4e12c47c766b1ef7bf8d4161488f6854595a407","public_key_hex":"c2f8243b0d573587f285c830a868acd19249d17d59ecbf9329e796dfed6fb630"}
{"seq":111,"ts":1781833080000,"agent_id":"rl-qlearn","symbol":"SOLUSDT","side":"buy","price":69.69490359347999,"quantity":28.6965028557282,"notional_usd":2000.0,"fee_usd":1.2,"balance_before_usd":9824.891542449519,"balance_after_usd":9823.091682419526,"decision":"ALLOW_CAPPED","cert_hash":"1fe3745dfc15485c8aa0ccb5f0efc4dca9add18cc5fa95504caf67a55a568b17","prev_hash":"0a197633e924def8a6989b7997c1eaaba459c02de56194130a8c4eaf4103a4f5","record_hash":"1f807174db160a40bd85ecac25cc66186737bfbcbb22075dc13f81ae099c34a8","signature_hex":"22986f7e4deefb1b5f2a91a8a738861f1f65bd5bc1c8f742f35e706e5841d752a039a55e65594deaec4fd24899c709ab88a52f6edcf989399363ac410b178b03","public_key_hex":"c2f8243b0d573587f285c830a868acd19249d17d59ecbf9329e796dfed6fb630"}
{"seq":112,"ts":1781833140000,"agent_id":"rl-qlearn","symbol":"SOLUSDT","side":"buy","price":69.63388529226,"quantity":28.721648829529055,"notional_usd":2000.0,"fee_usd":1.2,"balance_before_usd":9821.34369313898,"balance_after_usd":9819.543833108986,"decision":"ALLOW_CAPPED","cert_hash":"e16ec9c1670d97a3392b1881b6cc96d97fd9f9eb45169c449c8d2607cbd1de05","prev_hash":"1f807174db160a40bd85ecac25cc66186737bfbcbb22075dc13f81ae099c34a8","record_hash":"3126a57700668283b6da4276911f78ef21c7f1b91494693086478c5c596b2d07","signature_hex":"e80ff6f5ec484a178408e512358468a916ee1517b45e583a74aeacaefbfb453793071f58a77fc6346cf6312fbe53ebfdc7673f6b055ff04eba149a18f901ba06","public_key_hex":"c2f8243b0d573587f285c830a868acd19249d17d59ecbf9329e796dfed6fb630"}
{"seq":113,"ts":1781833200000,"agent_id":"rl-qlearn","symbol":"SOLUSDT","side":"buy","price":69.66311521504879,"quantity":13.129263799595636,"notional_usd":914.62541676,"fee_usd":0.548775250056,"balance_before_usd":9821.437281065573,"balance_after_usd":9820.663795642155,"decision":"ALLOW","cert_hash":"5422916e12b089a75fc28674a9538e0777d727aa5a933a05d538492aa8dbdb6d","prev_hash":"3126a57700668283b6da4276911f78ef21c7f1b91494693086478c5c596b2d07","record_hash":"614b436271a6c105d287278fcaf1f274c82279d6768bd55e18907425d2bafa33","signature_hex":"47ac644965dc9c3baf031e331fc39e65a4937cc61290984b9c73be4661d1a25c38e222d49db313e4a05f22716e8cd0e907967414e34932ef1e056fcf1918230e","public_key_hex":"c2f8243b0d573587f285c830a868acd19249d17d59ecbf9329e796dfed6fb630"}
{"seq":114,"ts":1781833380000,"agent_id":"rl-qlearn","symbol":"SOLUSDT","side":"sell","price":69.67209349386,"quantity":28.705897866787282,"notional_usd":2000.0,"fee_usd":1.2,"balance_before_usd":9823.977599948605,"balance_after_usd":9822.1774599186,"decision":"ALLOW_CAPPED","cert_hash":"db0159f16d1059717ad9af3d5086967a228b88acd7539ca18e610dea25302c79","prev_hash":"614b436271a6c105d287278fcaf1f274c82279d6768bd55e18907425d2bafa33","record_hash":"9b5d8752fbb66a4763b5a821e90ecdef2118751d0347484b66bf5e585af3426d","signature_hex":"f3c8b4261e0c55e9188fd35b0c219809953cba36f7e6f739c22438c14c3a29178aec65579dc85b4bc0320e581386d5a34e552c32f063af06948d953ab1cb2302","public_key_hex":"c2f8243b0d573587f285c830a868acd19249d17d59ecbf9329e796dfed6fb630"}
{"seq":115,"ts":1781833440000,"agent_id":"rl-qlearn","symbol":"SOLUSDT","side":"sell","price":69.69008809422,"quantity":28.698485748734146,"notional_usd":2000.0,"fee_usd":1.2,"balance_before_usd":9822.929870299891,"balance_after_usd":9821.129730269886,"decision":"ALLOW_CAPPED","cert_hash":"37234d2037a603e7edbe62f90dd7272cba9e3a5b0afa019681047c63e5586651","prev_hash":"9b5d8752fbb66a4763b5a821e90ecdef2118751d0347484b66bf5e585af3426d","record_hash":"c548f37cf8b3c979e7d04bb4fdcff3d1ee6545d4939e66da2e1e87b9e4489d94","signature_hex":"2912d9ac054420b4ac6416c5bb540b5bc61653d965c8e3f4a1a7ba4f2d3008d3a40c0da6567d75801e76efe1b99285c8cef11343388eb0c06196dcc1f8f6f108","public_key_hex":"c2f8243b0d573587f285c830a868acd19249d17d59ecbf9329e796dfed6fb630"}
{"seq":116,"ts":1781833500000,"agent_id":"rl-qlearn","symbol":"SOLUSDT","side":"sell","price":69.71187001007314,"quantity":13.105310508784061,"notional_usd":913.59570263,"fee_usd":0.548157421578,"balance_before_usd":9821.365567907702,"balance_after_usd":9820.59291664912,"decision":"ALLOW","cert_hash":"fcba2be23d33a197967555bd33e56061fa261b9ceb41b24644ee831fd5bd55a5","prev_hash":"c548f37cf8b3c979e7d04bb4fdcff3d1ee6545d4939e66da2e1e87b9e4489d94","record_hash":"bb0b75127a62b9bcf3585662b4ea8ca62746883cf8072ec9489fa87732201d9c","signature_hex":"f57182c3f08a3206f0bea546e3dc482f6e7c48e9d3e9e0af994211e79e540b810072ac64674bef2d5062d2c9fa3d32b730c8d1383c3c1de674392c5cc37aa20a","public_key_hex":"c2f8243b0d573587f285c830a868acd19249d17d59ecbf9329e796dfed6fb630"}
{"seq":117,"ts":1781839320000,"agent_id":"rl-qlearn","symbol":"SOLUSDT","side":"buy","price":69.06971608098,"quantity":28.956250488348942,"notional_usd":2000.0,"fee_usd":1.2,"balance_before_usd":9820.59510592205,"balance_after_usd":9818.795245892057,"decision":"ALLOW_CAPPED","cert_hash":"43cc65730d3c2645f124e5878a366c5533f69c3ff5866374b7935ce6f75a1882","prev_hash":"bb0b75127a62b9bcf3585662b4ea8ca62746883cf8072ec9489fa87732201d9c","record_hash":"2526853c2d524db93645bed25d394df18ece23f421a459fe5dffb9494912ab13","signature_hex":"0e00a4d1c7552b60d38d5b92547920bc0ed07e27f9ebd62c61ef1ffb7f756134e44a75a396551cb7f76ee072df46138f84ffd0a3c48ab61d133a575a12d7e50a","public_key_hex":"c2f8243b0d573587f285c830a868acd19249d17d59ecbf9329e796dfed6fb630"}
{"seq":118,"ts":1781839380000,"agent_id":"rl-qlearn","symbol":"SOLUSDT","side":"sell","price":69.14625128333999,"quantity":28.92419998019296,"notional_usd":2000.0,"fee_usd":1.2,"balance_before_usd":9822.211703546438,"balance_after_usd":9820.411563516433,"decision":"ALLOW_CAPPED","cert_hash":"50673d451d97249a83b668e01d7b73106795bf4ce632751ec52a756856813c0d","prev_hash":"2526853c2d524db93645bed25d394df18ece23f421a459fe5dffb9494912ab13","record_hash":"2b0a21d4a94dd5928882f1c85ce9971d014dfeb4fc3823070d78a880424ebd1d","signature_hex":"52a6be78b5730cb9e6b00f4e73a5b8b443b756dc68e144dab64b1dddb8cb97a41b5d7d92e452d2c77812addbcaf77a1979ecf6ba7e1a93ee0f5da7fb58f07302","public_key_hex":"c2f8243b0d573587f285c830a868acd19249d17d59ecbf9329e796dfed6fb630"}
{"seq":119,"ts":1781839440000,"agent_id":"rl-qlearn","symbol":"SOLUSDT","side":"buy","price":69.2957838855,"quantity":28.861784770407883,"notional_usd":2000.0,"fee_usd":1.2,"balance_before_usd":9820.41467726326,"balance_after_usd":9818.614817233265,"decision":"ALLOW_CAPPED","cert_hash":"ec5d45dfb8fd5bc88b47db1d77c6552f2c069ef23430e6b1ed53fcf0f5b00788","prev_hash":"2b0a21d4a94dd5928882f1c85ce9971d014dfeb4fc3823070d78a880424ebd1d","record_hash":"d1ba323ba7ffa0e3a06e2d3a72fca31380cbf56fd53780e16aaf383646fdb2ae","signature_hex":"6805c0e78e5908b05f3ea854caf021785953f71e40740f5db0e51cc405e403b92db2d3b74db89d36592308bbcc5ba610c8806d8b4465a424fb2667ba774b6804","public_key_hex":"c2f8243b0d573587f285c830a868acd19249d17d59ecbf9329e796dfed6fb630"}
{"seq":120,"ts":1781839500000,"agent_id":"rl-qlearn","symbol":"SOLUSDT","side":"sell","price":69.21822968478,"quantity":28.89412238810506,"notional_usd":2000.0,"fee_usd":1.2,"balance_before_usd":9817.574755065922,"balance_after_usd":9815.774615035914,"decision":"ALLOW_CAPPED","cert_hash":"e537bd7ccfaf3f4c93a20635a30b1b9e2966ede77a514f8bfe34876aa40f2b14","prev_hash":"d1ba323ba7ffa0e3a06e2d3a72fca31380cbf56fd53780e16aaf383646fdb2ae","record_hash":"932a0439e239dba2ce4fe41084ebd53d47baedb4e28d56917ae76bcc260770e7","signature_hex":"8978ac9b853bde95fd7906053b79dda8a5f51343cc6a34f88dc89210cef3f51e4a2dbc6631b694bc1a5dd3dddc2bcfe30be67f1c0d9cc76241e323272e541e0e","public_key_hex":"c2f8243b0d573587f285c830a868acd19249d17d59ecbf9329e796dfed6fb630"}
{"seq":121,"ts":1781841180000,"agent_id":"rl-qlearn","symbol":"SOLUSDT","side":"sell","price":68.95930737960002,"quantity":29.002611482023855,"notional_usd":2000.0,"fee_usd":1.2,"balance_before_usd":9815.775523252709,"balance_after_usd":9813.975383222703,"decision":"ALLOW_CAPPED","cert_hash":"1ab9123614fb8b4b42b7beecf0811e5bf3212a2e6fe459c48d370d7e7a632ebf","prev_hash":"932a0439e239dba2ce4fe41084ebd53d47baedb4e28d56917ae76bcc260770e7","record_hash":"cbcefc030b3d2005cc04193b15dae7e79b9b7920749cb28d1bc3ee7a76840744","signature_hex":"dd22e2865a6db1e0f7790131e7616c1ff001a17eb5e241e58ad4f07ed34754797811bb3a92238bf2a70b4934db5c2029749e332802dc42fa05559b0a324c0303","public_key_hex":"c2f8243b0d573587f285c830a868acd19249d17d59ecbf9329e796dfed6fb630"}
{"seq":122,"ts":1781841240000,"agent_id":"rl-qlearn","symbol":"SOLUSDT","side":"buy","price":69.03970708038001,"quantity":28.968836696706788,"notional_usd":2000.0,"fee_usd":1.2,"balance_before_usd":9812.84414461639,"balance_after_usd":9811.044284586396,"decision":"ALLOW_CAPPED","cert_hash":"08552525694030fa551ee995f8212b491eb619461662f1eb9eb927bfc403ce71","prev_hash":"cbcefc030b3d2005cc04193b15dae7e79b9b7920749cb28d1bc3ee7a76840744","record_hash":"567e15cba2b646fb9525f6819556e7d588aa5139af40fd4b349413e46b0076aa","signature_hex":"d374fde5902503d9c49b60f1faddaac6d7c2e4352204f727409e95956454317619b4d980f050c4f118069d0d6fd28b4848b5fae22e9dd8dfee75b0716310fb03","public_key_hex":"c2f8243b0d573587f285c830a868acd19249d17d59ecbf9329e796dfed6fb630"}
{"seq":123,"ts":1781842320000,"agent_id":"rl-qlearn","symbol":"SOLUSDT","side":"buy","price":69.11272898184,"quantity":28.93822931699772,"notional_usd":2000.0,"fee_usd":1.2,"balance_before_usd":9811.041563043183,"balance_after_usd":9809.24170301319,"decision":"ALLOW_CAPPED","cert_hash":"e7739f7c7ffc2a174daa9e1523c635657333245407e3b645099029468b8bd0b0","prev_hash":"567e15cba2b646fb9525f6819556e7d588aa5139af40fd4b349413e46b0076aa","record_hash":"27057af76c45ce9358694ceb416c30d742fb9478a10f43aea0a0a18f14d19107","signature_hex":"98a17a52ac00b8cc722e76304ed7bb3970e6939100b3a1ed3218c2ecb6db32ee9b04481c3a109eb6c6ce16aaeb46067e08d80c4c8094dfbe9b569740baf1b70e","public_key_hex":"c2f8243b0d573587f285c830a868acd19249d17d59ecbf9329e796dfed6fb630"}
{"seq":124,"ts":1781842380000,"agent_id":"rl-qlearn","symbol":"SOLUSDT","side":"sell","price":69.0652871494047,"quantity":28.90961536901697,"notional_usd":1996.65088684,"fee_usd":1.197990532104,"balance_before_usd":9809.068297325772,"balance_after_usd":9807.271506249761,"decision":"ALLOW","cert_hash":"a3f320df064cdfc93731ff481d78d1e599b4068c0ced6cfbd6b14815686556cf","prev_hash":"27057af76c45ce9358694ceb416c30d742fb9478a10f43aea0a0a18f14d19107","record_hash":"2fe38963a28440cb7f66f426f0e795fffae4633bd2c2b0fc64ca683bb1493cc0","signature_hex":"82cda2d10800fda06eef61c4d5a2d8eee815fc787543d7970ba288036fb27b90ba8d87a44b9ca914b2fb841a1e0e435c3cc1e45abd2941cb887837decd2c4a0f","public_key_hex":"c2f8243b0d573587f285c830a868acd19249d17d59ecbf9329e796dfed6fb630"}
{"seq":125,"ts":1781844780000,"agent_id":"rl-qlearn","symbol":"SOLUSDT","side":"buy","price":68.30248596564,"quantity":29.28151108593782,"notional_usd":2000.0,"fee_usd":1.2,"balance_before_usd":9807.278474892339,"balance_after_usd":9805.478614862344,"decision":"ALLOW_CAPPED","cert_hash":"2225bd6579fd2d107033b4e868119d7ebff66499e34ec4ffc45c4e61fdaf6b08","prev_hash":"2fe38963a28440cb7f66f426f0e795fffae4633bd2c2b0fc64ca683bb1493cc0","record_hash":"8980c3ac4b42b4dae6081053d089c475c185ef93b81e23d4a173995a3bdb7683","signature_hex":"46003af23a3cee114206d0dba0d12747c0a5b79bd8e6f0c4a429317d668419f0400234bda93377a6b0c8fa5bb93430dc8d0fd6015bec8be417a95c3ce6a1ec0e","public_key_hex":"c2f8243b0d573587f285c830a868acd19249d17d59ecbf9329e796dfed6fb630"}
{"seq":126,"ts":1781844840000,"agent_id":"rl-qlearn","symbol":"SOLUSDT","side":"buy","price":68.29648416551998,"quantity":29.284084304440896,"notional_usd":2000.0,"fee_usd":1.2,"balance_before_usd":9805.302977800624,"balance_after_usd":9803.50311777063,"decision":"ALLOW_CAPPED","cert_hash":"fefa3870dc5211d3598c299adbf5a1903f8baf8448cb0f555c97cd213fe0b889","prev_hash":"8980c3ac4b42b4dae6081053d089c475c185ef93b81e23d4a173995a3bdb7683","record_hash":"88944261fe244e02e51c640a0b3a9854528c25b45b2fe4866b5989c77bc4ce43","signature_hex":"6643b1d8538e051237036a13fa1217180ff81de137d13ffedb964ec27bb0174a41e7b1376c3152663edf996ca9dd992f214b8a0f48f4df7be8afa5481c7afd0c","public_key_hex":"c2f8243b0d573587f285c830a868acd19249d17d59ecbf9329e796dfed6fb630"}
{"seq":127,"ts":1781844900000,"agent_id":"rl-qlearn","symbol":"SOLUSDT","side":"sell","price":68.17354316388001,"quantity":29.336893862070063,"notional_usd":2000.0,"fee_usd":1.2,"balance_before_usd":9798.701449680822,"balance_after_usd":9796.901309650817,"decision":"ALLOW_CAPPED","cert_hash":"d84385dec968aaa1ca35fee0f41e6eaa3b7fae9bbf5a9322fea5bff168a23908","prev_hash":"88944261fe244e02e51c640a0b3a9854528c25b45b2fe4866b5989c77bc4ce43","record_hash":"4a49ca28d4b4304a807d6813597ed397b94242326d7fd6f52cd37a17ef68affe","signature_hex":"91c743238cfbfcd7d04a458da72d9239ad01afccfa82ce19eb6c96b15bc3ea612ed14db057ec36012ed7fe0f45dfa20aa37cd5864e454e595057cc15c96abf02","public_key_hex":"c2f8243b0d573587f285c830a868acd19249d17d59ecbf9329e796dfed6fb630"}
{"seq":128,"ts":1781844960000,"agent_id":"rl-qlearn","symbol":"SOLUSDT","side":"sell","price":68.23054552639975,"quantity":29.22879378149435,"notional_usd":1994.29654479,"fee_usd":1.196577926874,"balance_before_usd":9798.566851592375,"balance_after_usd":9796.77241407473,"decision":"ALLOW","cert_hash":"488ac217f9f57ff14f3c26ccb01df864f20642c7b26de0ac66e5769ad2667c01","prev_hash":"4a49ca28d4b4304a807d6813597ed397b94242326d7fd6f52cd37a17ef68affe","record_hash":"f3301ed73683b1a708f0cfb077f93217313818a4610b4af77c160521f37ff39e","signature_hex":"1f218b32f48cd2f3f88d18937490909d7c4fff0a7f0aaddef7700140dde134c78b6eba2d3c86775d503566d731b599cae31a0b603234ba4ac5a6b81247e1c109","public_key_hex":"c2f8243b0d573587f285c830a868acd19249d17d59ecbf9329e796dfed6fb630"}
{"seq":129,"ts":1781845020000,"agent_id":"rl-qlearn","symbol":"SOLUSDT","side":"buy","price":68.30948806578,"quantity":29.278509569184,"notional_usd":2000.0,"fee_usd":1.2,"balance_before_usd":9796.772081205405,"balance_after_usd":9794.97222117541,"decision":"ALLOW_CAPPED","cert_hash":"0e086baf4939caf0c19f6a15b70597545227c3c3dba5c4b7051dde66fe8da1db","prev_hash":"f3301ed73683b1a708f0cfb077f93217313818a4610b4af77c160521f37ff39e","record_hash":"93727e3c38ef82454dc5b000f1ca94e5f35cdcebc39b098d419abf15ebfa0a84","signature_hex":"55635592bdd5996428adc83662799e54c60086b5840e630ddd4215310cdbe871f64d39ddcd8465175157a7030bdd3b010eefc9246ba60dc24566526661386702","public_key_hex":"c2f8243b0d573587f285c830a868acd19249d17d59ecbf9329e796dfed6fb630"}
{"seq":130,"ts":1781845080000,"agent_id":"rl-qlearn","symbol":"SOLUSDT","side":"sell","price":68.2945068663,"quantity":29.28493215296796,"notional_usd":2000.0,"fee_usd":1.2,"balance_before_usd":9795.733234671514,"balance_after_usd":9793.933094641507,"decision":"ALLOW_CAPPED","cert_hash":"051a0e79d6e34b561c14ae8142d538ed93b4856f2b2ed269b09476319169bdb9","prev_hash":"93727e3c38ef82454dc5b000f1ca94e5f35cdcebc39b098d419abf15ebfa0a84","record_hash":"8f566d8133c31bd8462adc959a023ecc8b5b843e760065061014a828529b86c6","signature_hex":"17b57edc8c5737175089f8a7f0fe7bf0a821bb663cb2e19303f79ead2c942e715184ca83fca4d7adf30079786d77b9506601e85b6e47776067db23326c9df804","public_key_hex":"c2f8243b0d573587f285c830a868acd19249d17d59ecbf9329e796dfed6fb630"}
{"seq":131,"ts":1781845740000,"agent_id":"rl-qlearn","symbol":"SOLUSDT","side":"buy","price":68.72861377416,"quantity":29.099961285003292,"notional_usd":2000.0,"fee_usd":1.2,"balance_before_usd":9793.927127996481,"balance_after_usd":9792.127267966487,"decision":"ALLOW_CAPPED","cert_hash":"1164880c8a86858ec5216e404e32d2357750cbbc62476971f81ed7bdbe0d682e","prev_hash":"8f566d8133c31bd8462adc959a023ecc8b5b843e760065061014a828529b86c6","record_hash":"2ba7e126ff32bd80621b015c562b654c28e8ee6fc6a1e72fce020c66b8faea75","signature_hex":"436e2a9e69369542fd731ffff66fe40cc38502f5d51ca6384a98de3471a1fa11601e3a9119fdaa2ea8365479cc84fb8d2b09c27a51d77e60decf964b67c5f500","public_key_hex":"c2f8243b0d573587f285c830a868acd19249d17d59ecbf9329e796dfed6fb630"}
{"seq":132,"ts":1781845800000,"agent_id":"rl-qlearn","symbol":"SOLUSDT","side":"sell","price":68.61042539439613,"quantity":29.093500803203533,"notional_usd":1996.11746632,"fee_usd":1.197670479792,"balance_before_usd":9789.887739984862,"balance_after_usd":9788.091482200407,"decision":"ALLOW","cert_hash":"d3c14046a430b6a05fdd0d2dd763f2759304179e12713f11cf6c6fac4738e48e","prev_hash":"2ba7e126ff32bd80621b015c562b654c28e8ee6fc6a1e72fce020c66b8faea75","record_hash":"4785d7efd27ad9c320c60c7e556b9c36394245f96d858bb81123dd4628ede31f","signature_hex":"5e58c7a8e2d2dfcf1b09bf41d89498c7b5400654c8eb36be414e0d834d9bc66a92bcdb3de68a8284dfa0e170d7f16a91561fedb99e7ea27f02788bab54bfab0e","public_key_hex":"c2f8243b0d573587f285c830a868acd19249d17d59ecbf9329e796dfed6fb630"}
