{"seq":0,"ts":1781817180000,"agent_id":"swarm","symbol":"SOLUSDT","side":"buy","price":69.59211347751514,"quantity":13.20754652072709,"notional_usd":919.14107623,"fee_usd":0.5514846457379999,"balance_before_usd":10000.0,"balance_after_usd":9999.22248830385,"decision":"ALLOW","cert_hash":"400be7d9c08eeccbf7b74b9872c1cc17635d0e99c81efe769c3b48c4aad76118","prev_hash":"0000000000000000000000000000000000000000000000000000000000000000","record_hash":"32a334d75e2e888ba973a04b73f21b0d6d83eb5afbe424aa3d7e3e70dd46c563","signature_hex":"cb0a8befbe9ea58a94a7f5c63f607418cbbcce243dfcbcb8606887c9a46021faa8eb0d46afcdf0970e868cb0619a7f9a996b1d78f30fe835fabedcd769bbff04","public_key_hex":"c2f8243b0d573587f285c830a868acd19249d17d59ecbf9329e796dfed6fb630"}
{"seq":1,"ts":1781817420000,"agent_id":"swarm","symbol":"SOLUSDT","side":"sell","price":69.56188817219038,"quantity":13.210795501916627,"notional_usd":918.96787937,"fee_usd":0.551380727622,"balance_before_usd":9999.275318489932,"balance_after_usd":9998.497876904454,"decision":"ALLOW","cert_hash":"0e266f0ecb3b22c476d63509220a03909c0143b8f1fd6b1476c34dc7b5b1973b","prev_hash":"32a334d75e2e888ba973a04b73f21b0d6d83eb5afbe424aa3d7e3e70dd46c563","record_hash":"f30ce60d8f1937d5423367c766305e70ba71f1f971bb3de45282e1283923857e","signature_hex":"1b1940dc88b3d72e72fc3860b6f0c84bb615e60b708842cf97fa706b30344a304a231280659b9d57188432d321550546635c5927bfce692fc2d6e948860b000c","public_key_hex":"c2f8243b0d573587f285c830a868acd19249d17d59ecbf9329e796dfed6fb630"}
{"seq":2,"ts":1781818980000,"agent_id":"swarm","symbol":"SOLUSDT","side":"buy","price":69.43681732314693,"quantity":12.166601108146997,"notional_usd":844.81005859,"fee_usd":0.506886035154,"balance_before_usd":9998.498393492464,"balance_after_usd":9997.786897794875,"decision":"ALLOW","cert_hash":"2531ee24783f2665b6e6ed8071b24e67b89ddb0c8e70cf7dba346f0ddc33ed9f","prev_hash":"f30ce60d8f1937d5423367c766305e70ba71f1f971bb3de45282e1283923857e","record_hash":"a169ed47a37d59dd1534ce07ff2e6428450c3e29c7363323cf609bac6520c680","signature_hex":"602c20fa569eec008e10e1db0b3d170b2cbdf6ea8063e50829f2415437ce264196a5a5ede82acb278f1abd0623e34ccb0759ec4aa2d27c8c8161e2c08965110c","public_key_hex":"c2f8243b0d573587f285c830a868acd19249d17d59ecbf9329e796dfed6fb630"}
{"seq":3,"ts":1781819040000,"agent_id":"swarm","symbol":"SOLUSDT","side":"sell","price":69.47416594778196,"quantity":12.166299387966749,"notional_usd":845.24350265,"fee_usd":0.5071461015900001,"balance_before_usd":9998.650495795888,"balance_after_usd":9997.9385415751,"decision":"ALLOW","cert_hash":"b7de9d52c7e31e946a98c502ce6224bcbb0ea79b6d3f3e81b68462bd2f1680fb","prev_hash":"a169ed47a37d59dd1534ce07ff2e6428450c3e29c7363323cf609bac6520c680","record_hash":"76264218b460e8fd26a18a97e7ff3b0135b0f1eb4d7a1cf474658e6056c5b10e","signature_hex":"291e560a6c927ba2111403e3255ee4a64d8b1ad2989885895f32f395d67a63d7a675b746a357fe4cfcbfb4fba9e714f1e42b64aefa954ffff9379e8aa5f9d90a","public_key_hex":"c2f8243b0d573587f285c830a868acd19249d17d59ecbf9329e796dfed6fb630"}
{"seq":4,"ts":1781823000000,"agent_id":"swarm","symbol":"SOLUSDT","side":"sell","price":69.50186717112888,"quantity":13.370229371420592,"notional_usd":929.25590582,"fee_usd":0.5575535434919999,"balance_before_usd":9997.938459051793,"balance_after_usd":9997.151835656512,"decision":"ALLOW","cert_hash":"ec84914780bc0c54493e8b6936ce19fd90833b763ed1dc4604a810cebcb6bee0","prev_hash":"76264218b460e8fd26a18a97e7ff3b0135b0f1eb4d7a1cf474658e6056c5b10e","record_hash":"e486ca13436eda12a90e9da672a8e7f577cd8a110d0aad9209d153053d3f7317","signature_hex":"f9c6e8f78d0cb184423940edd2ba2dce9176556cfa540ba5e7e95c27a5770c3174ebaad3cf23018ecf3cc7dc56bb0571186ab505b66e8abd239c54b5e702c10d","public_key_hex":"c2f8243b0d573587f285c830a868acd19249d17d59ecbf9329e796dfed6fb630"}
{"seq":5,"ts":1781823240000,"agent_id":"swarm","symbol":"SOLUSDT","side":"buy","price":69.52113197916256,"quantity":13.36988110231856,"notional_usd":929.48926866,"fee_usd":0.557693561196,"balance_before_usd":9997.352433305998,"balance_after_usd":9996.565687220353,"decision":"ALLOW","cert_hash":"80b5fd873c37f0f80b0ce17830fed9b9f20562f51d3f4a5bbfae4e5ef8e42810","prev_hash":"e486ca13436eda12a90e9da672a8e7f577cd8a110d0aad9209d153053d3f7317","record_hash":"e6a12da0afee627d071dcee31a0e67ad7318d838648c8a302bac6b4df590c774","signature_hex":"3107d0edbb327b7cf4ec139275991bd27d3c3cb59def19e7ef0277b358244e99a0e64d49f8ea692eb6aa68daa0e500c8f7967cce24810517e4a79f86b497d60f","public_key_hex":"c2f8243b0d573587f285c830a868acd19249d17d59ecbf9329e796dfed6fb630"}
{"seq":6,"ts":1781825280000,"agent_id":"swarm","symbol":"SOLUSDT","side":"sell","price":69.4600360418053,"quantity":12.721257674530777,"notional_usd":883.61901657,"fee_usd":0.530171409942,"balance_before_usd":9996.565776199666,"balance_after_usd":9995.81980190635,"decision":"ALLOW","cert_hash":"b7e97d92d00f2e4fc6cc02073c1b6b87091cbf101e15356a346d7ff3bfb8255e","prev_hash":"e6a12da0afee627d071dcee31a0e67ad7318d838648c8a302bac6b4df590c774","record_hash":"4c35b1877837548e4e2ddf3d44e82184e5e93eb9d7ee4579c2a8c91ef1d2a86f","signature_hex":"ea40392495803eb081400f82fd545c1d9537dec2a9f3871d83fbb568def100bcec350840154bc27cb9982414ae30ef392fffbd32b2cbff7cbb39521c880ac00b","public_key_hex":"c2f8243b0d573587f285c830a868acd19249d17d59ecbf9329e796dfed6fb630"}
{"seq":7,"ts":1781825400000,"agent_id":"swarm","symbol":"SOLUSDT","side":"sell","price":69.58408591878927,"quantity":4.109354711129262,"notional_usd":285.94569129,"fee_usd":0.171567414774,"balance_before_usd":9994.267406415383,"balance_after_usd":9994.034551750723,"decision":"ALLOW","cert_hash":"224e88feeaee61decbe2cd79663db61a795f80de6f0db7c9accb420c5dfc1c1a","prev_hash":"4c35b1877837548e4e2ddf3d44e82184e5e93eb9d7ee4579c2a8c91ef1d2a86f","record_hash":"50f07e5adda4b52078b755a2d32f69e2a8fde72d337619c4e1ff8336904c0250","signature_hex":"7d91e0158cca8916aed3726163e800c7613dbbfcb2b11786098372827d3d681e1497445611195184b3a61ab03a865d19fbbe31b8324118db86d5baa70a8bcd02","public_key_hex":"c2f8243b0d573587f285c830a868acd19249d17d59ecbf9329e796dfed6fb630"}
{"seq":8,"ts":1781825640000,"agent_id":"swarm","symbol":"SOLUSDT","side":"buy","price":69.57895535258028,"quantity":4.304594109415484,"notional_usd":299.50916135,"fee_usd":0.17970549681,"balance_before_usd":9994.623738527776,"balance_after_usd":9994.379656308343,"decision":"ALLOW","cert_hash":"07a717a3d4b7c0d202205009c634a6f7b65d29c229110f866caddbd5cd2171e6","prev_hash":"50f07e5adda4b52078b755a2d32f69e2a8fde72d337619c4e1ff8336904c0250","record_hash":"4437aee23d826c3cd71a49f6760d3dae533f37f4e87c513d901963ef466b266a","signature_hex":"027637f99f3f9f88aed3dba18df1a82b11324c5d8197a076c6bf9ff19950c2f44f30f5a74e856cab8de226c1a4644893bf55a4a5770e542e8e0d80ed4e0f8908","public_key_hex":"c2f8243b0d573587f285c830a868acd19249d17d59ecbf9329e796dfed6fb630"}
{"seq":9,"ts":1781825700000,"agent_id":"swarm","symbol":"SOLUSDT","side":"buy","price":69.56694133993751,"quantity":12.526262596077833,"notional_usd":871.41377523,"fee_usd":0.522848265138,"balance_before_usd":9994.555066701632,"balance_after_usd":9993.820006763708,"decision":"ALLOW","cert_hash":"ae3867e4aab3540d1f9febc1d6f2cf478c0532e6dfaef04bd32baec51f555fb9","prev_hash":"4437aee23d826c3cd71a49f6760d3dae533f37f4e87c513d901963ef466b266a","record_hash":"cac36dde8216fd862392c779bf80492ef53a6d1554d5a3c50f6ac296740350ef","signature_hex":"65764ba9612809e048252be55609de9834dfe97ba24d7111073fe38e313ce600e6f3f651729536848b93c4260f4ced1c7c3db2645aed476865fd895b97179606","public_key_hex":"c2f8243b0d573587f285c830a868acd19249d17d59ecbf9329e796dfed6fb630"}
{"seq":10,"ts":1781829000000,"agent_id":"swarm","symbol":"SOLUSDT","side":"sell","price":69.79484452918938,"quantity":13.110627996130988,"notional_usd":915.05424267,"fee_usd":0.549032545602,"balance_before_usd":9993.819207346614,"balance_after_usd":9993.045255805117,"decision":"ALLOW","cert_hash":"79bb552d14af4b7d4a7cf68fe691009bc4daeae68aa09a787b23b6811e105e6d","prev_hash":"cac36dde8216fd862392c779bf80492ef53a6d1554d5a3c50f6ac296740350ef","record_hash":"8291cdaed3007737ed5aafc31de0589df0b92ce965831f2050f6e1c71cbddf3f","signature_hex":"0ce61feb00e92063a124c67c9b0c873b4e3435f946a1a7107dd80f8af2d7b6b5b6308ccc85a0716bf5ccac435bc86811e6b81f7a0c4786ca366241334ce8060d","public_key_hex":"c2f8243b0d573587f285c830a868acd19249d17d59ecbf9329e796dfed6fb630"}
{"seq":11,"ts":1781829180000,"agent_id":"swarm","symbol":"SOLUSDT","side":"buy","price":69.84216282515959,"quantity":13.110456686203111,"notional_usd":915.66265059,"fee_usd":0.549397590354,"balance_before_usd":9992.874777975434,"balance_after_usd":9992.100367909212,"decision":"ALLOW","cert_hash":"5c7fa747c5d1a8fa50c41fb66fc0972a2c8d03821683ccb4fe90caf25c29198b","prev_hash":"8291cdaed3007737ed5aafc31de0589df0b92ce965831f2050f6e1c71cbddf3f","record_hash":"4ee4a7ed75ccf0bea94434058aa42a14c6728e5cd7a2e8c0d6538b5ce030e23a","signature_hex":"0a87028db3fd281b9d74bf6c5c3704de6c42479cb159dd05891f232116d763d916b7e029dc84c9421de84b2f13f9c2bef2b1c17beced88cb1ddf271acc06f30e","public_key_hex":"c2f8243b0d573587f285c830a868acd19249d17d59ecbf9329e796dfed6fb630"}
{"seq":12,"ts":1781829240000,"agent_id":"swarm","symbol":"SOLUSDT","side":"sell","price":69.80790990694523,"quantity":12.826785332401352,"notional_usd":895.41107488,"fee_usd":0.537246644928,"balance_before_usd":9992.100367909212,"balance_after_usd":9991.343910309359,"decision":"ALLOW","cert_hash":"10e2e4eed0895e3cbed205dafdfdfe7ffd9da8c95669fab898ba0b06c28df033","prev_hash":"4ee4a7ed75ccf0bea94434058aa42a14c6728e5cd7a2e8c0d6538b5ce030e23a","record_hash":"a4f4befbbdf445dec842ff1f52a73445283fae1cad2e5ba010ce7ef815daf437","signature_hex":"28160d739755ac79a2dcf7908c04817e125a272c99150c7ff1ada2f425c51861851f8eaf87acfaccd7f241c0a7000156831a6e798e97c8fa152d342a18663d09","public_key_hex":"c2f8243b0d573587f285c830a868acd19249d17d59ecbf9329e796dfed6fb630"}
{"seq":13,"ts":1781829420000,"agent_id":"swarm","symbol":"SOLUSDT","side":"buy","price":69.84409424503723,"quantity":12.826867725951745,"notional_usd":895.88095832,"fee_usd":0.537528574992,"balance_before_usd":9991.318250293654,"balance_after_usd":9990.561456098694,"decision":"ALLOW","cert_hash":"2eb87a7690ed5f3706850c27356d6a1fa77577d0bf08ad17ccb058510c1d6512","prev_hash":"a4f4befbbdf445dec842ff1f52a73445283fae1cad2e5ba010ce7ef815daf437","record_hash":"f26a7542573aad83b0024a19ac74cbb90c52db96e7cc66eac88007394622c3a3","signature_hex":"7633fe8258229e1b858e3b3f6d50e17e00247c5e0e9bc34d0253de3d5c7a1cd15021d49b03869c790418cc5b7f03770eccaa9cdfd5ef8dcf5b8e5e073c723b0e","public_key_hex":"c2f8243b0d573587f285c830a868acd19249d17d59ecbf9329e796dfed6fb630"}
{"seq":14,"ts":1781831160000,"agent_id":"swarm","symbol":"SOLUSDT","side":"sell","price":69.90902747827776,"quantity":12.226020612367645,"notional_usd":854.70921094,"fee_usd":0.512825526564,"balance_before_usd":9990.561145226155,"balance_after_usd":9989.84081329917,"decision":"ALLOW","cert_hash":"cde2bd005360b3563ad8a0fe909392241730bdf0a934b9ca196b12df9ccc9664","prev_hash":"f26a7542573aad83b0024a19ac74cbb90c52db96e7cc66eac88007394622c3a3","record_hash":"32b051b939906343295a79551d14af88640b629b944618088a5f0323808352ad","signature_hex":"c59f3519c565aeb685565e14df574d5ed38b0d0674e132fe6d7f114a6986517274beac0edb3e93e86c5ec4a4999a481aa5bb68f3af0532b9eb4d04a7362c1e0c","public_key_hex":"c2f8243b0d573587f285c830a868acd19249d17d59ecbf9329e796dfed6fb630"}
{"seq":15,"ts":1781831220000,"agent_id":"swarm","symbol":"SOLUSDT","side":"buy","price":69.91396773134652,"quantity":12.226192789752819,"notional_usd":854.78164818,"fee_usd":0.512868988908,"balance_before_usd":9990.195458960601,"balance_after_usd":9989.475139217047,"decision":"ALLOW","cert_hash":"aa13b820a497481249dcf14f42ab519e9198b57621a5d9380b610ca914d9cef1","prev_hash":"32b051b939906343295a79551d14af88640b629b944618088a5f0323808352ad","record_hash":"90cf0384052aca5e973520904c687a768c021fc2d3174882aebf8aed62657b36","signature_hex":"bda84a78b6046ae3f9a67b0f0bb368fbbdf083284adf71643068a5186feded6f0f9af9fae13ac5cd32d88eeea2fb1884e11b9b38c00d1507c5ee36b09804530a","public_key_hex":"c2f8243b0d573587f285c830a868acd19249d17d59ecbf9329e796dfed6fb630"}
{"seq":16,"ts":1781832720000,"agent_id":"swarm","symbol":"SOLUSDT","side":"buy","price":69.60084591740986,"quantity":12.09194761783033,"notional_usd":841.60978299,"fee_usd":0.504965869794,"balance_before_usd":9989.476068185168,"balance_after_usd":9988.767402364481,"decision":"ALLOW","cert_hash":"51557050a6a73aa7e5b743878324b3fdc1daec8235baf9a962341bfa0ac8bb81","prev_hash":"90cf0384052aca5e973520904c687a768c021fc2d3174882aebf8aed62657b36","record_hash":"9831fd719c588eaae487c97915c2b2503ff8fd05599e079f6c74d416ba2eeae8","signature_hex":"6d905c6c18d6d9a84fa12caad8561ebc4b03425976e46501876417887f13e920ccbe5f820adfc49e5ac12f84b114ea34edccef7b8694ad78482f2645a4a6a309","public_key_hex":"c2f8243b0d573587f285c830a868acd19249d17d59ecbf9329e796dfed6fb630"}
{"seq":17,"ts":1781832840000,"agent_id":"swarm","symbol":"SOLUSDT","side":"sell","price":69.55216174838381,"quantity":12.091906353716501,"notional_usd":841.01822656,"fee_usd":0.504610935936,"balance_before_usd":9988.586067669454,"balance_after_usd":9987.877850171813,"decision":"ALLOW","cert_hash":"2a918ee93060e7a2c96d39e6f30f0e2fa29cedd9997c5912c7375f14198d7029","prev_hash":"9831fd719c588eaae487c97915c2b2503ff8fd05599e079f6c74d416ba2eeae8","record_hash":"62d9bf7144448d903728e38b3db26a1fe5ed7251df656d2e669c3b0f502af0d0","signature_hex":"4b378b524aaf80652bd759fabad2e03b1d8050ed8b3c036c2578338b43f2a22c5c6a219f88aefe10a80eef2b287d4a428cdc7c300d3fdbe32854df1086e4880f","public_key_hex":"c2f8243b0d573587f285c830a868acd19249d17d59ecbf9329e796dfed6fb630"}
{"seq":18,"ts":1781833680000,"agent_id":"swarm","symbol":"SOLUSDT","side":"sell","price":69.78511211836803,"quantity":12.023765529627157,"notional_usd":839.07982557,"fee_usd":0.503447895342,"balance_before_usd":9987.877168254172,"balance_after_usd":9987.170664429796,"decision":"ALLOW","cert_hash":"6c6f45f896007a4072f9e4d1b4e815bddb5110940c63df9b029bbbd187c0c59c","prev_hash":"62d9bf7144448d903728e38b3db26a1fe5ed7251df656d2e669c3b0f502af0d0","record_hash":"79ff05d9226535aefe128c1898df9b19cc24597fdfb70cd64915e665a9de37f5","signature_hex":"701ac2d0c6705c710506ec7ad77fe4a970a1360e2be2f8c72363dc21915cdaae7af9627c40cb67346f41fd4da0e21423096e8812b20542d65721ce2b5e12580f","public_key_hex":"c2f8243b0d573587f285c830a868acd19249d17d59ecbf9329e796dfed6fb630"}
{"seq":19,"ts":1781833920000,"agent_id":"swarm","symbol":"SOLUSDT","side":"buy","price":69.8278938409341,"quantity":12.023782531986054,"notional_usd":839.59541021,"fee_usd":0.5037572461259999,"balance_before_usd":9987.062424199861,"balance_after_usd":9986.355539084214,"decision":"ALLOW","cert_hash":"40d765dd1fb3246e189fcee694f80090a215301f67f6f0229c507424b52a293a","prev_hash":"79ff05d9226535aefe128c1898df9b19cc24597fdfb70cd64915e665a9de37f5","record_hash":"e5e70a65882bda05c6f5cb85876f71a4e36915addaf3290ea1d9ac14151789ef","signature_hex":"6d73b9fca85954ac8f40862ea216f022582625e8b979957a6f7d65405ec96e5252d706bee869a04ae2e12f748d25b2f03e651739d7801eaadda3b34ce0f06d09","public_key_hex":"c2f8243b0d573587f285c830a868acd19249d17d59ecbf9329e796dfed6fb630"}
{"seq":20,"ts":1781833980000,"agent_id":"swarm","symbol":"SOLUSDT","side":"sell","price":69.85294037842532,"quantity":12.648498800243596,"notional_usd":883.53483257,"fee_usd":0.530120899542,"balance_before_usd":9986.355367412929,"balance_after_usd":9985.609467910366,"decision":"ALLOW","cert_hash":"e1ac6777ec4915a81428d5548b369d0a2e9acdba2ab74779d3a44bb9aeb52dcf","prev_hash":"e5e70a65882bda05c6f5cb85876f71a4e36915addaf3290ea1d9ac14151789ef","record_hash":"ab11a3dbb458cfbc37eea7fca620a68a748ab6fe0cb7ad50ffbb924995bad59d","signature_hex":"924562f0f0eaead337f4c3e4e37432a8326c86b0a92f5f2cfcbdd68062b9269f5710364d315361c6d813e1a70352f035df7d08194c7e7cbf615de8d9a7ff5408","public_key_hex":"c2f8243b0d573587f285c830a868acd19249d17d59ecbf9329e796dfed6fb630"}
{"seq":21,"ts":1781834460000,"agent_id":"swarm","symbol":"SOLUSDT","side":"buy","price":69.92307348422858,"quantity":12.648319322226046,"notional_usd":884.40936142,"fee_usd":0.530645616852,"balance_before_usd":9985.154017204977,"balance_after_usd":9984.40742070766,"decision":"ALLOW","cert_hash":"2f47c357985177f2e89d23dafa4fb62e0db737c3748f228cc9e95423a4312a1c","prev_hash":"ab11a3dbb458cfbc37eea7fca620a68a748ab6fe0cb7ad50ffbb924995bad59d","record_hash":"6ed58f7f315bfa39abd6ae7149aa4af74779c5ed7b6cc098e0343cd7066ff5f7","signature_hex":"950608198a9aa6ee152577a46858ff26bb5e5d8ef1008ef3c5e194ddd5764f4440b1fa69fc7875f595f7c10d18ece9a1724a957650900d80da6c895548ed1000","public_key_hex":"c2f8243b0d573587f285c830a868acd19249d17d59ecbf9329e796dfed6fb630"}
{"seq":22,"ts":1781835420000,"agent_id":"swarm","symbol":"SOLUSDT","side":"buy","price":69.7102494290846,"quantity":13.62530100062608,"notional_usd":949.8231313,"fee_usd":0.56989387878,"balance_before_usd":9984.408078698913,"balance_after_usd":9983.603156156767,"decision":"ALLOW","cert_hash":"e00e9c731692a1a36a8c3f114f6bb146bf8965716236d2d7b69ec4bf4d698630","prev_hash":"6ed58f7f315bfa39abd6ae7149aa4af74779c5ed7b6cc098e0343cd7066ff5f7","record_hash":"f56fa55b7007c027630deee0f7c2670b4ac99c78e9955bbc8fc0834629d407d7","signature_hex":"21c406e1f6a67cb2d8a25b87122ebeb0593618a7d674db5c1152dd31488d4cd0f34b4c677efc53148db2fdbda982f777f4d9414f2e22da293ae634db08b3e30d","public_key_hex":"c2f8243b0d573587f285c830a868acd19249d17d59ecbf9329e796dfed6fb630"}
{"seq":23,"ts":1781835780000,"agent_id":"swarm","symbol":"SOLUSDT","side":"sell","price":69.4788122681652,"quantity":13.625581714985183,"notional_usd":946.68923402,"fee_usd":0.5680135404119999,"balance_before_usd":9980.919580424325,"balance_after_usd":9980.1173740393,"decision":"ALLOW","cert_hash":"4beb9b6a1a323464700b3a8b4f6dd3d1ad1d59a7794fbb7079730cca186223ff","prev_hash":"f56fa55b7007c027630deee0f7c2670b4ac99c78e9955bbc8fc0834629d407d7","record_hash":"3aa42726a9cb2e69b3cdb27d7865b2fe5c06fbdefb389a04841c9b79bce236b4","signature_hex":"faf507bc79e118773eff71c674de5d78536b103445c7c55d15bee06a0906b646c306c7b5ac126037d18291bf95264a1f234732e882717c182434cc4e9e7aec01","public_key_hex":"c2f8243b0d573587f285c830a868acd19249d17d59ecbf9329e796dfed6fb630"}
{"seq":24,"ts":1781837640000,"agent_id":"swarm","symbol":"SOLUSDT","side":"sell","price":69.62010635939508,"quantity":12.240721375097374,"notional_usd":852.20032405,"fee_usd":0.51132019443,"balance_before_usd":9980.116898886901,"balance_after_usd":9979.398788344815,"decision":"ALLOW","cert_hash":"51418bf889a50eb4fe0df854d5749a22e3e0683a4111f3de704acee9558828fe","prev_hash":"3aa42726a9cb2e69b3cdb27d7865b2fe5c06fbdefb389a04841c9b79bce236b4","record_hash":"53c2e30f1ecdaebbe1341dc8c0e665ce08530ec0ba22d5b721550137ee289f4b","signature_hex":"8138d3efd04bfb75d4d6b03653255ff12ff95789a12f5f97e8f634112554b2f23db3d1647d94231aaae658df012f75565edfa401a571d1b557fec24b57eeaf0e","public_key_hex":"c2f8243b0d573587f285c830a868acd19249d17d59ecbf9329e796dfed6fb630"}
{"seq":25,"ts":1781838060000,"agent_id":"swarm","symbol":"SOLUSDT","side":"buy","price":69.68490600838933,"quantity":12.241120754576396,"notional_usd":853.02134922,"fee_usd":0.511812809532,"balance_before_usd":9979.019221516057,"balance_after_usd":9978.300460216353,"decision":"ALLOW","cert_hash":"8520da26dd066ea58e09fadbe6340453662bbea4dcc25d7d712be8724b5b12f3","prev_hash":"53c2e30f1ecdaebbe1341dc8c0e665ce08530ec0ba22d5b721550137ee289f4b","record_hash":"1b75e19897d19bf7bb4c83d0d56580b0e14e88b13e25c75a12a115da326dc7a7","signature_hex":"d5cd59fe3d09039ad16b6153a1a200c985b4bc25baa747d2ae5ff336fb25cd5610eeea801ba9ecf420f21faea63542d97385e450f241f7571a246a9e45338203","public_key_hex":"c2f8243b0d573587f285c830a868acd19249d17d59ecbf9329e796dfed6fb630"}
{"seq":26,"ts":1781838780000,"agent_id":"swarm","symbol":"SOLUSDT","side":"buy","price":69.34289887213572,"quantity":12.61704981490996,"notional_usd":874.90280938,"fee_usd":0.524941685628,"balance_before_usd":9978.30147612588,"balance_after_usd":9977.5633205287,"decision":"ALLOW","cert_hash":"38d27ddaabedd4154a1668d065f86a111d16abf27fca92f3b3a4f07b02eb71ae","prev_hash":"1b75e19897d19bf7bb4c83d0d56580b0e14e88b13e25c75a12a115da326dc7a7","record_hash":"94f03e5741bfaff4e809db985064f7912179eef9c55a4c8a43ecf3dd05e95e55","signature_hex":"1d6677c22c6f057da0e04324bb97f6c395307efe14265b3e89e863739cf4778bf3a5304cd3007f337c8e670b1597bec485a3488170df62aada831ec6a2fef80f","public_key_hex":"c2f8243b0d573587f285c830a868acd19249d17d59ecbf9329e796dfed6fb630"}
{"seq":27,"ts":1781838900000,"agent_id":"swarm","symbol":"SOLUSDT","side":"sell","price":68.73426963718829,"quantity":12.617149667227856,"notional_usd":867.23056728,"fee_usd":0.520338340368,"balance_before_usd":9970.310224920151,"balance_after_usd":9969.578797088201,"decision":"ALLOW","cert_hash":"caae71e9187a1a35f6b8b5b9e255be05389f168b66d371a9d0089e3194e91641","prev_hash":"94f03e5741bfaff4e809db985064f7912179eef9c55a4c8a43ecf3dd05e95e55","record_hash":"ed7a0ad1513485701657b9d0dc6c24f34b91f48eca4a36787e019ca8b04d2d93","signature_hex":"8ddbacbcc052a6c7e1055b60516fb55fff9a22c4c437ea7400bd67b7db860b622bbe40662caedf3acb0c83e403a3a4b6bffc0e555c357ee50dac03bcdf92f30c","public_key_hex":"c2f8243b0d573587f285c830a868acd19249d17d59ecbf9329e796dfed6fb630"}
{"seq":28,"ts":1781842620000,"agent_id":"swarm","symbol":"SOLUSDT","side":"sell","price":69.20611609869587,"quantity":12.692617522811004,"notional_usd":878.40676188,"fee_usd":0.527044057128,"balance_before_usd":9969.577347883938,"balance_after_usd":9968.836002925265,"decision":"ALLOW","cert_hash":"4e423950827b493a8869ca26960c5a32211881752be10354fcd18852c9400d07","prev_hash":"ed7a0ad1513485701657b9d0dc6c24f34b91f48eca4a36787e019ca8b04d2d93","record_hash":"a20caa2472c87f4406acc123eea2e3bd3b7bb6240417079d1d958bb85155cc8c","signature_hex":"47a8451fc65db8b2743588dc4cdea46bae9b1d4f641528bf0c0179119e0402f2f391bdea18660bcda4136d9ef733a27ffe9b2165be361d383f74a4551741480e","public_key_hex":"c2f8243b0d573587f285c830a868acd19249d17d59ecbf9329e796dfed6fb630"}
{"seq":29,"ts":1781842680000,"agent_id":"swarm","symbol":"SOLUSDT","side":"buy","price":69.09384535114599,"quantity":12.692592612164615,"notional_usd":876.98003105,"fee_usd":0.52618801863,"balance_before_usd":9970.689573354404,"balance_after_usd":9969.94957415627,"decision":"ALLOW","cert_hash":"ff43992fd387691bb469882302e210dc67c1091438d7ef9487899a42a69e8bab","prev_hash":"a20caa2472c87f4406acc123eea2e3bd3b7bb6240417079d1d958bb85155cc8c","record_hash":"032972ef8386ae60cbfca2770e95ab8accb3591c7ff712b091f5eaa048a99fb4","signature_hex":"4446d6de2e785288c396a70e618b56435c8cf22448a7f7b183e2e706af08153516f24804462f282ab6ecbd6ac161fefe72beb717388031cb8a67b5465331730a","public_key_hex":"c2f8243b0d573587f285c830a868acd19249d17d59ecbf9329e796dfed6fb630"}
{"seq":30,"ts":1781845740000,"agent_id":"swarm","symbol":"SOLUSDT","side":"sell","price":68.69091719265819,"quantity":14.163139422805424,"notional_usd":972.87903728,"fee_usd":0.583727422368,"balance_before_usd":9969.950716306716,"balance_after_usd":9969.125042702231,"decision":"ALLOW","cert_hash":"673ff4056b669f9058d3d20898f8a12cb2edf2b8faad07f90788d6eae0e19049","prev_hash":"032972ef8386ae60cbfca2770e95ab8accb3591c7ff712b091f5eaa048a99fb4","record_hash":"cc8202daeb1adc7db60aebab52ae46d415c0231159c04bbb6c0539912ec8560c","signature_hex":"84a7a1eea0953844bb54483e14e170004ffcf4f332eb3c8e92e16003b284c7ef7320b5ad1a02bc962f0fd5e48f7a904e1bd004e7c66b1d9696bd2705f9f15302","public_key_hex":"c2f8243b0d573587f285c830a868acd19249d17d59ecbf9329e796dfed6fb630"}
{"seq":31,"ts":1781845980000,"agent_id":"swarm","symbol":"SOLUSDT","side":"buy","price":68.67407124872332,"quantity":14.162713187738687,"notional_usd":972.61117453,"fee_usd":0.583566704718,"balance_before_usd":9969.847520670986,"balance_after_usd":9969.022178766843,"decision":"ALLOW","cert_hash":"11584937cdfdbf82998fcaa2346e36a8133e9c7fd301e8b3d77dff51459a388e","prev_hash":"cc8202daeb1adc7db60aebab52ae46d415c0231159c04bbb6c0539912ec8560c","record_hash":"96bbc1ab9fee702918c10d5b593840f33fcb01a20ccf75a9001513c6764da86f","signature_hex":"cbfbed8a7c3121dbca3afeb5ad7a56c8370911454e28fce6ec3baf0f196ec78891bf7dca2df762ec3cf116941ce352cb8bef2b39a25d856f0a95b97aed86b40e","public_key_hex":"c2f8243b0d573587f285c830a868acd19249d17d59ecbf9329e796dfed6fb630"}
{"seq":32,"ts":1781848140000,"agent_id":"swarm","symbol":"SOLUSDT","side":"sell","price":68.59723368316453,"quantity":12.936824688570459,"notional_usd":887.43038628,"fee_usd":0.532458231768,"balance_before_usd":9969.022330191074,"balance_after_usd":9968.272969057733,"decision":"ALLOW","cert_hash":"31f09030aa1c276f9f7192ca2b607e83d7d3c202809da32c2066225a8e540d9f","prev_hash":"96bbc1ab9fee702918c10d5b593840f33fcb01a20ccf75a9001513c6764da86f","record_hash":"7a960ad0c576d87cd2fa25abf6d3d68c7925637c53e0669ee647b8fbadaaf0c7","signature_hex":"ae1456a09aaded25297c465b8fe90c651bd991de979ddabed0527a72bcb6562016cd5b6747221ccbb274474a31bfb60adeec77ae490ec15513ffed5f083bcf0d","public_key_hex":"c2f8243b0d573587f285c830a868acd19249d17d59ecbf9329e796dfed6fb630"}
{"seq":33,"ts":1778439600000,"agent_id":"swarm","symbol":"SOLUSDT","side":"buy","price":96.44559898019997,"quantity":9.276187056121335,"notional_usd":894.64741688,"fee_usd":0.536788450128,"balance_before_usd":10000.0,"balance_after_usd":9999.244302995203,"decision":"ALLOW","cert_hash":"f86bad9bebc93ea01690ac19caf5e705747f6ea62b97bf316d45fed5de61d96a","prev_hash":"7a960ad0c576d87cd2fa25abf6d3d68c7925637c53e0669ee647b8fbadaaf0c7","record_hash":"e70dfa6db1d5a1f1dcf9c4f9572da31e749907a52d979f25f3679c6926ca3b93","signature_hex":"a628bb2f690bbc60327c20d5cc48a30e1c62404af7837cc7e1f14cafd7c61851034b2fe4bdbbffe40c5b3ffb492fe59fa7c37501a91b60edd88b85ef4f58d504","public_key_hex":"c2f8243b0d573587f285c830a868acd19249d17d59ecbf9329e796dfed6fb630"}
{"seq":34,"ts":1778443200000,"agent_id":"swarm","symbol":"SOLUSDT","side":"sell","price":94.4429692049852,"quantity":9.278449140433684,"notional_usd":876.28428644,"fee_usd":0.525770571864,"balance_before_usd":9981.10008111343,"balance_after_usd":9980.360620481357,"decision":"ALLOW","cert_hash":"91403796b55e1c66d2e3cb54b793349962bfa7dc0b68d56e3b3166bbbf1aa190","prev_hash":"e70dfa6db1d5a1f1dcf9c4f9572da31e749907a52d979f25f3679c6926ca3b93","record_hash":"c089beeffddbf5c1914b901a10bd6d98b08c94c466a67d31d7ca25ee28f78b0b","signature_hex":"290be22269c07ee5e2c6bfffb48343258904cfad08da1c1f0f949eef5b4611af4f8c330e8c025eb993646311461d6aa4202a35b29a2fdc5a040253ffee2e3e09","public_key_hex":"c2f8243b0d573587f285c830a868acd19249d17d59ecbf9329e796dfed6fb630"}
{"seq":35,"ts":1778450400000,"agent_id":"swarm","symbol":"SOLUSDT","side":"buy","price":96.21655428358464,"quantity":9.322793902972235,"notional_usd":897.00710564,"fee_usd":0.538204263384,"balance_before_usd":9980.35671386175,"balance_after_usd":9979.598917866975,"decision":"ALLOW","cert_hash":"67d0223e22612289ddde8962985756f4030f1df946420e627877f74f55cc5185","prev_hash":"c089beeffddbf5c1914b901a10bd6d98b08c94c466a67d31d7ca25ee28f78b0b","record_hash":"46e1802f19444a5dd10ea8ea566cf085591ad5fa87d423effe27f5c69cf3cd88","signature_hex":"0095503fc9a2a0418af728849442c11294adbf78a6d05d6a287ffcb329c8c9931138708e7226a99891349cfe37cfe9d3eaabc9dfd18fa185e0a38b0bc4767608","public_key_hex":"c2f8243b0d573587f285c830a868acd19249d17d59ecbf9329e796dfed6fb630"}
{"seq":36,"ts":1778454000000,"agent_id":"swarm","symbol":"SOLUSDT","side":"buy","price":96.44431173332173,"quantity":2.206272134932798,"notional_usd":212.78239755,"fee_usd":0.12766943853,"balance_before_usd":9981.751960717085,"balance_after_usd":9981.579478067315,"decision":"ALLOW","cert_hash":"d0d0aebd4ab58f853363ca8bb89e1cfc545bfc8bec83bac4143cb7ade07f5c96","prev_hash":"46e1802f19444a5dd10ea8ea566cf085591ad5fa87d423effe27f5c69cf3cd88","record_hash":"6e6936a6aea4f7dc98c36dc61887a45ad00632122a944b8d1486adc6020bd261","signature_hex":"e4c7deed0f9b97d0953e126bf005c8f9abcba9d406c63e539aaffc407db3a0fd9b8b59d31d0cc3bde57e5c39cd6b8ca42b0eab4c18fe5ded2e33075a70a26508","public_key_hex":"c2f8243b0d573587f285c830a868acd19249d17d59ecbf9329e796dfed6fb630"}
{"seq":37,"ts":1778464800000,"agent_id":"swarm","symbol":"SOLUSDT","side":"sell","price":95.25071484826765,"quantity":11.529742831110875,"notional_usd":1098.21624668,"fee_usd":0.658929748008,"balance_before_usd":9968.335180324637,"balance_after_usd":9967.39624902254,"decision":"ALLOW","cert_hash":"859e86175989cfe28b2bd195a32ceb505e3cf7b8168c041cfd56e8c052976457","prev_hash":"6e6936a6aea4f7dc98c36dc61887a45ad00632122a944b8d1486adc6020bd261","record_hash":"a1f2bcd9e11ef735d88a4b6481406fb3bc067c6c3793199bfefbc7246ff6275a","signature_hex":"e503ac55db4927c7b8209a7ef64058b5e4cd8f092aee4c52a8128e4b71195ac13064ac5792f5cd4dfd4fbaedbf2653942f1a10d2c683acbf5be14b300091340a","public_key_hex":"c2f8243b0d573587f285c830a868acd19249d17d59ecbf9329e796dfed6fb630"}
{"seq":38,"ts":1778706000000,"agent_id":"swarm","symbol":"SOLUSDT","side":"sell","price":90.83069952402528,"quantity":10.012304178274567,"notional_usd":909.42459236,"fee_usd":0.545654755416,"balance_before_usd":9967.409244738927,"balance_after_usd":9966.64031083473,"decision":"ALLOW","cert_hash":"78a4bd31f9b456f132d900a46ac170a37249d867a04d673e417c4fc16c9975d4","prev_hash":"a1f2bcd9e11ef735d88a4b6481406fb3bc067c6c3793199bfefbc7246ff6275a","record_hash":"5476be94a4b6bd2b5c185fbcce5fe4984e569201d565385bdb86c0ad5b7cbbcb","signature_hex":"5054a61120ca149edce7127d9a0b65723eb5491f1be6a4de6918456cadf27b5f75955bbb6c2973828d9df67e124ab097b7fb8f72bebb9358d5c34b9de584e40a","public_key_hex":"c2f8243b0d573587f285c830a868acd19249d17d59ecbf9329e796dfed6fb630"}
{"seq":39,"ts":1778716800000,"agent_id":"swarm","symbol":"SOLUSDT","side":"buy","price":91.1993996866935,"quantity":10.01278318976956,"notional_usd":913.1598161,"fee_usd":0.5478958896599999,"balance_before_usd":9963.395372084653,"balance_after_usd":9962.62319298861,"decision":"ALLOW","cert_hash":"56a63cece4380300cc002b6cf37194cc4cc12ce3fad64a34c9c7f866732c39da","prev_hash":"5476be94a4b6bd2b5c185fbcce5fe4984e569201d565385bdb86c0ad5b7cbbcb","record_hash":"018fc3cffbef97f75dda7659e8febf6663da0dde2ffd89ca8a1b24d416d2b3fc","signature_hex":"a5c129acdba444f189586cea4b33e9b49c9e9a852d26d4b1fe754357c2eeb34f824c0db11695ad11ade23dfd9a36eabfca9ceddc47de1b07d28a0642df37a106","public_key_hex":"c2f8243b0d573587f285c830a868acd19249d17d59ecbf9329e796dfed6fb630"}
{"seq":40,"ts":1778727600000,"agent_id":"swarm","symbol":"SOLUSDT","side":"sell","price":89.87595248759078,"quantity":10.072735962214084,"notional_usd":905.29673876,"fee_usd":0.543178043256,"balance_before_usd":9962.626339157256,"balance_after_usd":9961.861082342877,"decision":"ALLOW","cert_hash":"a9df7ed10e39d83c0bde6e110dc312c8a28f28e76dedd8d7aea56bd6799e43ec","prev_hash":"018fc3cffbef97f75dda7659e8febf6663da0dde2ffd89ca8a1b24d416d2b3fc","record_hash":"816bfa487c2a3cfc1c30709acb7aacd5f772a7c12e8914ad02e20d2563fccf2f","signature_hex":"c22f66c46f559b2453624d56e82bfc992d7af1637fdef5b78e7429caca0bf28b7423c2471126ba5ec886f15091f06b52d0d3e3913afe210af84d0b878af9b30f","public_key_hex":"c2f8243b0d573587f285c830a868acd19249d17d59ecbf9329e796dfed6fb630"}
{"seq":41,"ts":1778734800000,"agent_id":"swarm","symbol":"SOLUSDT","side":"buy","price":91.26544387568413,"quantity":10.07271814962297,"notional_usd":919.29109296,"fee_usd":0.551574655776,"balance_before_usd":9948.309943953898,"balance_after_usd":9947.532298464172,"decision":"ALLOW","cert_hash":"96468e6c207ba15f290bf962b75bcfb0a6a5d3ab3dfc31f7e8d056448e03adbd","prev_hash":"816bfa487c2a3cfc1c30709acb7aacd5f772a7c12e8914ad02e20d2563fccf2f","record_hash":"4bc0411fb2a70b26767567faf9e654dda01e824af3fa9ddc1c9d89ef778474bd","signature_hex":"49b7089d15708db5a5c158ef008c3cb3bb155cf3033087c815439f37a41bc2544e08c2d573b96eb582821f283b013cc2a842448e17d43f617e64b23559813006","public_key_hex":"c2f8243b0d573587f285c830a868acd19249d17d59ecbf9329e796dfed6fb630"}
{"seq":42,"ts":1779526800000,"agent_id":"swarm","symbol":"SOLUSDT","side":"sell","price":81.9171273054841,"quantity":10.388676560353789,"notional_usd":851.01054033,"fee_usd":0.510606324198,"balance_before_usd":9947.555355741357,"balance_after_usd":9946.83829842145,"decision":"ALLOW","cert_hash":"f46d1494bafaf2620ed9781f7852b9a46fa555339a3316746d0d3beb6ac19cfa","prev_hash":"4bc0411fb2a70b26767567faf9e654dda01e824af3fa9ddc1c9d89ef778474bd","record_hash":"d62f943a4d8a7c2c0b0e78503db5846b501ebaba0b55970291a934a41cf14299","signature_hex":"e8254faa43c4e67c227dd18dc3e001089dea02ead3ac449fb6324b8292005358a44cbacabb3ca58fbd0c6ae05270235fae7d0104600990ee59325773391b2d04","public_key_hex":"c2f8243b0d573587f285c830a868acd19249d17d59ecbf9329e796dfed6fb630"}
{"seq":43,"ts":1779530400000,"agent_id":"swarm","symbol":"SOLUSDT","side":"buy","price":82.203947174579,"quantity":10.388632776554669,"notional_usd":853.98661998,"fee_usd":0.512391971988,"balance_before_usd":9944.271683324425,"balance_after_usd":9943.552067480805,"decision":"ALLOW","cert_hash":"cc94a7ac0c4537e0de2e94412ae93239729cdc311acdfa60d9cffd4d9ec6ea4f","prev_hash":"d62f943a4d8a7c2c0b0e78503db5846b501ebaba0b55970291a934a41cf14299","record_hash":"251d20f2720f75a07e1f5ecc074bfe33970624ed023f5f4748cb853f1792b2a0","signature_hex":"4c9b375f532011abfc570d1f16e4f3be3afcf8aaeb59d837a88869de5274b4e2a1b859c31192a70f74459cdf7a52341287c10a445bf19f93e3090313f98fd309","public_key_hex":"c2f8243b0d573587f285c830a868acd19249d17d59ecbf9329e796dfed6fb630"}
{"seq":44,"ts":1779534000000,"agent_id":"swarm","symbol":"SOLUSDT","side":"sell","price":82.1970991394704,"quantity":10.23565885010648,"notional_usd":841.34146526,"fee_usd":0.5048048791559999,"balance_before_usd":9943.551984272546,"balance_after_usd":9942.843480974187,"decision":"ALLOW","cert_hash":"9d25c25525d4bd87dda94209c24b3699706dac9dfc6671c9f158d673a76ab572","prev_hash":"251d20f2720f75a07e1f5ecc074bfe33970624ed023f5f4748cb853f1792b2a0","record_hash":"f3bb5d8c224ef072237ac9445b12d15c2f5c16031a254d7a6a05fc2ca70a86b8","signature_hex":"5c75bf32e996311b0b923a67961bc4e0b74f6fe6953e8d701facd096e82e6e5ce717eea777b251ff3ab0a57f231b30bc0368beb74e76998a5f89f52d13c50009","public_key_hex":"c2f8243b0d573587f285c830a868acd19249d17d59ecbf9329e796dfed6fb630"}
{"seq":45,"ts":1779537600000,"agent_id":"swarm","symbol":"SOLUSDT","side":"buy","price":82.44396373637178,"quantity":10.235701145791822,"notional_usd":843.87177408,"fee_usd":0.506323064448,"balance_before_usd":9940.724177649494,"balance_after_usd":9940.01351174579,"decision":"ALLOW","cert_hash":"ae15fc62c39d3c611b36ce06e7fb09ab541f966e68821d34a1f196d49e44759e","prev_hash":"f3bb5d8c224ef072237ac9445b12d15c2f5c16031a254d7a6a05fc2ca70a86b8","record_hash":"3297767d74027737fcd37d879c6929c09248de4c2b0e3bc67b983d95633fe6c4","signature_hex":"df136417a5b78775bb6c72d463d32b76358f6eea26a48a025fcfa4af0c76fb9be7d074147e4f85de7852e9334edb280687d34818dd415687e4ca210c864ec908","public_key_hex":"c2f8243b0d573587f285c830a868acd19249d17d59ecbf9329e796dfed6fb630"}
{"seq":46,"ts":1780423200000,"agent_id":"swarm","symbol":"SOLUSDT","side":"sell","price":76.08229803957192,"quantity":12.030764908729749,"notional_usd":915.32824143,"fee_usd":0.549196944858,"balance_before_usd":9940.029187517013,"balance_after_usd":9939.254991682912,"decision":"ALLOW","cert_hash":"a1f1ed9449db39c9fb296af1b0478d6258546d8b1d13e53989aa7cdf6e3be440","prev_hash":"3297767d74027737fcd37d879c6929c09248de4c2b0e3bc67b983d95633fe6c4","record_hash":"82089d02e0adc6eb4eeb7d96291e43b83264573b1fb95c79934deedcd0d301a1","signature_hex":"948a6bb51808bcf13a9e730468a3127ecfa96f79232ecb375623d10f6d7b50f1cd61c4b3d814b133ead78312cbb64c2b9eaa1479474eb783bcbe6eb3a638a80c","public_key_hex":"c2f8243b0d573587f285c830a868acd19249d17d59ecbf9329e796dfed6fb630"}
{"seq":47,"ts":1780437600000,"agent_id":"swarm","symbol":"SOLUSDT","side":"sell","price":73.59907451976868,"quantity":4.441999380198559,"notional_usd":326.9270434,"fee_usd":0.19615622604,"balance_before_usd":9969.1696364545,"balance_after_usd":9968.902739255143,"decision":"ALLOW","cert_hash":"7fee0dac438bd44a50df416b0080cd89c5a586c7c9fbbd3d2c939af3cef101e6","prev_hash":"82089d02e0adc6eb4eeb7d96291e43b83264573b1fb95c79934deedcd0d301a1","record_hash":"b924c42724d402502b045a47da7774297c062946eba2053e1ac5596f3e74b15b","signature_hex":"51819cbdf220dbb4851a3fbc54a9f679e5843304f332382df8d38a7a40c49b491ae16ec7bee8c0a401176cbaacd6ec26019df31a71f109a1715fe107cad39a0a","public_key_hex":"c2f8243b0d573587f285c830a868acd19249d17d59ecbf9329e796dfed6fb630"}
{"seq":48,"ts":1780470000000,"agent_id":"swarm","symbol":"SOLUSDT","side":"buy","price":75.2340874592621,"quantity":3.6862010896346433,"notional_usd":277.32797517,"fee_usd":0.166396785102,"balance_before_usd":9942.492923995727,"balance_after_usd":9942.267225600765,"decision":"ALLOW","cert_hash":"738338b508d7d69b9dc727cce837cbef51b4a343c06d4f9481291eda2b3695b9","prev_hash":"b924c42724d402502b045a47da7774297c062946eba2053e1ac5596f3e74b15b","record_hash":"45d30f97bf4490c3c2e6b33833f3a3e95a16d2a83f9d0307653be7483fa635f7","signature_hex":"647436e9daf9a09abc299769078acdedd2b480019ca6db4995da90d88b4aa41e6f47231bbe4481c68e09e6c6ee97331d40a4e790e94b10a6b89567b7f2ac0c06","public_key_hex":"c2f8243b0d573587f285c830a868acd19249d17d59ecbf9329e796dfed6fb630"}
{"seq":49,"ts":1780473600000,"agent_id":"swarm","symbol":"SOLUSDT","side":"buy","price":74.96958352845968,"quantity":12.78587220664122,"notional_usd":958.55151438,"fee_usd":0.575130908628,"balance_before_usd":9945.681899912492,"balance_after_usd":9944.86916238383,"decision":"ALLOW","cert_hash":"5682ccb13dc1b23df5add4ad341a6169ecd63d11f572f1732cb71c08d42bcceb","prev_hash":"45d30f97bf4490c3c2e6b33833f3a3e95a16d2a83f9d0307653be7483fa635f7","record_hash":"a59080678ce4c79118afe66d9b97357caafa0581d555f320f10358155f7f95b7","signature_hex":"87d085e7e1c57c1dc47b7edbae9e8266cc7f442f22006192c8a0610db4c83d29172dac334dbf31e882269a12d8d6e9c358761f568ce60ffc3913b920f1dd6804","public_key_hex":"c2f8243b0d573587f285c830a868acd19249d17d59ecbf9329e796dfed6fb630"}
{"seq":50,"ts":1780516800000,"agent_id":"swarm","symbol":"SOLUSDT","side":"sell","price":71.15056922710659,"quantity":12.632027751333702,"notional_usd":898.775965,"fee_usd":0.539265579,"balance_before_usd":9944.881155096766,"balance_after_usd":9944.12170351085,"decision":"ALLOW","cert_hash":"0254e843a67724458602aaa6756b1e399e7c310575eb880d16f56e47c1b63c61","prev_hash":"a59080678ce4c79118afe66d9b97357caafa0581d555f320f10358155f7f95b7","record_hash":"a8c525c2d2db08330f492ba2274816cc7682292f7bf7e70895763d2c74fd9cf8","signature_hex":"dec5fcfe49e9435c318d78188466f7cfd6b40760f359e830f01c6fcb9ec446926eeca11b13ae1b1fa24c72e410b0b22057f2e44de6d3c2fc4af4d9f23f039e0b","public_key_hex":"c2f8243b0d573587f285c830a868acd19249d17d59ecbf9329e796dfed6fb630"}
{"seq":51,"ts":1780520400000,"agent_id":"swarm","symbol":"SOLUSDT","side":"buy","price":72.78990111358647,"quantity":12.632090555050562,"notional_usd":919.48862236,"fee_usd":0.551693173416,"balance_before_usd":9923.854846062064,"balance_after_usd":9923.077024400787,"decision":"ALLOW","cert_hash":"7f16f3cfcdfbe380e9096ad63b381641689054bad6da42bd0735700007289b90","prev_hash":"a8c525c2d2db08330f492ba2274816cc7682292f7bf7e70895763d2c74fd9cf8","record_hash":"bc66b4509451c1419b47823ad0c8ac60a716d0b203d6fe62aae0e3a94a7d97f8","signature_hex":"433d62d5704072ec5ee54ee9b16d66de2c2a1d61787797b88af8a70dd4fe35fe8f18053aee3c8c08beb2b15ab80153add5ba273c17b6aa5829b7ae91c6743705","public_key_hex":"c2f8243b0d573587f285c830a868acd19249d17d59ecbf9329e796dfed6fb630"}
{"seq":52,"ts":1780524000000,"agent_id":"swarm","symbol":"SOLUSDT","side":"sell","price":72.15055250576832,"quantity":11.580333945373473,"notional_usd":835.52749236,"fee_usd":0.501316495416,"balance_before_usd":9923.078901243607,"balance_after_usd":9922.37553693848,"decision":"ALLOW","cert_hash":"09631ce5ce181d52e91376975caed10c0cfd3a028210193fb371a2a0b6f2018f","prev_hash":"bc66b4509451c1419b47823ad0c8ac60a716d0b203d6fe62aae0e3a94a7d97f8","record_hash":"6399fbc8925f22cbd88a845fe16246ec779d7d1e9ac72933b3d09850d31c8991","signature_hex":"e693a8f8ede9a88a4ba23e62b785f2f9cedc299033213c882d75c75e489c75bd933665b417c31cc4de3479fd83b9a3b072f9bc4679f742411277f22b95234e03","public_key_hex":"c2f8243b0d573587f285c830a868acd19249d17d59ecbf9329e796dfed6fb630"}
{"seq":53,"ts":1780534800000,"agent_id":"swarm","symbol":"SOLUSDT","side":"sell","price":68.55296943699139,"quantity":5.6069322431508235,"notional_usd":384.3718547,"fee_usd":0.23062311282,"balance_before_usd":9964.075925622214,"balance_after_usd":9963.761027161028,"decision":"ALLOW","cert_hash":"bdb808d41222ee4d7e0b6727bf93a81f08f6e318f2ec0353c73b85e18f0be2ee","prev_hash":"6399fbc8925f22cbd88a845fe16246ec779d7d1e9ac72933b3d09850d31c8991","record_hash":"1b2c23b33a816272f0e8253818ab145a835f65068ab6533b30e71a80799ee6bd","signature_hex":"eb3d9b105de2a8bdfb7d3fd0e37781c377a4f5e53edffa4390957cf067945d74fb10079f906274909e1b4469fa2207800b13bde9cb96980871c789208b07b207","public_key_hex":"c2f8243b0d573587f285c830a868acd19249d17d59ecbf9329e796dfed6fb630"}
{"seq":54,"ts":1780542000000,"agent_id":"swarm","symbol":"SOLUSDT","side":"buy","price":71.43568745392074,"quantity":5.498301983491903,"notional_usd":392.77498202,"fee_usd":0.235664989212,"balance_before_usd":9914.734081813003,"balance_after_usd":9914.412162464783,"decision":"ALLOW","cert_hash":"13baa86f8b777749387a991de9b1c37891aa6c77e9e085f47d9519d87efb832f","prev_hash":"1b2c23b33a816272f0e8253818ab145a835f65068ab6533b30e71a80799ee6bd","record_hash":"84608a3707c7694ae37edc6d6ea8e1e636d58c67e890dbcbecd24cd4384f257a","signature_hex":"2b6403c102b9762ffa63e14084316a20a66120bbe069e46ec8869db3b4e1bb1c1e648397029bd2f1a4a7d2887836162f962fea39e90fb7bc0faa87c6a683bb06","public_key_hex":"c2f8243b0d573587f285c830a868acd19249d17d59ecbf9329e796dfed6fb630"}
{"seq":55,"ts":1780556400000,"agent_id":"swarm","symbol":"SOLUSDT","side":"sell","price":69.08449157979524,"quantity":2.888260965770162,"notional_usd":199.53404037,"fee_usd":0.11972042422200002,"balance_before_usd":9941.549460557158,"balance_after_usd":9941.387836029184,"decision":"ALLOW","cert_hash":"d519050624490ec417748031ad666e80c349c98cb22ad6c6a8e332e0d292d2d9","prev_hash":"84608a3707c7694ae37edc6d6ea8e1e636d58c67e890dbcbecd24cd4384f257a","record_hash":"dc2a4f0519fa580fc92dc3708a99b3cc3c5431c5feb5c0bf00a65b7114553b91","signature_hex":"81eaaee50d43c53d02847d2155916a692b66fd0d24bf3ff93b3434de56ecc8d4a686f8b1730f477f1d48778dc09936ed4e7d48722e6fba5f23d54d40c9a1be06","public_key_hex":"c2f8243b0d573587f285c830a868acd19249d17d59ecbf9329e796dfed6fb630"}
{"seq":56,"ts":1780567200000,"agent_id":"swarm","symbol":"SOLUSDT","side":"sell","price":67.8175799355839,"quantity":3.7147419337182073,"notional_usd":251.92480803,"fee_usd":0.15115488481800002,"balance_before_usd":9959.861117340217,"balance_after_usd":9959.656395637427,"decision":"ALLOW","cert_hash":"54e9d0b3bf6534f2bfc7e1c8b0fbe007f819c7d7fedc4ea541e240fc9576a42c","prev_hash":"dc2a4f0519fa580fc92dc3708a99b3cc3c5431c5feb5c0bf00a65b7114553b91","record_hash":"e77d874c917f541d85b8ff1726ccc95848e5774fd6e1c99de3df936aa3a8d377","signature_hex":"8d267120e0b59b11089d5eb5a01f177282c2dee752b5eb56ca2ef3541d20262ca92a93cfb1a464061f3529ef6e5c4b64f9ea3c3bf5dc45ffdbc178630ae9ee0a","public_key_hex":"c2f8243b0d573587f285c830a868acd19249d17d59ecbf9329e796dfed6fb630"}
{"seq":57,"ts":1780570800000,"agent_id":"swarm","symbol":"SOLUSDT","side":"buy","price":68.6594534460991,"quantity":3.0709424927992846,"notional_usd":210.84923312,"fee_usd":0.126509539872,"balance_before_usd":9944.782500101295,"balance_after_usd":9944.61160485963,"decision":"ALLOW","cert_hash":"e4d36c1f6a5b3240e9b8be438fbe2f416c040960ef5b7c77ef90bb9065a4f1b0","prev_hash":"e77d874c917f541d85b8ff1726ccc95848e5774fd6e1c99de3df936aa3a8d377","record_hash":"cde294df30670be4697233888f45ce3080df548ea68ecdd6ba978f1eac23bfe0","signature_hex":"901b288b3b2fba7b12313f4088d2f94b3ddd43ac7fb11b0dbbc71169e2a1998b562917c0e075da5293cba9e81ab5566f22e23578e07106b8dc78d3b727a3fd05","public_key_hex":"c2f8243b0d573587f285c830a868acd19249d17d59ecbf9329e796dfed6fb630"}
{"seq":58,"ts":1780574400000,"agent_id":"swarm","symbol":"SOLUSDT","side":"buy","price":70.0827509168624,"quantity":15.220275921465715,"notional_usd":1066.67880629,"fee_usd":0.640007283774,"balance_before_usd":9922.993337465945,"balance_after_usd":9922.083156329667,"decision":"ALLOW","cert_hash":"a1572fcea99a006d32b9725efd7578305cd9278bf0d861ff0fd88df9bb950b7f","prev_hash":"cde294df30670be4697233888f45ce3080df548ea68ecdd6ba978f1eac23bfe0","record_hash":"93d2f99d3da73a7c5f9aa37c9c80830e912271ed487ef20253f4c8dd34ef0219","signature_hex":"b958fa85430d38938983f752c7e4c1c54500308053eb76209bd89b70bd2a2a32f6c2ab4a332d21d37587db5d73a363e13ba5bce60df8c7376a5e6ad2e62b440d","public_key_hex":"c2f8243b0d573587f285c830a868acd19249d17d59ecbf9329e796dfed6fb630"}
{"seq":59,"ts":1780624800000,"agent_id":"swarm","symbol":"SOLUSDT","side":"sell","price":67.26243678131657,"quantity":13.737733735312249,"notional_usd":924.03344689,"fee_usd":0.554420068134,"balance_before_usd":9922.093899273597,"balance_after_usd":9921.311938117391,"decision":"ALLOW","cert_hash":"f256a361b6b67e497040517a6bc935a2d9023b82395ec260d9a5e34b7644fc5e","prev_hash":"93d2f99d3da73a7c5f9aa37c9c80830e912271ed487ef20253f4c8dd34ef0219","record_hash":"e184ff7d566974a1b7053331e0b59485fdd94d2047e6c69bbafd75693df56df8","signature_hex":"fdff9aa95ea040cfc44bfd072e96271a1e09bdf8741243485fd94c7bfe34479ce6d1e86ae8530b0fb24a906dc61046c1152df6c0f1998af19d9f66ba61cb1f06","public_key_hex":"c2f8243b0d573587f285c830a868acd19249d17d59ecbf9329e796dfed6fb630"}
{"seq":60,"ts":1780632000000,"agent_id":"swarm","symbol":"SOLUSDT","side":"buy","price":67.91974959389934,"quantity":13.738200987033853,"notional_usd":933.09517091,"fee_usd":0.559857102546,"balance_before_usd":9912.737186093902,"balance_after_usd":9911.947219703916,"decision":"ALLOW","cert_hash":"88740c009c22b9ae7b820910a31bf2248312fb83c947c7e0b77e05682b1cdc41","prev_hash":"e184ff7d566974a1b7053331e0b59485fdd94d2047e6c69bbafd75693df56df8","record_hash":"8922c0f2bff1ad21777d24720b9b3900ca27aed15f3305ef13ae0b6edf04e9a2","signature_hex":"ad4af1526dda42d2747a8d1498ee047d8016c00c3723dc7ae5c112368ca7a5aea1ee3e923b607698e688f69e2ecb39d33aacb8f9996bd9727ab4b268ebfdfd02","public_key_hex":"c2f8243b0d573587f285c830a868acd19249d17d59ecbf9329e796dfed6fb630"}
{"seq":61,"ts":1780635600000,"agent_id":"swarm","symbol":"SOLUSDT","side":"sell","price":66.16364863810729,"quantity":14.234033020324993,"notional_usd":941.77555946,"fee_usd":0.565065335676,"balance_before_usd":9911.953058596318,"balance_after_usd":9911.155247435536,"decision":"ALLOW","cert_hash":"d482b42a9b5e4f2ae487bd795e8a2da8795b5ccc67da7b929526fcf608dd3420","prev_hash":"8922c0f2bff1ad21777d24720b9b3900ca27aed15f3305ef13ae0b6edf04e9a2","record_hash":"5c0cbf5792282543b474cdbed5956c25bd61482f35ccf919215e14f7cde88d90","signature_hex":"8f446bff844065974d88ed826c12fa6555975d0ef5e71f1b0ef469dffb619a20fccfc66b5b756a5293c9b8fc4d474f712b55607ce7e3bc274649e132b81e3305","public_key_hex":"c2f8243b0d573587f285c830a868acd19249d17d59ecbf9329e796dfed6fb630"}
{"seq":62,"ts":1780642800000,"agent_id":"swarm","symbol":"SOLUSDT","side":"buy","price":66.13433658086825,"quantity":14.233904869960085,"notional_usd":941.34985553,"fee_usd":0.564809913318,"balance_before_usd":9912.037967588036,"balance_after_usd":9911.24062433674,"decision":"ALLOW","cert_hash":"fb4a24e7534a6b4bf6ca4a6787fd2f530e8c47dca452b141bb0f982bb884a9a3","prev_hash":"5c0cbf5792282543b474cdbed5956c25bd61482f35ccf919215e14f7cde88d90","record_hash":"77727bf9bc6701fa8c2f4f5e3bbea278fe53821d5e0d71eacbad80a0296cf3ec","signature_hex":"2ec69afcd8930eb2882c6d85085957e92a7b50ddad7d9c73ea8cd9c2c5c0dda73c31f9ad3d2eff23e8a6363e3747c9d4a27ed3173def155ff60c6f8489b9a103","public_key_hex":"c2f8243b0d573587f285c830a868acd19249d17d59ecbf9329e796dfed6fb630"}
{"seq":63,"ts":1780646400000,"agent_id":"swarm","symbol":"SOLUSDT","side":"sell","price":65.23982202129753,"quantity":14.693592237530366,"notional_usd":958.60734243,"fee_usd":0.575164405458,"balance_before_usd":9911.243655942953,"balance_after_usd":9910.430778915214,"decision":"ALLOW","cert_hash":"679b7a6c6259b2b629dead5caa8ff544dbe8fedf9d76099e272536004b39798a","prev_hash":"77727bf9bc6701fa8c2f4f5e3bbea278fe53821d5e0d71eacbad80a0296cf3ec","record_hash":"915204fff94542ef584bff40f87f3a95cf8757af474f42ab5e8d7d6c98cebb74","signature_hex":"4a7b1ff22cc35f83ce9f2139f466caf23530806b84c543dab21cc46ebf27bc11786a4c2127abebcd997ea8af3367b37a683ad03b3034fb5b58976f2f4e87800f","public_key_hex":"c2f8243b0d573587f285c830a868acd19249d17d59ecbf9329e796dfed6fb630"}
{"seq":64,"ts":1780664400000,"agent_id":"swarm","symbol":"SOLUSDT","side":"sell","price":64.25738205443075,"quantity":3.7021103649770755,"notional_usd":237.88792013,"fee_usd":0.14273275207799999,"balance_before_usd":9924.907431459575,"balance_after_usd":9924.714283570056,"decision":"ALLOW","cert_hash":"8fde914eb2ec04bd4c5bb304dbc8933028a98603bbd367006e7b0edf4f3bb3c8","prev_hash":"915204fff94542ef584bff40f87f3a95cf8757af474f42ab5e8d7d6c98cebb74","record_hash":"4a3e3494874d4aa0cffcdc647176e3daddf5aff45dd170223222ca9aed28e665","signature_hex":"4149e4130a92a95704ddd17b836d2e215135599fbc989cf5693bb63e37fd22ff0a080427aad40f40d40e38fc69e61c12c82a8482ef1f9ece279efeefa0617b04","public_key_hex":"c2f8243b0d573587f285c830a868acd19249d17d59ecbf9329e796dfed6fb630"}
{"seq":65,"ts":1780675200000,"agent_id":"swarm","symbol":"SOLUSDT","side":"buy","price":65.84803972330315,"quantity":4.023851111489225,"notional_usd":264.96270783,"fee_usd":0.158977624698,"balance_before_usd":9895.956303417985,"balance_after_usd":9895.740832037069,"decision":"ALLOW","cert_hash":"2a77db0e1218928da7cfb3866413d23ae7516bb61663bd6164e689e2eeb8218d","prev_hash":"4a3e3494874d4aa0cffcdc647176e3daddf5aff45dd170223222ca9aed28e665","record_hash":"6d32b91a51fa6e2e8f53c0685b5f3b74428e3624304000fbdd1dbfc3ea9a80fc","signature_hex":"034cc7a3cbf9c49d1dbc72e3951edb374205e21dde58fa06a9402fd5e25da7caa657b7f5c105d1f4110f0814c4830035a32146ab6afc0d96896bde877806f308","public_key_hex":"c2f8243b0d573587f285c830a868acd19249d17d59ecbf9329e796dfed6fb630"}
{"seq":66,"ts":1780682400000,"agent_id":"swarm","symbol":"SOLUSDT","side":"sell","price":62.848379564247196,"quantity":5.309182594419955,"notional_usd":333.67352287,"fee_usd":0.200204113722,"balance_before_usd":9938.464427027615,"balance_after_usd":9938.191909533465,"decision":"ALLOW","cert_hash":"8969015eb6294deaf86516f8297652e6f004d8689388be4a9fdbcb174de3415f","prev_hash":"6d32b91a51fa6e2e8f53c0685b5f3b74428e3624304000fbdd1dbfc3ea9a80fc","record_hash":"aa9f35e351c0f21f1b5fe1cc38f109b11ac38b799f1325b2c566dd17db2cbbd3","signature_hex":"2eb42f80e8d703da47989f49ab65f72526413ef5aadbf7f48bc2b107cbc88b6cfff182d5289879b879e92704dbef9ca763c0d7e8264686010bd918bbc6dd6506","public_key_hex":"c2f8243b0d573587f285c830a868acd19249d17d59ecbf9329e796dfed6fb630"}
{"seq":67,"ts":1780689600000,"agent_id":"swarm","symbol":"SOLUSDT","side":"buy","price":64.60961335386276,"quantity":3.3230372900407383,"notional_usd":214.70015447,"fee_usd":0.12882009268199998,"balance_before_usd":9904.058898047444,"balance_after_usd":9903.884840272232,"decision":"ALLOW","cert_hash":"5aed5321b94800cb62d270225c25818faedeaeebfe3283204f5dcb68401d0e9c","prev_hash":"aa9f35e351c0f21f1b5fe1cc38f109b11ac38b799f1325b2c566dd17db2cbbd3","record_hash":"5af38ff7e45d1a4096d1fc204d2069155626675056fa4260872df494f5a4dcc6","signature_hex":"259ba4f07af1f69596bc9277b4fe7b05061cb63969c3161a935a2d46efb352afd3f2758b1e74de2562c17bc53ffea2e413ce50e75abb51a119e3bf935f12a30d","public_key_hex":"c2f8243b0d573587f285c830a868acd19249d17d59ecbf9329e796dfed6fb630"}
{"seq":68,"ts":1780704000000,"agent_id":"swarm","symbol":"SOLUSDT","side":"buy","price":64.62660527585456,"quantity":3.266319182153712,"notional_usd":211.09112049,"fee_usd":0.12665467229400001,"balance_before_usd":9903.606694538654,"balance_after_usd":9903.435600692857,"decision":"ALLOW","cert_hash":"b36b24456a63bf8ae35307b1bf815d91e65bba0c1182279ff375463b0ed6d818","prev_hash":"5af38ff7e45d1a4096d1fc204d2069155626675056fa4260872df494f5a4dcc6","record_hash":"b5e5450d0aba71898542a4486c7092610b7897aca0911ab3530eda4e6ec7abf9","signature_hex":"2df898171d7338708caa1288c5d900a354369dad4ff93e8e9d2b7e38d59189592b13ee332716defbba637a533ad2d2816ebfddba421eae9fe0043b767f89f806","public_key_hex":"c2f8243b0d573587f285c830a868acd19249d17d59ecbf9329e796dfed6fb630"}
{"seq":69,"ts":1780707600000,"agent_id":"swarm","symbol":"SOLUSDT","side":"buy","price":63.81642634826916,"quantity":13.092029055661156,"notional_usd":835.48650798,"fee_usd":0.501291904788,"balance_before_usd":9914.068898673795,"balance_after_usd":9913.365644569245,"decision":"ALLOW","cert_hash":"ece2a5f9f481db2c85ff5b34f4ab7ed5c482d40cf9505853acb5c868531b6d07","prev_hash":"b5e5450d0aba71898542a4486c7092610b7897aca0911ab3530eda4e6ec7abf9","record_hash":"b03b2e7acf3a2f1e845f2ffdd5b53b0b35e8c51d97f0c0d3195f22bbf0a0590c","signature_hex":"4a0c0634ce28503276779d09991b80610a141b07ea6fdf85ee0d36e13bf25c27049a05acec3102e014562ba141e02a762204a28c6fdf64e0822bf2f980188e06","public_key_hex":"c2f8243b0d573587f285c830a868acd19249d17d59ecbf9329e796dfed6fb630"}
{"seq":70,"ts":1780714800000,"agent_id":"swarm","symbol":"SOLUSDT","side":"sell","price":62.770438512831745,"quantity":15.250625083880973,"notional_usd":957.28842411,"fee_usd":0.5743730544660001,"balance_before_usd":9913.368857553922,"balance_after_usd":9912.557162092906,"decision":"ALLOW","cert_hash":"9e4e26f3da50045f8d6ab7acb837646716812d31d40591341ddbd7b8abd614d0","prev_hash":"b03b2e7acf3a2f1e845f2ffdd5b53b0b35e8c51d97f0c0d3195f22bbf0a0590c","record_hash":"5d0df5c7144b259f688737e54e0878e6f0f066d2e9c8776f4889963c560ed00f","signature_hex":"c81a529109646a8bfbaef29d0a54d04c7ad180c6e33ef7790c12d6dd966e4c0fc7534bc1cde79fb6cf1ec94053fde0f3dabfd6e2b75374f8eadad935a5c7fa09","public_key_hex":"c2f8243b0d573587f285c830a868acd19249d17d59ecbf9329e796dfed6fb630"}
{"seq":71,"ts":1780718400000,"agent_id":"swarm","symbol":"SOLUSDT","side":"sell","price":60.79123232325405,"quantity":3.28727271866074,"notional_usd":199.83735955,"fee_usd":0.11990241573,"balance_before_usd":9942.79017503441,"balance_after_usd":9942.628301783232,"decision":"ALLOW","cert_hash":"0f8baf6930289b7564f378ffab54f4f1a173303f7951e4d04624fb63affd47d5","prev_hash":"5d0df5c7144b259f688737e54e0878e6f0f066d2e9c8776f4889963c560ed00f","record_hash":"b827b34632538a4d026fa60d1d4fffc76893f9dd11391457b25a5c5df0579f42","signature_hex":"f9704e2c4a65fbf760c7dbbe58a935db6422a4074a329afded6a1d012acf631b7194fb797444148a3de78a3972be10d22387d8a589ef6cd9c2a081f68c908f05","public_key_hex":"c2f8243b0d573587f285c830a868acd19249d17d59ecbf9329e796dfed6fb630"}
{"seq":72,"ts":1780732800000,"agent_id":"swarm","symbol":"SOLUSDT","side":"buy","price":63.13735293994566,"quantity":3.6504287979767556,"notional_usd":230.4784114,"fee_usd":0.13828704683999998,"balance_before_usd":9899.613034916358,"balance_after_usd":9899.426003913002,"decision":"ALLOW","cert_hash":"0b98a4b6cfe72442832e9fe9179c95ca293e5b2dd6bbbf97153daefabe2f38f7","prev_hash":"b827b34632538a4d026fa60d1d4fffc76893f9dd11391457b25a5c5df0579f42","record_hash":"de443b62801f125699022ad83023cce6bef678b12156f706d545d53f75b72925","signature_hex":"ec86f7bde985f39a50da2da6054ef6c535e16607b91e1d5d95a2e8fce871d33e11e58bf804bc465d971c6d4967fd1aaeafa730f72ed901db0891f9588b4efc04","public_key_hex":"c2f8243b0d573587f285c830a868acd19249d17d59ecbf9329e796dfed6fb630"}
{"seq":73,"ts":1780747200000,"agent_id":"swarm","symbol":"SOLUSDT","side":"buy","price":62.88651808019466,"quantity":14.886960045651524,"notional_usd":936.18908207,"fee_usd":0.5617134492420001,"balance_before_usd":9903.1933344432,"balance_after_usd":9902.400603954116,"decision":"ALLOW","cert_hash":"eee8c9f6bbf46061d5fa2c631bf1f8501de62519ed164188f2186f3fa0aa5287","prev_hash":"de443b62801f125699022ad83023cce6bef678b12156f706d545d53f75b72925","record_hash":"c8569aeffb9cb47f629a73df20f9f4dd07d82bef5aa35f04d3b3985be0a19267","signature_hex":"929f597cb69ecceab5910b69512f6e4079de587d951b5a89803f84874c78a2c46e6a63c82bec727d35df3c1aa4449238320a4f528ffb5c6de8e9cc425953bf06","public_key_hex":"c2f8243b0d573587f285c830a868acd19249d17d59ecbf9329e796dfed6fb630"}
{"seq":74,"ts":1780772400000,"agent_id":"swarm","symbol":"SOLUSDT","side":"sell","price":61.58411803798253,"quantity":13.512696662258826,"notional_usd":832.16750626,"fee_usd":0.49930050375600005,"balance_before_usd":9902.405277868584,"balance_after_usd":9901.704881926345,"decision":"ALLOW","cert_hash":"849778f90f6669e70f2be623a0ce019e8b586e89e0159d22d245855360998615","prev_hash":"c8569aeffb9cb47f629a73df20f9f4dd07d82bef5aa35f04d3b3985be0a19267","record_hash":"cc10cf3fedd1c606b7ba45b70c1a19b9f7b9698db82ddd1f79eb50cfc4b2c402","signature_hex":"095624e9c22254cd31947a10289452099021087883009556fac5149c2d2ae7ff50ae2809070fcb70f460451043db19983ab4928ca0375980b46204b8199edd0e","public_key_hex":"c2f8243b0d573587f285c830a868acd19249d17d59ecbf9329e796dfed6fb630"}
{"seq":75,"ts":1780779600000,"agent_id":"swarm","symbol":"SOLUSDT","side":"buy","price":61.87996042294861,"quantity":13.513103334660391,"notional_usd":836.19029954,"fee_usd":0.5017141797239999,"balance_before_usd":9898.109527207544,"balance_after_usd":9897.405651286586,"decision":"ALLOW","cert_hash":"5cdc8c7f19ce9b8ef8738530d69550b0bd927d1d17dbad037e072dc88a5014f0","prev_hash":"cc10cf3fedd1c606b7ba45b70c1a19b9f7b9698db82ddd1f79eb50cfc4b2c402","record_hash":"57177ae90d2bc23bcb7fb97963f4b65a49c82731a747fccbd19134232a58edf7","signature_hex":"d4038dbced1362ce96f9b3d742fc62e7baa243e5fa3d18fa47f10244717200fac25adcf79c519107b74bc9d93e9dd35181bcd9e056c23faffa70104c8e6d6305","public_key_hex":"c2f8243b0d573587f285c830a868acd19249d17d59ecbf9329e796dfed6fb630"}
{"seq":76,"ts":1781488800000,"agent_id":"swarm","symbol":"SOLUSDT","side":"buy","price":70.96521897787333,"quantity":12.029638846970595,"notional_usd":853.685955,"fee_usd":0.5122115730000001,"balance_before_usd":9897.375969962213,"balance_after_usd":9896.656620304082,"decision":"ALLOW","cert_hash":"fe831d4f86c77363524d10f392cfd4a6e1339cd9e2985f9735dc812b078c6ea4","prev_hash":"57177ae90d2bc23bcb7fb97963f4b65a49c82731a747fccbd19134232a58edf7","record_hash":"158850b18e4f860dee36fb9e287a0d793785108e213eaafef9a3fab17f6318f0","signature_hex":"befa4575e579bed2c54c8bd7c2e99209a509bae33f72b3a94cf00870ad6a57c8847e81344ca4402cec8c8eaa582b49ecd50153ab8f902ae4405f5f3fcd74d40f","public_key_hex":"c2f8243b0d573587f285c830a868acd19249d17d59ecbf9329e796dfed6fb630"}
{"seq":77,"ts":1781499600000,"agent_id":"swarm","symbol":"SOLUSDT","side":"buy","price":71.17898094123743,"quantity":2.9508337555913955,"notional_usd":210.03733965,"fee_usd":0.12602240379,"balance_before_usd":9899.254316452678,"balance_after_usd":9899.084087781794,"decision":"ALLOW","cert_hash":"8d66e1500a9a17108a357b9be49c47bd8337d2d2a6ad66b0c0d199dfe4290f5e","prev_hash":"158850b18e4f860dee36fb9e287a0d793785108e213eaafef9a3fab17f6318f0","record_hash":"497eb96f6b364c1bc1e18c9c3cf1bd775f9f7a4868417f0e62a66d23ab5809c9","signature_hex":"a422e6a41e0307c7fa5916b23c3d2450f35683e67b72c8416b331809326046b75f87b74915badd863509e0bf5b53b350a635e81f6279b2815fbd35c2f7343c0e","public_key_hex":"c2f8243b0d573587f285c830a868acd19249d17d59ecbf9329e796dfed6fb630"}
{"seq":78,"ts":1781532000000,"agent_id":"swarm","symbol":"SOLUSDT","side":"buy","price":73.77549339548753,"quantity":2.721893884511553,"notional_usd":200.8090643,"fee_usd":0.12048543857999998,"balance_before_usd":9937.964911478692,"balance_after_usd":9937.802254661683,"decision":"ALLOW","cert_hash":"3fb0bcbaf5a3ee62c48e4c7ecc801aa2b9b1dc6aecdd4c9dfad08421ff27f689","prev_hash":"497eb96f6b364c1bc1e18c9c3cf1bd775f9f7a4868417f0e62a66d23ab5809c9","record_hash":"322013c33b01b6b70b1ba4b867c680793e7b995a9569443459f6f49661a2f2d7","signature_hex":"e6348707bfa0090cb972ca59762fab5b308db409a32de2e0431501209afc41b8d38d6ad8c99840205d0e02aec3db35dc78b3f556779e94be869a910308d7ca0e","public_key_hex":"c2f8243b0d573587f285c830a868acd19249d17d59ecbf9329e796dfed6fb630"}
{"seq":79,"ts":1781560800000,"agent_id":"swarm","symbol":"SOLUSDT","side":"sell","price":73.71942598284518,"quantity":3.0459260187708503,"notional_usd":224.54391769,"fee_usd":0.134726350614,"balance_before_usd":9937.359777194222,"balance_after_usd":9937.177613539541,"decision":"ALLOW","cert_hash":"537aa2b7f887234aa741cda66f978f2c1cbc9aebf49e6c601d180f9322b2099b","prev_hash":"322013c33b01b6b70b1ba4b867c680793e7b995a9569443459f6f49661a2f2d7","record_hash":"48fc15bac58c3fa8adec15e305358bd890827c42aaeb3247642e91a76eee8122","signature_hex":"c3373ab98a2895cab6cd667b67eeac8e96b569bd2cd34c255bfd074c76d323dff4b2cf7f759e17a1805dd1155f76111d22c3cb212ba3753214f9bebb62f9ef03","public_key_hex":"c2f8243b0d573587f285c830a868acd19249d17d59ecbf9329e796dfed6fb630"}
{"seq":80,"ts":1781571600000,"agent_id":"swarm","symbol":"SOLUSDT","side":"sell","price":73.81723966249264,"quantity":14.656896721102152,"notional_usd":1081.93165797,"fee_usd":0.6491589947820001,"balance_before_usd":9938.657583980184,"balance_after_usd":9937.733456656106,"decision":"ALLOW","cert_hash":"a6ad8cb0b488df2ea91044fa0161e2592550ad9f1393f96ad04eb610704861a6","prev_hash":"48fc15bac58c3fa8adec15e305358bd890827c42aaeb3247642e91a76eee8122","record_hash":"37f54b861c70dc7e6ddf7766bc0ec67c17f82e98e0140ae4fb96adeff0a5a467","signature_hex":"02b88ed20d079bf28c646d7b563fef4a658348096e970fc6efee9a30db6eaab44d7410552a074ef1fa0c347dbce231e5e81451bc9ee1d97df2d4d33ce50ecb08","public_key_hex":"c2f8243b0d573587f285c830a868acd19249d17d59ecbf9329e796dfed6fb630"}
{"seq":81,"ts":1781802000000,"agent_id":"swarm","symbol":"SOLUSDT","side":"sell","price":68.59213998920251,"quantity":13.341204300435175,"notional_usd":915.101753,"fee_usd":0.5490610518000001,"balance_before_usd":9937.7529222208,"balance_after_usd":9936.978928320443,"decision":"ALLOW","cert_hash":"208988fdaa4468a4d31590fc8ca4bcc4bebd6c0d55e2ca6ca1c6c561229826c9","prev_hash":"37f54b861c70dc7e6ddf7766bc0ec67c17f82e98e0140ae4fb96adeff0a5a467","record_hash":"c0c8f8bbaf2c7f8dd471622b10907ff89fabf52e516766c31fea24189f1fd7d4","signature_hex":"47fe9b595ed9d23ebab19c5b6a166d5b26522c7cf33b613ca9016b8214671a57ebebe257f880a2aa594b12df444d81be6d00f07b59e9bd97c682647509a03a00","public_key_hex":"c2f8243b0d573587f285c830a868acd19249d17d59ecbf9329e796dfed6fb630"}
{"seq":82,"ts":1781830800000,"agent_id":"swarm","symbol":"SOLUSDT","side":"buy","price":69.92124237089581,"quantity":13.3416375221373,"notional_usd":932.86387081,"fee_usd":0.5597183224860001,"balance_before_usd":9919.697246117692,"balance_after_usd":9918.907486332691,"decision":"ALLOW","cert_hash":"f4ea60f71ed7243132032ff0374028cd0122d75ad11071485d91186a5d21094e","prev_hash":"c0c8f8bbaf2c7f8dd471622b10907ff89fabf52e516766c31fea24189f1fd7d4","record_hash":"e9dd19bc7d1228ca7e77c7171eca4a6ea49a2b90b07c14b21bfb76743973f5d1","signature_hex":"c84d0d3efdab10f4f05efe28139163b8aee9bfedc01bd21bf51354cb37ac1b677df317067dcae5fbb46eb47a16c4f7e200321215a9efe0d65500af5105f1a401","public_key_hex":"c2f8243b0d573587f285c830a868acd19249d17d59ecbf9329e796dfed6fb630"}
{"seq":83,"ts":1781848800000,"agent_id":"swarm","symbol":"SOLUSDT","side":"sell","price":68.70412530215854,"quantity":13.265080103150177,"notional_usd":911.36572555,"fee_usd":0.54681943533,"balance_before_usd":9918.911379372461,"balance_after_usd":9918.140715718548,"decision":"ALLOW","cert_hash":"bd8ead3eeb4ab63e079550f4c956069d49f8a8b134b1c8009834274d6792eb14","prev_hash":"e9dd19bc7d1228ca7e77c7171eca4a6ea49a2b90b07c14b21bfb76743973f5d1","record_hash":"9bf4532b66b4830bcec8084334d52ba3dbaf89bd50dbd666190848ac6168f94c","signature_hex":"a9f346378b0c87821e7771e21da013ad314ba73ed0b7903f91eb45b9eb8535e74a4a5bf5b48b8ac035ad63d44da4cef79d6ed853d767e936544a478e228eea08","public_key_hex":"c2f8243b0d573587f285c830a868acd19249d17d59ecbf9329e796dfed6fb630"}
{"seq":84,"ts":1781870400000,"agent_id":"swarm","symbol":"SOLUSDT","side":"buy","price":68.59483661678188,"quantity":13.26511419851369,"notional_usd":909.91834115,"fee_usd":0.54595100469,"balance_before_usd":9920.038092760522,"balance_after_usd":9919.268802111505,"decision":"ALLOW","cert_hash":"15ddeec5e4c141b17d75bfacf0b7ea4cdb6f6870d0230d116dc016db6064f3b5","prev_hash":"9bf4532b66b4830bcec8084334d52ba3dbaf89bd50dbd666190848ac6168f94c","record_hash":"9c52c3e38045e732ba6e09a0a5029d13d69a805dc81df3968d0ee299aaa8d077","signature_hex":"435b80e3798a60f13749b00f675d428127380a613ee8b8b1e7576fa05432ca1c819c4da24deb59724b3a9bb40e1057edfb13efacbf3f51dfc165994acf356e0d","public_key_hex":"c2f8243b0d573587f285c830a868acd19249d17d59ecbf9329e796dfed6fb630"}
{"seq":85,"ts":1778439600000,"agent_id":"swarm","symbol":"SOLUSDT","side":"buy","price":96.44562405324508,"quantity":9.330102795158625,"notional_usd":899.84758656,"fee_usd":0.539908551936,"balance_before_usd":10000.0,"balance_after_usd":9999.239676602849,"decision":"ALLOW","cert_hash":"03d928d81f214151494b141d313657162e4fcaff5a524cc581bb16a1341ca87d","prev_hash":"9c52c3e38045e732ba6e09a0a5029d13d69a805dc81df3968d0ee299aaa8d077","record_hash":"38417f8ecbeee018757096997bade361e33ebd50a5f8445969737c6a25185d3c","signature_hex":"2e91d5839d3c11ca886b55af338f45e765dd0ff551f7e4d63f26f86dbc4f8316de7990622e51a8a03cdcb3f42fb910689b57ab6cfb7eb84bf37e7230c20e8608","public_key_hex":"c2f8243b0d573587f285c830a868acd19249d17d59ecbf9329e796dfed6fb630"}
{"seq":86,"ts":1778446800000,"agent_id":"swarm","symbol":"SOLUSDT","side":"sell","price":94.9967853896057,"quantity":9.332382816576903,"notional_usd":886.5463676,"fee_usd":0.5319278205600001,"balance_before_usd":9986.158872484037,"balance_after_usd":9985.410297032338,"decision":"ALLOW","cert_hash":"0d93138d91895b79353cd725796e5e59aa5609ce02ebb2fe775873ae8b2bc947","prev_hash":"38417f8ecbeee018757096997bade361e33ebd50a5f8445969737c6a25185d3c","record_hash":"ce65d30119e3dc7c3af56620c330c92d75f615866f2ae9afe684b823a44af5d7","signature_hex":"8dea47a41d68936c9c59ea6d2b48c7be1e3b3a56ba655a7fe33a025a17e15cdfbcef063650df0541d70f654e65ebe39a31743cc634a41382ff34dd22656ccd05","public_key_hex":"c2f8243b0d573587f285c830a868acd19249d17d59ecbf9329e796dfed6fb630"}
{"seq":87,"ts":1778450400000,"agent_id":"swarm","symbol":"SOLUSDT","side":"buy","price":96.21727512377069,"quantity":10.880227573825456,"notional_usd":1046.86584988,"fee_usd":0.628119509928,"balance_before_usd":9985.407622567214,"balance_after_usd":9984.51538418628,"decision":"ALLOW","cert_hash":"7d0f6f552c5dff24b33077dc49f2fd875234b3b3aeb6b948c481123efca5e94c","prev_hash":"ce65d30119e3dc7c3af56620c330c92d75f615866f2ae9afe684b823a44af5d7","record_hash":"54fb69b8f53c458f1a3a9ba943178fe99fd69a481ed7791c08d9eba030e5601c","signature_hex":"893de4ef8fa4301a20e051b5c17928feee0e547904d529ef5a7fc3e7d7fea2da6d6b1b3c3b1770ffdad15fc19e8272cd43de8d0302f894c0f84dbe790d17f90f","public_key_hex":"c2f8243b0d573587f285c830a868acd19249d17d59ecbf9329e796dfed6fb630"}
{"seq":88,"ts":1778468400000,"agent_id":"swarm","symbol":"SOLUSDT","side":"sell","price":94.7101734117188,"quantity":10.880684157869903,"notional_usd":1030.51148343,"fee_usd":0.618306890058,"balance_before_usd":9968.607997893932,"balance_after_usd":9967.730441422227,"decision":"ALLOW","cert_hash":"16bf8f6aaff3ee36d2ea4e37f6b19d1aa76077b50e976bf15fedaedd0efa1d0c","prev_hash":"54fb69b8f53c458f1a3a9ba943178fe99fd69a481ed7791c08d9eba030e5601c","record_hash":"2b8231ad1d2b5233dfc0707be1c67cf239d98e881a0e328bcd4f1bbfa9ed6917","signature_hex":"831e174d61f9787d1bac9d25aaa211ad83664ce16a26d743a5a0297751470043eb5e9dbc04c2c120556aaf98c7a0047a4fb4e0efe0f97e4ef4a88f03b89c0a0b","public_key_hex":"c2f8243b0d573587f285c830a868acd19249d17d59ecbf9329e796dfed6fb630"}
{"seq":89,"ts":1778706000000,"agent_id":"swarm","symbol":"SOLUSDT","side":"sell","price":90.83069900944501,"quantity":10.01355148819698,"notional_usd":909.53788124,"fee_usd":0.5457227287440001,"balance_before_usd":9967.74118580855,"balance_after_usd":9966.972150962647,"decision":"ALLOW","cert_hash":"fb5833816cfa57873f2e2790bf790cd3b7efb706802f414cccffe8d85cb486f4","prev_hash":"2b8231ad1d2b5233dfc0707be1c67cf239d98e881a0e328bcd4f1bbfa9ed6917","record_hash":"ff15818fa4db8ff31bdee5cc1b735b1d33de88fc0778bc7acb17288a7225846f","signature_hex":"08734a7193ce92d4a0181c1e6bd4a1240e561d85db0f84205b6e0d1623c620607b6b4fd87cc7719f87c5d6eb2e6bf87080aa7e8bd6fcda5e5cf3508730080801","public_key_hex":"c2f8243b0d573587f285c830a868acd19249d17d59ecbf9329e796dfed6fb630"}
{"seq":90,"ts":1778716800000,"agent_id":"swarm","symbol":"SOLUSDT","side":"buy","price":91.19940012111977,"quantity":10.013827923288174,"notional_usd":913.25509952,"fee_usd":0.547953059712,"balance_before_usd":9963.813632854755,"balance_after_usd":9963.04136883669,"decision":"ALLOW","cert_hash":"7f2d516ba9b3dad2617f241233c481539226f51d4a62aa65b96281498fd3510b","prev_hash":"ff15818fa4db8ff31bdee5cc1b735b1d33de88fc0778bc7acb17288a7225846f","record_hash":"f8442d1df9deacc46605052fded158c3e90312c6fef4383da0f61a1bd6c68ab5","signature_hex":"137659c1780e1fbbd703940c82ed4b47d81e3d5118b03543cc897675c93d6d8a21c710a6338165e814d8afbf47c0ea3d72574c0c3d03d877d5ac4a875142d200","public_key_hex":"c2f8243b0d573587f285c830a868acd19249d17d59ecbf9329e796dfed6fb630"}
{"seq":91,"ts":1778727600000,"agent_id":"swarm","symbol":"SOLUSDT","side":"sell","price":89.87595213065954,"quantity":10.07361962000453,"notional_usd":905.37615475,"fee_usd":0.54322569285,"balance_before_usd":9963.044515394595,"balance_after_usd":9962.279187852577,"decision":"ALLOW","cert_hash":"bcb69a372ddeb2dbba4a74ab4740815602739412660387743b27cab061013e93","prev_hash":"f8442d1df9deacc46605052fded158c3e90312c6fef4383da0f61a1bd6c68ab5","record_hash":"62c91b0a4c2f0cbdec16e345f71a16803171a01ae576b45c4f7853a779d2428b","signature_hex":"b089d8ef01f8342f908da5e442a0733bdd57f69dc4f6f66dcbb1740ee0f127989e7c009e914818c89b414143ef4ca1128cacbe2895c0ed3e147dff44023a6c03","public_key_hex":"c2f8243b0d573587f285c830a868acd19249d17d59ecbf9329e796dfed6fb630"}
{"seq":92,"ts":1778734800000,"agent_id":"swarm","symbol":"SOLUSDT","side":"buy","price":91.26544424368272,"quantity":10.073601853679003,"notional_usd":919.37174831,"fee_usd":0.551623048986,"balance_before_usd":9948.726860534522,"balance_after_usd":9947.949143110769,"decision":"ALLOW","cert_hash":"5940fbf4cdbe470d771e2c27a86744b8fc9de4fcfbefc4777b4fe589527f46ac","prev_hash":"62c91b0a4c2f0cbdec16e345f71a16803171a01ae576b45c4f7853a779d2428b","record_hash":"60e449353d48c04dace36c13c555cb41cb525005a1b2aa45ea13f333fd1e67cc","signature_hex":"d5560e3dab8122eb4c764c7f9532b91f42f8c03ef6e8035bd0776026d71045488bd3da4e0d53510d606244499bbcc97edcd3239f12ca732e40228609dbad2807","public_key_hex":"c2f8243b0d573587f285c830a868acd19249d17d59ecbf9329e796dfed6fb630"}
{"seq":93,"ts":1779526800000,"agent_id":"swarm","symbol":"SOLUSDT","side":"sell","price":81.91712715931017,"quantity":10.38911217961671,"notional_usd":851.04622349,"fee_usd":0.510627734094,"balance_before_usd":9947.972607723515,"balance_after_usd":9947.255518818167,"decision":"ALLOW","cert_hash":"70c056cdb26aabdf4f8cad17380b7fc262629e4ba7a081b52779dc62bccdb565","prev_hash":"60e449353d48c04dace36c13c555cb41cb525005a1b2aa45ea13f333fd1e67cc","record_hash":"5ad3232faf344c1ac34916dc929884e7b35a7651356ee4dc4c6547ebd02806c3","signature_hex":"0dce44836a5c92dda1c4533835aa6b85151b8e271df8af5ec8139f67c4f49d8c060a05efca5b0f3d1248c00cdd3a973dbfbb53e307f185a9bd8ea81ec078ff01","public_key_hex":"c2f8243b0d573587f285c830a868acd19249d17d59ecbf9329e796dfed6fb630"}
{"seq":94,"ts":1779530400000,"agent_id":"swarm","symbol":"SOLUSDT","side":"buy","price":82.20394732179406,"quantity":10.389068529481431,"notional_usd":854.02244212,"fee_usd":0.512413465272,"balance_before_usd":9944.688796059438,"balance_after_usd":9943.969148501066,"decision":"ALLOW","cert_hash":"bc4811482bb047bfefcd37d663f299dc010c7f9d1ffd78f5172dbd3e291d5d02","prev_hash":"5ad3232faf344c1ac34916dc929884e7b35a7651356ee4dc4c6547ebd02806c3","record_hash":"ff5a5b593fdb2858df1c67fa815774c43113485d76a194ef5a5aad6752ba5598","signature_hex":"b04a17c199e38ad144a04fa47cb35b78eaacefb7ddc888234efbd4dc8b9c17c3a11fabce6aa3a3bc64ecb059bb79bdcc9d15d905d4813cbf52ad6f09a4a81107","public_key_hex":"c2f8243b0d573587f285c830a868acd19249d17d59ecbf9329e796dfed6fb630"}
{"seq":95,"ts":1779534000000,"agent_id":"swarm","symbol":"SOLUSDT","side":"sell","price":82.1970989944195,"quantity":10.23608818283383,"notional_usd":841.37675368,"fee_usd":0.5048260522079999,"balance_before_usd":9943.969065288702,"balance_after_usd":9943.260530788446,"decision":"ALLOW","cert_hash":"151bf653f53dc7cef2040d2a288db0d076502695a920159fa8ad00f96085a211","prev_hash":"ff5a5b593fdb2858df1c67fa815774c43113485d76a194ef5a5aad6752ba5598","record_hash":"74f15e3d90cb3b14b3d73c556c6c1ef5a75500096a5dae3c406ce54e3f42e50f","signature_hex":"80886e3fbb47548af554833a378cf25baada02bc85fedbbe13e16cb8d09b23b27f0b429d1399f5cc2a3d0b4d91a9ca62b6b2bbe340ac3716f6b4e48855d32e0c","public_key_hex":"c2f8243b0d573587f285c830a868acd19249d17d59ecbf9329e796dfed6fb630"}
{"seq":96,"ts":1779537600000,"agent_id":"swarm","symbol":"SOLUSDT","side":"buy","price":82.44396388226683,"quantity":10.23613048076063,"notional_usd":843.90717165,"fee_usd":0.50634430299,"balance_before_usd":9941.141138566125,"balance_after_usd":9940.430441359349,"decision":"ALLOW","cert_hash":"09261646976dd5499bdefb9a7ac3ad799ea769950979013bb7917d33f055a42e","prev_hash":"74f15e3d90cb3b14b3d73c556c6c1ef5a75500096a5dae3c406ce54e3f42e50f","record_hash":"5e26ff51640553057311b987cf38beedfc3793f84eae45be4956c7725d20ba35","signature_hex":"21446386272c8156d81c9d47d076a63a2fe2c18ccd2fac62c55a6a920888bdf01b73bf93b2717a43ee6e77498fbe8d2f2023d88b42560f6107e8db39630c5d07","public_key_hex":"c2f8243b0d573587f285c830a868acd19249d17d59ecbf9329e796dfed6fb630"}
{"seq":97,"ts":1780423200000,"agent_id":"swarm","symbol":"SOLUSDT","side":"sell","price":76.08229789346824,"quantity":12.031269663565004,"notional_usd":915.36664258,"fee_usd":0.5492199855479999,"balance_before_usd":9940.44622075865,"balance_after_usd":9939.671990686142,"decision":"ALLOW","cert_hash":"aa1e3a2425958b8182f1d5575f8346369358b70aa7cb66030f1336adbcba0fe3","prev_hash":"5e26ff51640553057311b987cf38beedfc3793f84eae45be4956c7725d20ba35","record_hash":"1a7033e420bf884d8bb88401e37534610c4d9eedae6ca163405a3c6625182950","signature_hex":"4b0a359946bc165fa0344478ba3590d7809c2762dac2962e580d01c431f67cd10414411ad02769f1af82ae34868802d51ba3df8bd29ca982ca78663b281dd506","public_key_hex":"c2f8243b0d573587f285c830a868acd19249d17d59ecbf9329e796dfed6fb630"}
{"seq":98,"ts":1780437600000,"agent_id":"swarm","symbol":"SOLUSDT","side":"sell","price":73.59907446929485,"quantity":4.442185721050039,"notional_usd":326.94075769,"fee_usd":0.19616445461399998,"balance_before_usd":9969.587890581985,"balance_after_usd":9969.320981962272,"decision":"ALLOW","cert_hash":"54b1dce09df4fcd8ba93457b7968b18f6e59518291877f66a2d7e84e9e5b578a","prev_hash":"1a7033e420bf884d8bb88401e37534610c4d9eedae6ca163405a3c6625182950","record_hash":"713e4ed6ab66d21000428d05d4da51961e1e008645561da946c791e373e3c014","signature_hex":"21159dff18f752031ec359abc47b5ec90103ecfd695c4d4432686f42cfde231a7b786c212f1938a7a4a05022729422d9c0e8ea8890e7b46a1f29c769365c6508","public_key_hex":"c2f8243b0d573587f285c830a868acd19249d17d59ecbf9329e796dfed6fb630"}
{"seq":99,"ts":1780470000000,"agent_id":"swarm","symbol":"SOLUSDT","side":"buy","price":75.23408757162619,"quantity":3.686598163843524,"notional_usd":277.3578491,"fee_usd":0.16641470946,"balance_before_usd":9942.721541826928,"balance_after_usd":9942.495818705449,"decision":"ALLOW","cert_hash":"66266d88f1895829fcd836c8c5e6290e41aa9dda38a91474ea2c8cb1423b327f","prev_hash":"713e4ed6ab66d21000428d05d4da51961e1e008645561da946c791e373e3c014","record_hash":"bd93239d8e65a0c30bbef7a5b9aeef9d218c840b6f39e1f624dbfd92ee8a9a12","signature_hex":"3f0c9249d809eb012e16f7304a655ede1c8578c3d7fa736d50c89a700393cfaefb91e671bfb933823d0d798779bf045077b1f42fff053def8f6a985be8b85503","public_key_hex":"c2f8243b0d573587f285c830a868acd19249d17d59ecbf9329e796dfed6fb630"}
{"seq":100,"ts":1780473600000,"agent_id":"swarm","symbol":"SOLUSDT","side":"buy","price":74.96958361108778,"quantity":12.786166263276801,"notional_usd":958.57356074,"fee_usd":0.575144136444,"balance_before_usd":9945.843471404281,"balance_after_usd":9945.030714126695,"decision":"ALLOW","cert_hash":"5b2ee62a011cad6bb62cea4f121cbc0f27499c7e5517bd35c3a2d2c266f80063","prev_hash":"bd93239d8e65a0c30bbef7a5b9aeef9d218c840b6f39e1f624dbfd92ee8a9a12","record_hash":"cf94cfc3f43f01c1b228438a93d7cce4057e1d51834121de3df26eb9a65f2d14","signature_hex":"a244731f726fe1c8c161a8f3fe679a1c575a709f67c8eaf394ac3a0967efbd19722538de782bacf6d2276e259acb305586bb36a5c263c339a621c516df7d850c","public_key_hex":"c2f8243b0d573587f285c830a868acd19249d17d59ecbf9329e796dfed6fb630"}
{"seq":101,"ts":1780516800000,"agent_id":"swarm","symbol":"SOLUSDT","side":"sell","price":71.15056917517302,"quantity":12.632232904380198,"notional_usd":898.7905611,"fee_usd":0.53927433666,"balance_before_usd":9945.042687744855,"balance_after_usd":9944.283223169266,"decision":"ALLOW","cert_hash":"bed5274a54736f68963366fbc74dd4aaae28bb9e4e9f70377093e47b75b7a480","prev_hash":"cf94cfc3f43f01c1b228438a93d7cce4057e1d51834121de3df26eb9a65f2d14","record_hash":"7421b71e234c437a01ef8ea19e8e2e67be763c22bf879e00669c45a5798d7dc8","signature_hex":"9498809ecdf71074a6e5ee5df5bcc6e9a8f23598c08af4581c4faf3f7310cf0844ca3ece272efcf83c889e6f781785d5b927612c4686e36a3ad4e997b5ebc005","public_key_hex":"c2f8243b0d573587f285c830a868acd19249d17d59ecbf9329e796dfed6fb630"}
{"seq":102,"ts":1780520400000,"agent_id":"swarm","symbol":"SOLUSDT","side":"buy","price":72.78990116793705,"quantity":12.632295735208784,"notional_usd":919.50355809,"fee_usd":0.551702134854,"balance_before_usd":9924.016036515415,"balance_after_usd":9923.238201533175,"decision":"ALLOW","cert_hash":"610099d4dcd727c56ad98a9b5d7674ce94a18893d620f56d6ed5b1127a7dd96f","prev_hash":"7421b71e234c437a01ef8ea19e8e2e67be763c22bf879e00669c45a5798d7dc8","record_hash":"cb567b981e07e96063f9cca46c143fe7c9eff360dfe1d7fcbd633e35b29032d8","signature_hex":"2f24dd8bfe5d88272e443befd45e3abe8235238cd11e79e6153631deff546f84077a8fd45b6f7ccab7e85846a26bdb49ade317edd6395c67f83cdf038ab8af05","public_key_hex":"c2f8243b0d573587f285c830a868acd19249d17d59ecbf9329e796dfed6fb630"}
{"seq":103,"ts":1780524000000,"agent_id":"swarm","symbol":"SOLUSDT","side":"sell","price":72.15055245680543,"quantity":11.580522039110036,"notional_usd":835.54106286,"fee_usd":0.501324637716,"balance_before_usd":9923.24007841218,"balance_after_usd":9922.536702115971,"decision":"ALLOW","cert_hash":"b0cc8583ab0d9435c13e73f1711c4e2ee9535aa287e2d734d137cd7d42dd95d3","prev_hash":"cb567b981e07e96063f9cca46c143fe7c9eff360dfe1d7fcbd633e35b29032d8","record_hash":"60342a9006db8e46361023d3fe889eefcaee99cff5abbbc4276eb0621bc6954e","signature_hex":"eceb800b53312a79f9f0bf932c6ee1d3588ad51af99fd481cfbb0338f30966e928c5957d1214d9aa58b41e10b40df7b7bc879aad7e94d94fb6ac185bb1354a0e","public_key_hex":"c2f8243b0d573587f285c830a868acd19249d17d59ecbf9329e796dfed6fb630"}
{"seq":104,"ts":1780534800000,"agent_id":"swarm","symbol":"SOLUSDT","side":"sell","price":68.55296944349209,"quantity":5.606904580505947,"notional_usd":384.36995838,"fee_usd":0.230621975028,"balance_before_usd":9964.168961671872,"balance_after_usd":9963.854064800713,"decision":"ALLOW","cert_hash":"a4431a24e5043cfcea225673774312eaf8c7f53e032059f630b840dfcf9d27d0","prev_hash":"60342a9006db8e46361023d3fe889eefcaee99cff5abbbc4276eb0621bc6954e","record_hash":"331e9a8d9935d8da55716b1adfde7feec53d188b8e6985fb7e7091b32baa49eb","signature_hex":"10246328135d6e10cf9e80dcd380f32c66e52c3341c8cc2a121a3a1e6b74786b7d08552fe478a427e007e73643e5c031771bef785af800d1e78df277f313fc0d","public_key_hex":"c2f8243b0d573587f285c830a868acd19249d17d59ecbf9329e796dfed6fb630"}
{"seq":105,"ts":1780542000000,"agent_id":"swarm","symbol":"SOLUSDT","side":"buy","price":71.43568746701234,"quantity":5.49835329745203,"notional_usd":392.77864774,"fee_usd":0.235667188644,"balance_before_usd":9914.826661732357,"balance_after_usd":9914.504739307737,"decision":"ALLOW","cert_hash":"a5b6660b36907ae3ea6e59fecd7e5fb15f2627d3a2eb869ed02228a444887327","prev_hash":"331e9a8d9935d8da55716b1adfde7feec53d188b8e6985fb7e7091b32baa49eb","record_hash":"37fb439083fd638bbfcf4e1347f8fa5e28b2dabf33bc1d22dcebe3b6ae50e235","signature_hex":"854eaa5fb347bf924609c2fb050226b1395a99fb60693a0ceb9cd347d8d2e516f9f558e767c76bbf439ac43213b7ec365932962ca632adc42219804064b9790e","public_key_hex":"c2f8243b0d573587f285c830a868acd19249d17d59ecbf9329e796dfed6fb630"}
{"seq":106,"ts":1780556400000,"agent_id":"swarm","symbol":"SOLUSDT","side":"sell","price":69.084491573359,"quantity":2.8882879343205135,"notional_usd":199.53590346,"fee_usd":0.119721542076,"balance_before_usd":9941.64229080002,"balance_after_usd":9941.480664744333,"decision":"ALLOW","cert_hash":"55dd4849232ace436a98b7c1d78591f16e68b24dd7bf79dffb0f2881fd62ed0d","prev_hash":"37fb439083fd638bbfcf4e1347f8fa5e28b2dabf33bc1d22dcebe3b6ae50e235","record_hash":"809789b6b18f34004b3ee08d12e6fb980a82258f030f966d55e06ea7ffb239f2","signature_hex":"9a8aaca0d6f13042f3d300b182fd9fc658165727acbfd217dc77ffdf3ada73eb0a36fde32e6e87e5d2bd1a3542f20feafefd6e7b89e18c173656a2d8f0b87509","public_key_hex":"c2f8243b0d573587f285c830a868acd19249d17d59ecbf9329e796dfed6fb630"}
{"seq":107,"ts":1780567200000,"agent_id":"swarm","symbol":"SOLUSDT","side":"sell","price":67.81757997833118,"quantity":3.7145560631991006,"notional_usd":251.9122029,"fee_usd":0.15114732174,"balance_before_usd":9959.834068659164,"balance_after_usd":9959.629357358503,"decision":"ALLOW","cert_hash":"2a7e02bdb0fe14dd46b156a46dca56208716ef299678bbd2cb7a5ab53e6a2ea2","prev_hash":"809789b6b18f34004b3ee08d12e6fb980a82258f030f966d55e06ea7ffb239f2","record_hash":"7b9f800b412c4e3df0ad116d298f8b8a640e558bdfd2f23a5860f08a83cb7f91","signature_hex":"6d3337bd2591f4613a68f472fb42f5d080b535b9111ee8aff9949a0364fddd7c5b1c775b2c623fe684783852b47ac4a4fce69f218bfc8f78639be53c3cf4cc09","public_key_hex":"c2f8243b0d573587f285c830a868acd19249d17d59ecbf9329e796dfed6fb630"}
{"seq":108,"ts":1780570800000,"agent_id":"swarm","symbol":"SOLUSDT","side":"buy","price":68.65945344412063,"quantity":3.0709340981224362,"notional_usd":210.84865674,"fee_usd":0.126509194044,"balance_before_usd":9944.75550224874,"balance_after_usd":9944.58460748031,"decision":"ALLOW","cert_hash":"de78ce10bb82bc5422385b3c66a602aeece7eabc996d96f46dc74af1f97114c6","prev_hash":"7b9f800b412c4e3df0ad116d298f8b8a640e558bdfd2f23a5860f08a83cb7f91","record_hash":"a155e3354bed2ded123af833f4f21ca875d24609540ba77dc4342b43bf7512fc","signature_hex":"7d1af6088f529db111091ea7665a3f269138303f7d5d05bd9773ff5ef68e59536a39a847443e1b7aa6bebf5a5791bdcbc6db0a3a968307eb2d83d58b1fbfc20e","public_key_hex":"c2f8243b0d573587f285c830a868acd19249d17d59ecbf9329e796dfed6fb630"}
{"seq":109,"ts":1780574400000,"agent_id":"swarm","symbol":"SOLUSDT","side":"buy","price":70.08275090671665,"quantity":15.220234603944048,"notional_usd":1066.67591049,"fee_usd":0.640005546294,"balance_before_usd":9922.966398775583,"balance_after_usd":9922.056220264629,"decision":"ALLOW","cert_hash":"6b3f42a84a9308e09046eebb863c8ff56fe406f1c0a9da02ffb46f1dec4e67c0","prev_hash":"a155e3354bed2ded123af833f4f21ca875d24609540ba77dc4342b43bf7512fc","record_hash":"664f3cdf6da49a3ed83ef1448a1343fb596027eea76101c1202917bac2217b60","signature_hex":"9ccbcdee091670e96534b8ba05ec2f725ffd7e9ec4f655153a944b60e21126a02001dabb7fbd86fde22efe0c7b11b66207bab168560c17507304b2f70a04bf01","public_key_hex":"c2f8243b0d573587f285c830a868acd19249d17d59ecbf9329e796dfed6fb630"}
{"seq":110,"ts":1780624800000,"agent_id":"swarm","symbol":"SOLUSDT","side":"sell","price":67.26243678976317,"quantity":13.737696399673561,"notional_usd":924.03093572,"fee_usd":0.5544185614320001,"balance_before_usd":9922.066933192118,"balance_after_usd":9921.284974277049,"decision":"ALLOW","cert_hash":"4a844c294315c8ff9adf08b3045447ccf9c0ac1dc4dbb5d21c566fc247325b8b","prev_hash":"664f3cdf6da49a3ed83ef1448a1343fb596027eea76101c1202917bac2217b60","record_hash":"2f0188a95b02cf1f130715e42f7492fe3e90af4c3a62baebe15298ca0a808f32","signature_hex":"9d0ea7d90eb254395163fb118d7674aa373a892ea96f1fb31f5590ffdc250b30402add99781d200dfbe7a3fc19f3df0172fd10b65d2bfccdb87a815d78341b0c","public_key_hex":"c2f8243b0d573587f285c830a868acd19249d17d59ecbf9329e796dfed6fb630"}
{"seq":111,"ts":1780632000000,"agent_id":"swarm","symbol":"SOLUSDT","side":"buy","price":67.91974958528817,"quantity":13.738163649709826,"notional_usd":933.09263485,"fee_usd":0.55985558091,"balance_before_usd":9912.710245558941,"balance_after_usd":9911.920281434279,"decision":"ALLOW","cert_hash":"81f64d1d41eb237b2b62b7c7c28fe1f8af9874bb3b9a5c11e9a5043363d0dd2b","prev_hash":"2f0188a95b02cf1f130715e42f7492fe3e90af4c3a62baebe15298ca0a808f32","record_hash":"859fc9552ad9f016b5b2583f3fb81bd74c7dcfc26d5f436c4c33da5ff9081ed7","signature_hex":"10c7b92eb914a2c575bfad4e06ab44dd139ef09c7ae577f3f14bac31fbbb5816d8547ec9a60d08fc2fe69d28fe37c14b95c44035af3fa70a186b8c21da692504","public_key_hex":"c2f8243b0d573587f285c830a868acd19249d17d59ecbf9329e796dfed6fb630"}
{"seq":112,"ts":1780635600000,"agent_id":"swarm","symbol":"SOLUSDT","side":"sell","price":66.1636486465755,"quantity":14.233994335630467,"notional_usd":941.77300006,"fee_usd":0.565063800036,"balance_before_usd":9911.92612030765,"balance_after_usd":9911.12831143559,"decision":"ALLOW","cert_hash":"6a5febd593b5287f21f298182f8fcd59fe3f290a26c66100774af153f880cd95","prev_hash":"859fc9552ad9f016b5b2583f3fb81bd74c7dcfc26d5f436c4c33da5ff9081ed7","record_hash":"1d4794578e96509896c5166d59cdc284c5419452078ed0972d1ea29b7216e139","signature_hex":"bb22dbbdce94641a271c744b26c977e5984a2569bef01e221e13e690527af85263bdd3e8f0317f60aef054941cd848951b61d24bef982d15ba62a23bb51b8f0f","public_key_hex":"c2f8243b0d573587f285c830a868acd19249d17d59ecbf9329e796dfed6fb630"}
{"seq":113,"ts":1780642800000,"agent_id":"swarm","symbol":"SOLUSDT","side":"buy","price":66.13433657240931,"quantity":14.233866185673996,"notional_usd":941.34729705,"fee_usd":0.56480837823,"balance_before_usd":9912.011029188956,"balance_after_usd":9911.213688225118,"decision":"ALLOW","cert_hash":"3505220e70e1552406a392346af4663608d11c03a2fead47f6f8fdece0e81b16","prev_hash":"1d4794578e96509896c5166d59cdc284c5419452078ed0972d1ea29b7216e139","record_hash":"96a7f6e396df0f5da31f7a9b27c7bdf6bd8c393d581899f60854c6ee99cd78ce","signature_hex":"46eaaf847620043e105607fe31a9cc1ff86ef805dfe108efd8fdda1e7908f8c95d9722006222748d1fdd1e55ce33907373a33fa1512d45844252492aaf17b800","public_key_hex":"c2f8243b0d573587f285c830a868acd19249d17d59ecbf9329e796dfed6fb630"}
{"seq":114,"ts":1780646400000,"agent_id":"swarm","symbol":"SOLUSDT","side":"sell","price":65.23982202981144,"quantity":14.693552234737306,"notional_usd":958.60473278,"fee_usd":0.575162839668,"balance_before_usd":9911.216673003257,"balance_after_usd":9910.403798313571,"decision":"ALLOW","cert_hash":"7e6791be685217e829e0cf04ae7be1f3cce26bfcb98db4f733f6a2c60d2639d7","prev_hash":"96a7f6e396df0f5da31f7a9b27c7bdf6bd8c393d581899f60854c6ee99cd78ce","record_hash":"99275f16fe4847f6ac616f76789c248db445e7a469c6eccd22f9313a8e15749d","signature_hex":"b4d92ff023b22f2161d3487e863e7b0b72bca1503f26ceeca4b7f629308a46a2ed2ef34ad4984e1f3b950ca0f64c3df8693169c2c4934073ed77a10b61f1ba07","public_key_hex":"c2f8243b0d573587f285c830a868acd19249d17d59ecbf9329e796dfed6fb630"}
{"seq":115,"ts":1780664400000,"agent_id":"swarm","symbol":"SOLUSDT","side":"sell","price":64.25738205651132,"quantity":3.702100288193961,"notional_usd":237.88727263,"fee_usd":0.142732363578,"balance_before_usd":9924.880411443899,"balance_after_usd":9924.687264087806,"decision":"ALLOW","cert_hash":"2a65f8284d9054d4c40d0653c56e1da4d075bf8b60539219892ebeb74b3c9bd4","prev_hash":"99275f16fe4847f6ac616f76789c248db445e7a469c6eccd22f9313a8e15749d","record_hash":"64c4e1cc61ced9510d446b54eb82eb825a445ee5dc041c0ebc73fbeb183a1ee8","signature_hex":"e15de70179097682c1ff2119cf058b6722f54db0bbd5cccb86ffd9c4f7dcb342badf0ef8460dacfcbc30d34cff4b8a00cba76aa422c8cbb139d11d63abe5610e","public_key_hex":"c2f8243b0d573587f285c830a868acd19249d17d59ecbf9329e796dfed6fb630"}
{"seq":116,"ts":1780675200000,"agent_id":"swarm","symbol":"SOLUSDT","side":"buy","price":65.84803975982375,"quantity":4.024019582761673,"notional_usd":264.97380148,"fee_usd":0.158984280888,"balance_before_usd":9895.805810553975,"balance_after_usd":9895.590330004617,"decision":"ALLOW","cert_hash":"be84f9977be68af4c1aa295296969f4b741ac842b9050c180bf6cf26f9e915bb","prev_hash":"64c4e1cc61ced9510d446b54eb82eb825a445ee5dc041c0ebc73fbeb183a1ee8","record_hash":"35d6762f8ea114d73c291ed05d42152f58504450cef719f1a7e75bbc483a577a","signature_hex":"015e15211fbf3e89a416635c8a9df90aff29726beb0c74b06622cf29d9e9323069337d1451960e03a825131e726eb6f1d967cff956002f88111c9639f3c4ec09","public_key_hex":"c2f8243b0d573587f285c830a868acd19249d17d59ecbf9329e796dfed6fb630"}
{"seq":117,"ts":1780682400000,"agent_id":"swarm","symbol":"SOLUSDT","side":"sell","price":62.84837958020969,"quantity":5.30910177810008,"notional_usd":333.66844378,"fee_usd":0.20020106626800002,"balance_before_usd":9938.313275428001,"balance_after_usd":9938.040762166807,"decision":"ALLOW","cert_hash":"7898c28284b39605d35dba9096dd48a7873e9b1ebb9cda6de580d5f1e569700d","prev_hash":"35d6762f8ea114d73c291ed05d42152f58504450cef719f1a7e75bbc483a577a","record_hash":"26448858d9d840f191e87a5857370849bd8f9ac17b7eba08a3145e7cc164ee85","signature_hex":"13685cababd06dc8f3d8d93735119747326a4d13905d91f52a6c46ebfef1e6007563dd28f155dc8a2a05cacdbda522fcfb2f86fb929ad9b02bfb7488ec1a4f0f","public_key_hex":"c2f8243b0d573587f285c830a868acd19249d17d59ecbf9329e796dfed6fb630"}
{"seq":118,"ts":1780689600000,"agent_id":"swarm","symbol":"SOLUSDT","side":"buy","price":64.60961334331509,"quantity":3.3229867499619368,"notional_usd":214.69688906,"fee_usd":0.128818133436,"balance_before_usd":9903.908269803316,"balance_after_usd":9903.734214710421,"decision":"ALLOW","cert_hash":"8f6e900ac1f94905451e4a7a26503bd69228e6dce3341ea72143c49577a93472","prev_hash":"26448858d9d840f191e87a5857370849bd8f9ac17b7eba08a3145e7cc164ee85","record_hash":"01998652e1a2f97403936afc2fe720eaee34cba33aefa3fa6856fb1172ed4e38","signature_hex":"fd0c077d23dcbff3630c6813fa0e077494ba2fe8d8756aa701e6e20accf8c6fb172ecaa1f7969eb4775d648aec2f4962cf3957971516bdcff40997127986c303","public_key_hex":"c2f8243b0d573587f285c830a868acd19249d17d59ecbf9329e796dfed6fb630"}
{"seq":119,"ts":1780704000000,"agent_id":"swarm","symbol":"SOLUSDT","side":"buy","price":64.62660528269785,"quantity":3.2663519551523605,"notional_usd":211.09323852,"fee_usd":0.126655943112,"balance_before_usd":9903.393701332961,"balance_after_usd":9903.222605748111,"decision":"ALLOW","cert_hash":"474dcbdc1d7525464b5526b846b6e50026556d7c17844886574c30e165177cd6","prev_hash":"01998652e1a2f97403936afc2fe720eaee34cba33aefa3fa6856fb1172ed4e38","record_hash":"531343b36faa29aa08aeae5bfcdb447107dbcb5f7ffed06e99b06a9f1f24e6ef","signature_hex":"1181021daccd01c10d08b968f89be9f6f74a7ba2db8ac63b4c8a7148c8f1b084dcd7bebc401998639746625b502cf4c27e86c4caa3e92d876a106b4d7fd5b40f","public_key_hex":"c2f8243b0d573587f285c830a868acd19249d17d59ecbf9329e796dfed6fb630"}
{"seq":120,"ts":1780707600000,"agent_id":"swarm","symbol":"SOLUSDT","side":"buy","price":63.816426290947476,"quantity":13.091747523921022,"notional_usd":835.46854088,"fee_usd":0.501281124528,"balance_before_usd":9913.855675060477,"balance_after_usd":9913.152436829634,"decision":"ALLOW","cert_hash":"bb714d12b0f37e6a7083a70ad1e947d2b834a3ff7269ee7dbdbf2770e97c2c12","prev_hash":"531343b36faa29aa08aeae5bfcdb447107dbcb5f7ffed06e99b06a9f1f24e6ef","record_hash":"85667daf81b15e7b90aa804838dacdb378fc8c812c61a8bcf64419f1efac23ed","signature_hex":"547c5b29b0444a2d71d4d571fd4a4326d5e7b845f158fc13d075c43ff4419b14ab5f0217bf760a89cb06e3bb7009fb0281ae4a17aad920c81dc64ff846056405","public_key_hex":"c2f8243b0d573587f285c830a868acd19249d17d59ecbf9329e796dfed6fb630"}
{"seq":121,"ts":1780714800000,"agent_id":"swarm","symbol":"SOLUSDT","side":"sell","price":62.77043857745644,"quantity":15.25029708321643,"notional_usd":957.26783635,"fee_usd":0.5743607018100001,"balance_before_usd":9913.155649733311,"balance_after_usd":9912.343972714674,"decision":"ALLOW","cert_hash":"5f4f47bb46c1c2494010a1dd90230f4f2b4fcb912737cc64ff40765e7fec29b1","prev_hash":"85667daf81b15e7b90aa804838dacdb378fc8c812c61a8bcf64419f1efac23ed","record_hash":"c52e944da139da70e2215303f828f7f31c30f9e3e2b15cbed88db357efe536fd","signature_hex":"fd1d9721e6c694e74f83189821b473e7670b115ad037a7ff1c125fd611f501e20efb01877a61571dc82adcc6174cc08d280a3b509fdaa1458e0f1fa2670ae607","public_key_hex":"c2f8243b0d573587f285c830a868acd19249d17d59ecbf9329e796dfed6fb630"}
{"seq":122,"ts":1780718400000,"agent_id":"swarm","symbol":"SOLUSDT","side":"sell","price":60.79123233631609,"quantity":3.287202035557711,"notional_usd":199.83306268,"fee_usd":0.119899837608,"balance_before_usd":9942.576335400694,"balance_after_usd":9942.414465673035,"decision":"ALLOW","cert_hash":"fe502cea4be2dd93cf5866bc601ae54896ab06564fc52a851038c78505b98ea9","prev_hash":"c52e944da139da70e2215303f828f7f31c30f9e3e2b15cbed88db357efe536fd","record_hash":"e226d89600a7c2153626f7baec25655d8f5c09b9a3c8e9ae891e373f065818c2","signature_hex":"68cfb36ff1609aba6b207272d8627b54ccabfa2d2e236860493364125c8e23c0a8f8fab1ec0909218ab943f19f07588ce12ddadc8efbc33dc6f9da6356efd60e","public_key_hex":"c2f8243b0d573587f285c830a868acd19249d17d59ecbf9329e796dfed6fb630"}
{"seq":123,"ts":1780732800000,"agent_id":"swarm","symbol":"SOLUSDT","side":"buy","price":63.13735300006042,"quantity":3.650730433057265,"notional_usd":230.49745606,"fee_usd":0.138298473636,"balance_before_usd":9899.147325981408,"balance_after_usd":9898.96027930408,"decision":"ALLOW","cert_hash":"b01802b5413bad88e51a2ca3d24fac8fc0ff8e3e931263310804f573244b290a","prev_hash":"e226d89600a7c2153626f7baec25655d8f5c09b9a3c8e9ae891e373f065818c2","record_hash":"1fcc1f76545722072e2c28c3647f96800a3c8725161a7740aed9817e4fbcb40e","signature_hex":"f1f06b9335708156749c8962987d4811b3a36b493ff63487c7856d8abdcd280f75f936915c87db1ef5ce53793d0297865502873b2aa278b7ff3d82ebea1be80b","public_key_hex":"c2f8243b0d573587f285c830a868acd19249d17d59ecbf9329e796dfed6fb630"}
{"seq":124,"ts":1780747200000,"agent_id":"swarm","symbol":"SOLUSDT","side":"buy","price":62.88651794175536,"quantity":14.886259852661025,"notional_usd":936.14504731,"fee_usd":0.561687028386,"balance_before_usd":9902.727432633419,"balance_after_usd":9901.934741491685,"decision":"ALLOW","cert_hash":"02516b8ca611ce9d1e3bb2cf16f86457fc8d1c10e7b61df98ddb7007f303c02e","prev_hash":"1fcc1f76545722072e2c28c3647f96800a3c8725161a7740aed9817e4fbcb40e","record_hash":"f8800b6d5c966299aebba7f06865b11652cc343a3638b26bb82f821bba10e91d","signature_hex":"7ea09e7f956e1364319b5e9e9652adcf547f3a75bdbbc71deb4ed70330be3dbeea7416bc6e670f1093079773e40e35b07706fd7089c47bf9f6ef56841b8f860e","public_key_hex":"c2f8243b0d573587f285c830a868acd19249d17d59ecbf9329e796dfed6fb630"}
{"seq":125,"ts":1780772400000,"agent_id":"swarm","symbol":"SOLUSDT","side":"sell","price":61.5841181585554,"quantity":13.51206089413491,"notional_usd":832.12835467,"fee_usd":0.499277012802,"balance_before_usd":9901.93936815868,"balance_after_usd":9901.239006798061,"decision":"ALLOW","cert_hash":"4795132a49e1a367ab6a3a24b4733ccf13e5d098abf59152c15f8847c45c3b8d","prev_hash":"f8800b6d5c966299aebba7f06865b11652cc343a3638b26bb82f821bba10e91d","record_hash":"c1a27dddddf252d48de22076fe66c095dd1f78e0d0f7efd270d0e978157b9c3a","signature_hex":"8ca11e136e7de02481d93c45ea6de90fea09625d98ba1f951b2e4dfdab545f3c9fa8286b405b4c8fbd40991718134902f025570a677bb5de79cdd2f06d962b09","public_key_hex":"c2f8243b0d573587f285c830a868acd19249d17d59ecbf9329e796dfed6fb630"}
{"seq":126,"ts":1780779600000,"agent_id":"swarm","symbol":"SOLUSDT","side":"buy","price":61.87996030123404,"quantity":13.512467541342701,"notional_usd":836.15095503,"fee_usd":0.501690573018,"balance_before_usd":9897.643821248284,"balance_after_usd":9896.939980090434,"decision":"ALLOW","cert_hash":"eadf29824c8c44459c756cc0dc9b721988ec129ad4a995b04aec20d926d2abd2","prev_hash":"c1a27dddddf252d48de22076fe66c095dd1f78e0d0f7efd270d0e978157b9c3a","record_hash":"c05de9fef039d4420be3f9310519e8893ac53cecabd074e470635151f51e6560","signature_hex":"067d22b24a393c016f8cdf969e73a9707f2de9a81fc7950d3b2d2a15ed360ead36bd9478b318480636f48f7e11ca27017add8c8c862d04544561086281f82c00","public_key_hex":"c2f8243b0d573587f285c830a868acd19249d17d59ecbf9329e796dfed6fb630"}
{"seq":127,"ts":1781488800000,"agent_id":"swarm","symbol":"SOLUSDT","side":"buy","price":70.96521883529557,"quantity":12.029072563296697,"notional_usd":853.64576684,"fee_usd":0.512187460104,"balance_before_usd":9896.910062602345,"balance_after_usd":9896.190748523013,"decision":"ALLOW","cert_hash":"cb32520bc7b7cf2cce12f1935be7e66591e8294e4e5719b7e272911b2b3bdf46","prev_hash":"c05de9fef039d4420be3f9310519e8893ac53cecabd074e470635151f51e6560","record_hash":"639ff7cc81f290857d4d798d4e98ac2ee61a11efb8364f2cebe877235cdbb5ea","signature_hex":"c622d143b0220560bdb58fb950606a939dfe02f86e406cc9afc1d216acccdfde67b916b26f702b79c0a34debb420e87aa54bfeee1ec99ba95a9e15326ddd8f0e","public_key_hex":"c2f8243b0d573587f285c830a868acd19249d17d59ecbf9329e796dfed6fb630"}
{"seq":128,"ts":1781499600000,"agent_id":"swarm","symbol":"SOLUSDT","side":"buy","price":71.17898090604763,"quantity":2.950694828536879,"notional_usd":210.02745086,"fee_usd":0.12601647051599998,"balance_before_usd":9898.788322393317,"balance_after_usd":9898.618101840799,"decision":"ALLOW","cert_hash":"820465c299fef3d091367c6ef15ccf6a8d4af4dc365754ef029ce7369c5e3562","prev_hash":"639ff7cc81f290857d4d798d4e98ac2ee61a11efb8364f2cebe877235cdbb5ea","record_hash":"74376689c3445722f4ec270f24fc58f65d762744976d8577b961b66484db2164","signature_hex":"48b8b337e9a6dd6db926843f8a82b481f5b970136632b33e118d1372fac557877dc8c4c6ecc4b7380e4f1c5fae8c141c620c54191a5468c8f49d6141f977c805","public_key_hex":"c2f8243b0d573587f285c830a868acd19249d17d59ecbf9329e796dfed6fb630"}
{"seq":129,"ts":1781532000000,"agent_id":"swarm","symbol":"SOLUSDT","side":"buy","price":73.77549336527498,"quantity":2.721782855531725,"notional_usd":200.800873,"fee_usd":0.12048052379999999,"balance_before_usd":9937.50669895962,"balance_after_usd":9937.34404885984,"decision":"ALLOW","cert_hash":"8fffa94f97c1770236a5533998bbf01f18562d6eaac5ffad32dca237e79ac8fb","prev_hash":"74376689c3445722f4ec270f24fc58f65d762744976d8577b961b66484db2164","record_hash":"29766696620717dde1ecb08941acf69dcaaed736d38602a6c133ac5803b72ba1","signature_hex":"1690470905082a45da2a4351895cf14b8c96c71d01eb9d8f034980e3c6cf291baa3db2b73b529b98f9234cef21ab654bfc805b92d957d7a037bf8905e0c4aa05","public_key_hex":"c2f8243b0d573587f285c830a868acd19249d17d59ecbf9329e796dfed6fb630"}
{"seq":130,"ts":1781560800000,"agent_id":"swarm","symbol":"SOLUSDT","side":"sell","price":73.71942603331753,"quantity":3.045740291283921,"notional_usd":224.53022612,"fee_usd":0.13471813567200003,"balance_before_usd":9936.932295146247,"balance_after_usd":9936.750142752755,"decision":"ALLOW","cert_hash":"ff4d25f035185557925448fa09f392c56209cd701bae8a0c569c67685af5f9d9","prev_hash":"29766696620717dde1ecb08941acf69dcaaed736d38602a6c133ac5803b72ba1","record_hash":"182a7d731df10d11bfb598ac4db28321a87891deb7639a3e97189988c2582134","signature_hex":"94158ca863601f4002d82d6c011e030b7ed199d404f9a7c921e4816509652cf6bd71b485c3aff57a7cc6a445d30bc21bad47bf6c6de9c7423aa56b3a59c30d0e","public_key_hex":"c2f8243b0d573587f285c830a868acd19249d17d59ecbf9329e796dfed6fb630"}
{"seq":131,"ts":1781571600000,"agent_id":"swarm","symbol":"SOLUSDT","side":"sell","price":73.81723983429615,"quantity":14.65626619511377,"notional_usd":1081.8851168,"fee_usd":0.64913107008,"balance_before_usd":9938.171495596958,"balance_after_usd":9937.247410544458,"decision":"ALLOW","cert_hash":"6b6cd2a8b1f298534b6adcc2cb4286bec04a9f4f877d3c763398d708d7bfbff8","prev_hash":"182a7d731df10d11bfb598ac4db28321a87891deb7639a3e97189988c2582134","record_hash":"a46baa380c36f0b1a1f6ae1026a525d0c5023ba43e04ed51c10a90c377dabddd","signature_hex":"30d124eb0075d77b39a5d33e4d9ccc392ec37f4ec298e33ebe1f858bd9cbb40d5fae642c03b6692cced39e0bcf1c62786e8987c42e216dcb541e81ea31ab2e07","public_key_hex":"c2f8243b0d573587f285c830a868acd19249d17d59ecbf9329e796dfed6fb630"}
