{"seq":0,"ts":1778515200000,"agent_id":"baseline-momentum","symbol":"BTCUSDT","side":"buy","price":81544.4576304,"quantity":0.0245264982822621,"notional_usd":2000.0,"fee_usd":1.2,"balance_before_usd":10000.0,"balance_after_usd":9998.200139970006,"decision":"ALLOW_CAPPED","cert_hash":"32f52e303285f7d9a9e0173d5ff5fd588315252ab8defc7bb0247bf38eb73adf","prev_hash":"0000000000000000000000000000000000000000000000000000000000000000","record_hash":"520f99487b3b28b2a6cbd9e38a3bb94d0dad09753eb2ee819a5b4efe400806dd","signature_hex":"7ff35647eb2f4ea428902ed5c8e28182a5582f72d0bf439ce791724943e6509b97f6cbabfaa55c3cc1e74742db18a4959e18835622c98bf6131e66001711c40a","public_key_hex":"c2f8243b0d573587f285c830a868acd19249d17d59ecbf9329e796dfed6fb630"}
{"seq":1,"ts":1778518800000,"agent_id":"baseline-momentum","symbol":"BTCUSDT","side":"buy","price":81913.16821777199,"quantity":0.024416098699574867,"notional_usd":2000.0,"fee_usd":1.2,"balance_before_usd":10007.240607236849,"balance_after_usd":10005.440747206856,"decision":"ALLOW_CAPPED","cert_hash":"96bb2b25f61bd30a4f3ab840770c0e679f31ae571aff1d1248ee21f752d27a28","prev_hash":"520f99487b3b28b2a6cbd9e38a3bb94d0dad09753eb2ee819a5b4efe400806dd","record_hash":"19dcb53d086b6a1ba07459a4c5444318e24ef1003f788b8d4292f966f9373a76","signature_hex":"85fc50d4c4ba3fbd240bcafa91cf66ac5b10f1110cecbdd91d0f474be557a8988e63d63943bec18878acea2e40eb1aa4345a743feaac0d4f14cc96ec97d1d904","public_key_hex":"c2f8243b0d573587f285c830a868acd19249d17d59ecbf9329e796dfed6fb630"}
{"seq":2,"ts":1778536800000,"agent_id":"baseline-momentum","symbol":"BTCUSDT","side":"buy","price":81801.93638006752,"quantity":0.012194094010506315,"notional_usd":997.50050246,"fee_usd":0.598500301476,"balance_before_usd":10000.198995070099,"balance_after_usd":9999.351291628846,"decision":"ALLOW","cert_hash":"36059bd1367e3f5320bd5257f0565cc80e9504c63f1fa30815a87205f6d4c5d6","prev_hash":"19dcb53d086b6a1ba07459a4c5444318e24ef1003f788b8d4292f966f9373a76","record_hash":"4fb1dd953a9a536b6bd364afdba4b2da764fd92b76fe807693102e4b76c4052a","signature_hex":"eed9d80d51345cc31c29976ccb50fb8496b69e3d6d4052e2ef44a7664291f4b8265b274fa8d6683423a60215c9c7d62a2fb6b9c9d6efecd4f4e26d459b2d3207","public_key_hex":"c2f8243b0d573587f285c830a868acd19249d17d59ecbf9329e796dfed6fb630"}
{"seq":3,"ts":1778583600000,"agent_id":"baseline-momentum","symbol":"BTCUSDT","side":"sell","price":80728.475805054,"quantity":0.024774405562043203,"notional_usd":2000.0,"fee_usd":1.2,"balance_before_usd":9936.561832249266,"balance_after_usd":9934.761692219261,"decision":"ALLOW_CAPPED","cert_hash":"e07662616aab38aac19807d4f0ee36fdcbfc08ae55acac7040b09573ba2170e6","prev_hash":"4fb1dd953a9a536b6bd364afdba4b2da764fd92b76fe807693102e4b76c4052a","record_hash":"1017567c50f2fe37da8a75b5b1bbf9534788a65e787950545536e549f2ca553b","signature_hex":"8af2a9045debdfb5de25563298d77253d972549c3755d178a815a3627fdec0f140afdec30f22545e09ba538afdf153d6dddb0818e52ec81d1b3822915fff7c07","public_key_hex":"c2f8243b0d573587f285c830a868acd19249d17d59ecbf9329e796dfed6fb630"}
{"seq":4,"ts":1778587200000,"agent_id":"baseline-momentum","symbol":"BTCUSDT","side":"sell","price":80818.348836852,"quantity":0.024746855494875302,"notional_usd":2000.0,"fee_usd":1.2,"balance_before_usd":9938.030661679444,"balance_after_usd":9936.230521649439,"decision":"ALLOW_CAPPED","cert_hash":"66a69ae92921d34d4b02fa02df3b2bc93f184eb24982380e081a4f232dc67c4c","prev_hash":"1017567c50f2fe37da8a75b5b1bbf9534788a65e787950545536e549f2ca553b","record_hash":"584009084a69187cedec9d2f67c14bb0a9d785f8a306c7d34fdf373ed5efb2e8","signature_hex":"e79665a06f5611b0e302a9ac9c7ba5f1897bc76f2a04735f0f1de78dd04d06b5d0438a2d817c3734f760960669c0d0da1e85f268a715fda85f3ccc01fad0b503","public_key_hex":"c2f8243b0d573587f285c830a868acd19249d17d59ecbf9329e796dfed6fb630"}
{"seq":5,"ts":1778590800000,"agent_id":"baseline-momentum","symbol":"BTCUSDT","side":"sell","price":80407.87200864,"quantity":0.024873186543042648,"notional_usd":2000.0,"fee_usd":1.2,"balance_before_usd":9931.461226117954,"balance_after_usd":9929.661086087946,"decision":"ALLOW_CAPPED","cert_hash":"1ae373601bbfc3c3fab73a7be75236466706313d56e037e55ea976a0e3acb06b","prev_hash":"584009084a69187cedec9d2f67c14bb0a9d785f8a306c7d34fdf373ed5efb2e8","record_hash":"f326d9a024ea3b13684094b12da311ea3414a2878542bc9aad2d1c6e184c6055","signature_hex":"bd08d1a0f187eeabb94441150908fa89d2709f52748531db675f23df23efbde0f5571b0f21887edb66a1be8e0fb93e5e9a6a5a96e01c395339fb5c41533c4d04","public_key_hex":"c2f8243b0d573587f285c830a868acd19249d17d59ecbf9329e796dfed6fb630"}
{"seq":6,"ts":1778594400000,"agent_id":"baseline-momentum","symbol":"BTCUSDT","side":"sell","price":80484.14912016601,"quantity":0.02484961351848202,"notional_usd":2000.0,"fee_usd":1.2,"balance_before_usd":9928.649519258786,"balance_after_usd":9926.849379228779,"decision":"ALLOW_CAPPED","cert_hash":"48992385409e9530c74a13e759bb2f09d94420ccac0ea6922ab97edefab05e88","prev_hash":"f326d9a024ea3b13684094b12da311ea3414a2878542bc9aad2d1c6e184c6055","record_hash":"c489e1e449b833e79ea14d3b9d41fd405baeb2b3d7ea732591396c706babe6d3","signature_hex":"c4b4d6da9cd8d276a449ea944c036e54d258e6be03fddad48af7b08e00675ca513714f930e0ced6e5ef5bfc0f55802f6cf3925ef7338b55abdfb0736ad053102","public_key_hex":"c2f8243b0d573587f285c830a868acd19249d17d59ecbf9329e796dfed6fb630"}
{"seq":7,"ts":1778598000000,"agent_id":"baseline-momentum","symbol":"BTCUSDT","side":"sell","price":80276.38346464215,"quantity":0.023759989584235596,"notional_usd":1907.36603498,"fee_usd":1.144419620988,"balance_before_usd":9934.783333689033,"balance_after_usd":9933.075409434965,"decision":"ALLOW","cert_hash":"d9b7f6162e6f678f1b4872c1cdccaf56850a355a8698af4d59740ad858380559","prev_hash":"c489e1e449b833e79ea14d3b9d41fd405baeb2b3d7ea732591396c706babe6d3","record_hash":"9ad252939480de0d0df6947a86a04a94a930c225b58a61bcdb814ea20774a76e","signature_hex":"15687d105fa47e474cac692ee978ac9133b39a8b5689f579ecd3ad0cce1bd8f4b8b53bc99afe0ae014b79623415d7feff0224da9c150ece5f9ee0dc6ace2680e","public_key_hex":"c2f8243b0d573587f285c830a868acd19249d17d59ecbf9329e796dfed6fb630"}
{"seq":8,"ts":1778662800000,"agent_id":"baseline-momentum","symbol":"BTCUSDT","side":"buy","price":81274.276594998,"quantity":0.024608032009516397,"notional_usd":2000.0,"fee_usd":1.2,"balance_before_usd":9874.082152561226,"balance_after_usd":9872.282292531232,"decision":"ALLOW_CAPPED","cert_hash":"b3feb63693ca1c6ff0eff988015da54a4de547edcd8ac6df7ab472421ef5a0b0","prev_hash":"9ad252939480de0d0df6947a86a04a94a930c225b58a61bcdb814ea20774a76e","record_hash":"fb8e1ffd8667cbc43a5b0b1ccfbc0531dc04f06ef06acbd02f25399bdfb625df","signature_hex":"9ecf8ca580b77974e5452df41552ebe340497512818ef7ebdea59dbdad1cb0e37adbeb27473d843070b287ced18d349b7f76c94bcc7258a3847448d295fdb907","public_key_hex":"c2f8243b0d573587f285c830a868acd19249d17d59ecbf9329e796dfed6fb630"}
{"seq":9,"ts":1778677200000,"agent_id":"baseline-momentum","symbol":"BTCUSDT","side":"sell","price":79609.11491187256,"quantity":0.02511259431992315,"notional_usd":1999.19140695,"fee_usd":1.19951484417,"balance_before_usd":9932.526899490686,"balance_after_usd":9930.727568118076,"decision":"ALLOW","cert_hash":"80a45652dd6a467f200dddc197ece414b98c41331edc9d9ab8cd0aee9d877f4a","prev_hash":"fb8e1ffd8667cbc43a5b0b1ccfbc0531dc04f06ef06acbd02f25399bdfb625df","record_hash":"a23ad8741d9ef68d1ef5be7a0c59fb7e7def35ccbbc9c8c7a2dd68afd651c208","signature_hex":"9f971873395a2eeeb816801e1b0c864416744c798e506f779e727f492ca64b3de9ee49ca83f12d260ede527d00d7e0e9edc30401e95fa79354954034b6381507","public_key_hex":"c2f8243b0d573587f285c830a868acd19249d17d59ecbf9329e796dfed6fb630"}
{"seq":10,"ts":1778760000000,"agent_id":"baseline-momentum","symbol":"BTCUSDT","side":"buy","price":79755.42104463,"quantity":0.025076665307563587,"notional_usd":2000.0,"fee_usd":1.2,"balance_before_usd":9925.329729440717,"balance_after_usd":9923.529869410722,"decision":"ALLOW_CAPPED","cert_hash":"3ae947a87bfc62bde04f04aac9fd868195b0a3cbda9fdfd3444b382a1a969304","prev_hash":"a23ad8741d9ef68d1ef5be7a0c59fb7e7def35ccbbc9c8c7a2dd68afd651c208","record_hash":"16b05c15894ad8f618679563caa4413d29a448878347940460f718a0300f5b68","signature_hex":"810a7ea8035c13693a370a5f6f8a65cf6a9546f35a7daa8407be76180faa37ca98daf7aa5647c32265ff3f16cc543fdb5e690a6dbba1ce2836d64f322af6450d","public_key_hex":"c2f8243b0d573587f285c830a868acd19249d17d59ecbf9329e796dfed6fb630"}
{"seq":11,"ts":1778767200000,"agent_id":"baseline-momentum","symbol":"BTCUSDT","side":"buy","price":80932.874198172,"quantity":0.024711837060213702,"notional_usd":2000.0,"fee_usd":1.2,"balance_before_usd":9879.629622733639,"balance_after_usd":9877.829762703645,"decision":"ALLOW_CAPPED","cert_hash":"047405972f7f27f7e0d3fd2c6de194a4a5b94d5b8bfd154aaa35d644af94132b","prev_hash":"16b05c15894ad8f618679563caa4413d29a448878347940460f718a0300f5b68","record_hash":"a62759f928df47ddcd6734c105c62b22c01a23ff6c23dc39accc77fd949ebaab","signature_hex":"5b7b97793da68526b3672cc0e1afb07a35e316f3974d032989f6e476534666b3f5f77c22378eda3f841d981feb56cb635f487e3f30a2dd938c93e6edd4fa660a","public_key_hex":"c2f8243b0d573587f285c830a868acd19249d17d59ecbf9329e796dfed6fb630"}
{"seq":12,"ts":1778770800000,"agent_id":"baseline-momentum","symbol":"BTCUSDT","side":"buy","price":81256.87137465,"quantity":0.024613303049518434,"notional_usd":2000.0,"fee_usd":1.2,"balance_before_usd":9873.75399307805,"balance_after_usd":9871.954133048055,"decision":"ALLOW_CAPPED","cert_hash":"2cbfeecea21363bc598f31914d92500c8f4e013f1ebfe4dc1309e2dc3dd44850","prev_hash":"a62759f928df47ddcd6734c105c62b22c01a23ff6c23dc39accc77fd949ebaab","record_hash":"2690fa3726c34be5bf24d5a826399c927dd9d7b9a3554c09abb8af7909abf8a1","signature_hex":"32d07e1d3f900c5e29087c59c0293a1fe7c5b9f3e4459fc3d66328bad071e560258b93e7d53b670e6e6dd4cd190a702e137af938c032778b4827052469da3700","public_key_hex":"c2f8243b0d573587f285c830a868acd19249d17d59ecbf9329e796dfed6fb630"}
{"seq":13,"ts":1778774400000,"agent_id":"baseline-momentum","symbol":"BTCUSDT","side":"buy","price":81853.75039658399,"quantity":0.024433822400439044,"notional_usd":2000.0,"fee_usd":1.2,"balance_before_usd":9879.185521840438,"balance_after_usd":9877.385661810444,"decision":"ALLOW_CAPPED","cert_hash":"732f0030c2328ca012887e76976818a3abf8bb5729bf3f565f3d601226965271","prev_hash":"2690fa3726c34be5bf24d5a826399c927dd9d7b9a3554c09abb8af7909abf8a1","record_hash":"eb9cd43cb859636f6201ecdd9edf74cb887fdb415c53f93db6500957f98934ae","signature_hex":"1d95bafebd80aba9ec64c64ec46df0e6b231439f301b875ec7b4e4f0245cd41dda96cc448fc7520f51a97e13c83a269b23393dc7b36b837fe72ca941fd2d490a","public_key_hex":"c2f8243b0d573587f285c830a868acd19249d17d59ecbf9329e796dfed6fb630"}
{"seq":14,"ts":1778778000000,"agent_id":"baseline-momentum","symbol":"BTCUSDT","side":"buy","price":81652.42092603064,"quantity":0.023986592925325175,"notional_usd":1958.56338212,"fee_usd":1.175138029272,"balance_before_usd":9870.052810574669,"balance_after_usd":9868.294296393135,"decision":"ALLOW","cert_hash":"daf3225f0274a0a87483c82f9a76a185f93a256f0279dfebaf7b5b313aebadfd","prev_hash":"eb9cd43cb859636f6201ecdd9edf74cb887fdb415c53f93db6500957f98934ae","record_hash":"d542ee9ddab1e8b85ab1c74d1b3b427247a74df1c65fa4bd07414fe42c1f3453","signature_hex":"13b181b084860b3964b4c4fd0408096b624340df1633f122600deed816783cbb4ed2f85a448c849165d9913d71c663f09b3fb394e52b2040ed81c216d72d9402","public_key_hex":"c2f8243b0d573587f285c830a868acd19249d17d59ecbf9329e796dfed6fb630"}
{"seq":15,"ts":1778842800000,"agent_id":"baseline-momentum","symbol":"BTCUSDT","side":"sell","price":80565.72464179799,"quantity":0.02482445244416492,"notional_usd":2000.0,"fee_usd":1.2,"balance_before_usd":9805.293729535862,"balance_after_usd":9803.493589505857,"decision":"ALLOW_CAPPED","cert_hash":"aa6d1f73c4c8aecaadf804fb063216e491144fbd4d0dd56ab610ef0dddfba4bc","prev_hash":"d542ee9ddab1e8b85ab1c74d1b3b427247a74df1c65fa4bd07414fe42c1f3453","record_hash":"361f7e353eafa44a47a77c44c6f3475252b1a2eeb8ffa8c8350fd6d0abf37242","signature_hex":"8d4ec475c5ab664f79f526b626814ac47e99ae7f96fb73871e4f5364fb20a2b9b017dc78d170829876a3d23e7cbf198eaea4f7f0d2bc46177986862ddf74800c","public_key_hex":"c2f8243b0d573587f285c830a868acd19249d17d59ecbf9329e796dfed6fb630"}
{"seq":16,"ts":1778846400000,"agent_id":"baseline-momentum","symbol":"BTCUSDT","side":"sell","price":80325.69666699601,"quantity":0.0248986324798569,"notional_usd":2000.0,"fee_usd":1.2,"balance_before_usd":9794.939823814471,"balance_after_usd":9793.139683784464,"decision":"ALLOW_CAPPED","cert_hash":"e72ce03def60d51a99ff628b029c3764d151a62bbaff29a3b2a6349b83ce69a0","prev_hash":"361f7e353eafa44a47a77c44c6f3475252b1a2eeb8ffa8c8350fd6d0abf37242","record_hash":"7151a5d1921bbedb5c64e7669968f7480a57b3689934650875adc15b25252f06","signature_hex":"86f214e9362ec0f2b45b3499918aee43f4c9c3ad7e7a59dc3761a37031c0c6f78db632ee88079152d17b986ceccff93872f6f908b076354dad2821522550a20b","public_key_hex":"c2f8243b0d573587f285c830a868acd19249d17d59ecbf9329e796dfed6fb630"}
{"seq":17,"ts":1778850000000,"agent_id":"baseline-momentum","symbol":"BTCUSDT","side":"sell","price":78707.88212463,"quantity":0.025410415653582187,"notional_usd":2000.0,"fee_usd":1.2,"balance_before_usd":9775.779833694682,"balance_after_usd":9773.979693664676,"decision":"ALLOW_CAPPED","cert_hash":"659d39077d6f659eaf87ce06a460dee50e693e89c47263c931362634ca490b52","prev_hash":"7151a5d1921bbedb5c64e7669968f7480a57b3689934650875adc15b25252f06","record_hash":"a857395c34d6993166a50e35617e56f775308455ce1c28775af157303fe4d1bc","signature_hex":"39fe200450ab7681a589c37b8869713bbb8b6dc5b14a34a63fd0e25284de4b5d2ec3125ad465d8c5047a871d66b960b1d0b610fd72228bb0b6a1cf27387f3204","public_key_hex":"c2f8243b0d573587f285c830a868acd19249d17d59ecbf9329e796dfed6fb630"}
{"seq":18,"ts":1778853600000,"agent_id":"baseline-momentum","symbol":"BTCUSDT","side":"sell","price":79098.66486244799,"quantity":0.025284876849413145,"notional_usd":2000.0,"fee_usd":1.2,"balance_before_usd":9768.240030059444,"balance_after_usd":9766.439890029436,"decision":"ALLOW_CAPPED","cert_hash":"cb4c22e4494e6544c54737e1550a88e129aa5f9cf524bd038070f2b932a0111c","prev_hash":"a857395c34d6993166a50e35617e56f775308455ce1c28775af157303fe4d1bc","record_hash":"f6b07e0d1ccf608be040bb3fb47544d4663e41a507c118fdd7068b6a33466eb0","signature_hex":"10ca46c0cf2e42ee74bfe08cf689610cd2a6c8aaae9b63ef7f4241c5068005e02efbf2197db498e518510964a949a7f75653c765618f6e6be3971a79bdef210f","public_key_hex":"c2f8243b0d573587f285c830a868acd19249d17d59ecbf9329e796dfed6fb630"}
{"seq":19,"ts":1778857200000,"agent_id":"baseline-momentum","symbol":"BTCUSDT","side":"sell","price":79108.06869894365,"quantity":0.021746859204426164,"notional_usd":1720.35203193,"fee_usd":1.032211219158,"balance_before_usd":9766.108154976188,"balance_after_usd":9764.583784039343,"decision":"ALLOW","cert_hash":"6561161de7a92647f62e5cd4866faaee0c2d0f1fa4adedcc440ef1fc28213168","prev_hash":"f6b07e0d1ccf608be040bb3fb47544d4663e41a507c118fdd7068b6a33466eb0","record_hash":"445d3e5b89d881aaa762d22596a16a895405ae28df3ecd6b44acf3d2a678c07b","signature_hex":"e9921e36a936d658ec5fbcb490a18725c4acd1ed71084ea3ceb77e7ed5e3cf3d27204cd3dce88ff3c789a3ffdaa50be35a0e3cecc5c505fbacfa79f0a361d60e","public_key_hex":"c2f8243b0d573587f285c830a868acd19249d17d59ecbf9329e796dfed6fb630"}
{"seq":20,"ts":1779051600000,"agent_id":"baseline-momentum","symbol":"BTCUSDT","side":"buy","price":78394.51286742001,"quantity":0.02551198963864192,"notional_usd":2000.0,"fee_usd":1.2,"balance_before_usd":9814.65427736795,"balance_after_usd":9812.854417337954,"decision":"ALLOW_CAPPED","cert_hash":"495226ce9efde27bc462c209bc1111f547660e1e6f6110a80172264ff388b96e","prev_hash":"445d3e5b89d881aaa762d22596a16a895405ae28df3ecd6b44acf3d2a678c07b","record_hash":"45c1a0fc3d0ea78397e719fbd011dd1f5c64a3c05688e4d991f5444be9bca236","signature_hex":"3f11cae3fa4ed755ab7b977386dd6857ee10bf22fa3ee431d078d91ec9e442b93ea98d4ec0b22e3bea159a2fb1e9c72a448bc1ece288d1969f7931c5d55a4b01","public_key_hex":"c2f8243b0d573587f285c830a868acd19249d17d59ecbf9329e796dfed6fb630"}
{"seq":21,"ts":1779062400000,"agent_id":"baseline-momentum","symbol":"BTCUSDT","side":"sell","price":77157.047483604,"quantity":0.025921157758466633,"notional_usd":2000.0,"fee_usd":1.2,"balance_before_usd":9856.22474416174,"balance_after_usd":9854.424604131733,"decision":"ALLOW_CAPPED","cert_hash":"9d2d54bdb054ec4c5724cea76aee9062467a5f388b739271691ad22670664f74","prev_hash":"45c1a0fc3d0ea78397e719fbd011dd1f5c64a3c05688e4d991f5444be9bca236","record_hash":"54b8ba029428a6b013c0071910b0336b4331ce914c479a434185ae8d41b8b48a","signature_hex":"92226bf2768fb9dded85faff75485ee4b46e5f7f5e47634b439bae0d9584d2ded0a3f960402c467059a7b2fbb5342a7f030499b5c53e458856c0de0e9a79720f","public_key_hex":"c2f8243b0d573587f285c830a868acd19249d17d59ecbf9329e796dfed6fb630"}
{"seq":22,"ts":1779112800000,"agent_id":"baseline-momentum","symbol":"BTCUSDT","side":"sell","price":76357.13229678484,"quantity":0.002722755647002659,"notional_usd":207.90181315,"fee_usd":0.12474108789000002,"balance_before_usd":9905.037175437625,"balance_after_usd":9904.868685920072,"decision":"ALLOW","cert_hash":"694c5b6270368465b96f6fe5f86f1043bb0eb25f6c3b961380fad4e6fda41dd8","prev_hash":"54b8ba029428a6b013c0071910b0336b4331ce914c479a434185ae8d41b8b48a","record_hash":"3eabdb7c6190879f5e2a122e7902ce2135ecc3120f260671e2a4a7350e04dff5","signature_hex":"bad40b2fa66a3536a5255a4ca6e938eba843f69b259c5e613366d0a295bcdce3f7ee1e18ba5bba09ceb49d9cdd640d5a5dfbd0e876249b2d7f8306ae5f5d8c0c","public_key_hex":"c2f8243b0d573587f285c830a868acd19249d17d59ecbf9329e796dfed6fb630"}
{"seq":23,"ts":1779184800000,"agent_id":"baseline-momentum","symbol":"BTCUSDT","side":"buy","price":77031.504060168,"quantity":0.02596340321276648,"notional_usd":2000.0,"fee_usd":1.2,"balance_before_usd":9864.608049860062,"balance_after_usd":9862.808189830068,"decision":"ALLOW_CAPPED","cert_hash":"12b411c35715ca6597fd6e9fa3e002f9908f5263ad81b39e7e385841c0aebce4","prev_hash":"3eabdb7c6190879f5e2a122e7902ce2135ecc3120f260671e2a4a7350e04dff5","record_hash":"8dae52ee80136df28ccbe69cba664981552ae69f05fd3a031b72a4430db35765","signature_hex":"8858fcca0fd4585842e20def87d66eaa5ddd72d7ce310e8d7b090abc62f1c154f5aa906ffd34749e19cdcd46966fd07cd5bac26bfa066a8a843e98672ef8ed02","public_key_hex":"c2f8243b0d573587f285c830a868acd19249d17d59ecbf9329e796dfed6fb630"}
{"seq":24,"ts":1779267600000,"agent_id":"baseline-momentum","symbol":"BTCUSDT","side":"buy","price":77469.135318918,"quantity":0.025816733228873397,"notional_usd":2000.0,"fee_usd":1.2,"balance_before_usd":9846.535843995494,"balance_after_usd":9844.7359839655,"decision":"ALLOW_CAPPED","cert_hash":"dda8191617bfbb6d30a84ae2ea9f119fba9eac2272c5ba83d4220348adc03f02","prev_hash":"8dae52ee80136df28ccbe69cba664981552ae69f05fd3a031b72a4430db35765","record_hash":"fe341c6dfe213039994e8805dcdf547b11b73841504c6cd768973f515f388f7b","signature_hex":"a3424c46ddd2a8559b42d8d11a8d65358281e5ae71aed295786c59006bbb9c0f4f490e897e70a06e47bafdfecb77e9cd8f322581b1a56669a818be602696b107","public_key_hex":"c2f8243b0d573587f285c830a868acd19249d17d59ecbf9329e796dfed6fb630"}
{"seq":25,"ts":1779271200000,"agent_id":"baseline-momentum","symbol":"BTCUSDT","side":"buy","price":77495.043089436,"quantity":0.025808102302644395,"notional_usd":2000.0,"fee_usd":1.2,"balance_before_usd":9844.397555781932,"balance_after_usd":9842.597695751936,"decision":"ALLOW_CAPPED","cert_hash":"f94675b929866c63f7e6fe01d4dd9714b1e2dd374360341b2a731120c7317d06","prev_hash":"fe341c6dfe213039994e8805dcdf547b11b73841504c6cd768973f515f388f7b","record_hash":"e66770dc51e1b0cd93b9c889be7fe3b16991074572c4469ba43d2dda4814dfea","signature_hex":"663fa7bd4bb2c61972be07b0a48b5bb16f0d17fc9d141c0e58423176ed228dacd2c7bb75726ea313e6175fe51e80c7a4c92d847fd023a9754ec1ed9d1d3ed20b","public_key_hex":"c2f8243b0d573587f285c830a868acd19249d17d59ecbf9329e796dfed6fb630"}
{"seq":26,"ts":1779274800000,"agent_id":"baseline-momentum","symbol":"BTCUSDT","side":"buy","price":77368.105016898,"quantity":0.025850445730358513,"notional_usd":2000.0,"fee_usd":1.2,"balance_before_usd":9840.980815001965,"balance_after_usd":9839.180954971971,"decision":"ALLOW_CAPPED","cert_hash":"c68df8e6f26a0d397394af77f0716bea605e4331eec5255e929c21813bde6f9e","prev_hash":"e66770dc51e1b0cd93b9c889be7fe3b16991074572c4469ba43d2dda4814dfea","record_hash":"a3ca4108f3de8098143a6b629595cb4e51c5a137b75889bca2405b2f4ed74975","signature_hex":"fa323d88e05630d8c210b44e35883ddd8d2144d0130609aad49a1a59a065adc044eecbdd810da9cd5c74b4bc84e29a8b007dd0c7a2332df5bd2cea95bdc9dc0e","public_key_hex":"c2f8243b0d573587f285c830a868acd19249d17d59ecbf9329e796dfed6fb630"}
{"seq":27,"ts":1779278400000,"agent_id":"baseline-momentum","symbol":"BTCUSDT","side":"buy","price":77608.20581954328,"quantity":0.02486944485326537,"notional_usd":1930.07299479,"fee_usd":1.158043796874,"balance_before_usd":9848.454569990496,"balance_after_usd":9846.724384233186,"decision":"ALLOW","cert_hash":"bf9e0dc0661370f9552eea3460b03fef52daf281cc957169b31f26242e58447a","prev_hash":"a3ca4108f3de8098143a6b629595cb4e51c5a137b75889bca2405b2f4ed74975","record_hash":"a0fd99b248edad3e91a262124e1e3e01bd523993de531e2e61dc6e7d7d3fa821","signature_hex":"d5d5bda9594ded72ad670e64e88dcb06427856217f7a5867e95b7869b4f9b2945fbcb6c1ac7e29f26c40861902146a42d0756a45b3b63bd3ef661546c11ebf07","public_key_hex":"c2f8243b0d573587f285c830a868acd19249d17d59ecbf9329e796dfed6fb630"}
{"seq":28,"ts":1779408000000,"agent_id":"baseline-momentum","symbol":"BTCUSDT","side":"sell","price":77319.898616862,"quantity":0.025866562628469845,"notional_usd":2000.0,"fee_usd":1.2,"balance_before_usd":9829.689484464452,"balance_after_usd":9827.889344434447,"decision":"ALLOW_CAPPED","cert_hash":"d6eb8bb84451eb6721b6f2d5b8b0ab5d1ac7a174522b6000836a3ca436e6cfea","prev_hash":"a0fd99b248edad3e91a262124e1e3e01bd523993de531e2e61dc6e7d7d3fa821","record_hash":"704983ff314a0b32d617a395dfd2e4a6adc8b9ea6a63fecc74b6c3ae43e6bf46","signature_hex":"49667ab39e85f0f1ca13be2d56125464b98988ab329f930fce318d6cfc600d6191e8079bbf87274296ef9722b2f8e655c0b42a1752f0625eef8d479ae9b7a409","public_key_hex":"c2f8243b0d573587f285c830a868acd19249d17d59ecbf9329e796dfed6fb630"}
{"seq":29,"ts":1779458400000,"agent_id":"baseline-momentum","symbol":"BTCUSDT","side":"sell","price":76728.97593504,"quantity":0.026065772097535,"notional_usd":2000.0,"fee_usd":1.2,"balance_before_usd":9805.672921473959,"balance_after_usd":9803.872781443952,"decision":"ALLOW_CAPPED","cert_hash":"3bd1f83da0394831f77f2648258bba9c52ca84c808140081720a3e60cc48bc53","prev_hash":"704983ff314a0b32d617a395dfd2e4a6adc8b9ea6a63fecc74b6c3ae43e6bf46","record_hash":"84475cfe4c1e7d73e5eb24edc3dacb029d469c117e3443e17711f5e960f6ce8b","signature_hex":"4513855e5dfd963313577803a194a20e468805ed7e696c3b2a2fa6b128af2e03004396384cce0c8f7f14d459e3a3ab05fca2a73c398f58d9eda28815bb8bbb04","public_key_hex":"c2f8243b0d573587f285c830a868acd19249d17d59ecbf9329e796dfed6fb630"}
{"seq":30,"ts":1779462000000,"agent_id":"baseline-momentum","symbol":"BTCUSDT","side":"sell","price":76749.06990544201,"quantity":0.026058947717074378,"notional_usd":2000.0,"fee_usd":1.2,"balance_before_usd":9804.104512995764,"balance_after_usd":9802.304372965757,"decision":"ALLOW_CAPPED","cert_hash":"b1ae50301d9cf3067b2c6d172f4a18f7e805c1b4a892b8b06120da7783599df6","prev_hash":"84475cfe4c1e7d73e5eb24edc3dacb029d469c117e3443e17711f5e960f6ce8b","record_hash":"a51d15300312545201797c11c09de288703b098a93c1c4519e445cf607020ba9","signature_hex":"32bb379cf92457e3680a634ffda4c3757c1106e5936f1a2dc0891770632a0f5a8a13217940f282d07941b6684b291a8b832697ee1ef07fe80e43f85330056e0e","public_key_hex":"c2f8243b0d573587f285c830a868acd19249d17d59ecbf9329e796dfed6fb630"}
{"seq":31,"ts":1779465600000,"agent_id":"baseline-momentum","symbol":"BTCUSDT","side":"sell","price":76900.92433848,"quantity":0.02600748973051331,"notional_usd":2000.0,"fee_usd":1.2,"balance_before_usd":9800.209034404765,"balance_after_usd":9798.408894374757,"decision":"ALLOW_CAPPED","cert_hash":"ecb346c0524470db3250c8f798fc5221ba1e51ae0757d23ac177bee341bfcaab","prev_hash":"a51d15300312545201797c11c09de288703b098a93c1c4519e445cf607020ba9","record_hash":"6862363f755d9597c6fa4e7ffa7a4efc9aa3a54ca3ba93cf3dc51e6916730590","signature_hex":"a4aa7f9f56e726c76de91104c27ebd38b196adfe24ce5dc0b2a34b69ab9e472860d71451b7981259f4e052688e517868ba7ba8bd7083bb9c8ada9019847a510b","public_key_hex":"c2f8243b0d573587f285c830a868acd19249d17d59ecbf9329e796dfed6fb630"}
{"seq":32,"ts":1779469200000,"agent_id":"baseline-momentum","symbol":"BTCUSDT","side":"sell","price":76710.77761602071,"quantity":0.023367139535235813,"notional_usd":1792.51144441,"fee_usd":1.075506866646,"balance_before_usd":9806.15155773839,"balance_after_usd":9804.556777324495,"decision":"ALLOW","cert_hash":"f760412b49fcdaa0e0c8eff901c6caf412bf06b4c0e60a3bcd2487ba49513dc8","prev_hash":"6862363f755d9597c6fa4e7ffa7a4efc9aa3a54ca3ba93cf3dc51e6916730590","record_hash":"ff875660172f0a34b23ded0d492ac598136ec8f7bbcf8dac93cfe2fd7fc4ec14","signature_hex":"7cbc39fb83a9486a3662fd4aff198aeaa68f6752cb48d31119ac7a561f30fc41434bdc1ae73af829cc1e65cc5b74523c2865b1c88a7753eac783071a44f37e08","public_key_hex":"c2f8243b0d573587f285c830a868acd19249d17d59ecbf9329e796dfed6fb630"}
{"seq":33,"ts":1779519600000,"agent_id":"baseline-momentum","symbol":"BTCUSDT","side":"sell","price":74547.31741601485,"quantity":0.002773448340953764,"notional_usd":206.75313381,"fee_usd":0.124051880286,"balance_before_usd":9943.35021724809,"balance_after_usd":9943.182670531267,"decision":"ALLOW","cert_hash":"f59aae9350c3c82896daccbb00a4df8a69de041188eccdbf13f4631f70371f01","prev_hash":"ff875660172f0a34b23ded0d492ac598136ec8f7bbcf8dac93cfe2fd7fc4ec14","record_hash":"e0ed2dd5a917c511be5483738496005b912c8b0ff5bd176737f36656df61da0a","signature_hex":"d154d9af019534ee88c57aef9574aefe3f9e32b8d39d06fdbe3a326a7b7a6341e38de5538a836e95ed4f44ee3b3b94730b6994e5dabe53f71aadf09aada77e01","public_key_hex":"c2f8243b0d573587f285c830a868acd19249d17d59ecbf9329e796dfed6fb630"}
{"seq":34,"ts":1779566400000,"agent_id":"baseline-momentum","symbol":"BTCUSDT","side":"buy","price":77256.07141465798,"quantity":0.025887932991898614,"notional_usd":2000.0,"fee_usd":1.2,"balance_before_usd":9765.135772620328,"balance_after_usd":9763.335912590333,"decision":"ALLOW_CAPPED","cert_hash":"81a3538a3c6c136fef3142335502a98d3104406ce95dd57fa34b5e1d7c666c82","prev_hash":"e0ed2dd5a917c511be5483738496005b912c8b0ff5bd176737f36656df61da0a","record_hash":"30eedeaaff05dedc01f90208b73879a4fa9787bd4caf0251b31b1a976e54b535","signature_hex":"4da8fd0bcc578118475ce7529b3f3dd5bdf88ec678c19539bdb5b6d8df39a28ccc8c41d5fe092776c468c89d18283f8173f58bad1b034c6dab78e6b170064d04","public_key_hex":"c2f8243b0d573587f285c830a868acd19249d17d59ecbf9329e796dfed6fb630"}
{"seq":35,"ts":1779570000000,"agent_id":"baseline-momentum","symbol":"BTCUSDT","side":"buy","price":76789.93160533799,"quantity":0.026045081147864593,"notional_usd":2000.0,"fee_usd":1.2,"balance_before_usd":9782.344126873497,"balance_after_usd":9780.544266843503,"decision":"ALLOW_CAPPED","cert_hash":"b744b1df936c239e8d70646e639ef5b920a4d4a3e0fb2ef045d73c55079012d9","prev_hash":"30eedeaaff05dedc01f90208b73879a4fa9787bd4caf0251b31b1a976e54b535","record_hash":"edc66b27312a22975dea01d9b3449d911a7d8491a7628c18c4c98426886f82f7","signature_hex":"0ddd2d9d700cd2fb2c28edf563eed62097a313af978e23564849992ab1a7f446863047a73df9d7e92208c390a611d71591d76b534d1312c7b3c8ea637b32cc08","public_key_hex":"c2f8243b0d573587f285c830a868acd19249d17d59ecbf9329e796dfed6fb630"}
{"seq":36,"ts":1779573600000,"agent_id":"baseline-momentum","symbol":"BTCUSDT","side":"buy","price":76560.062660742,"quantity":0.026123280604700285,"notional_usd":2000.0,"fee_usd":1.2,"balance_before_usd":9783.932685827205,"balance_after_usd":9782.13282579721,"decision":"ALLOW_CAPPED","cert_hash":"57897d4577d75efc66d0c4a76703e6250b8a243bf060ded4e53b52e1000d811f","prev_hash":"edc66b27312a22975dea01d9b3449d911a7d8491a7628c18c4c98426886f82f7","record_hash":"cc4770a80dda9bf82cf2450a6578a4e927bcd262360916b9c57c18053df829a5","signature_hex":"3b3ef02b671458e2fe9723705e38979666311fe76c17fd73becaa534943e72701200cf3263280052d7b43b509cc9599bb1efa343299bff76636f64b65e7eb205","public_key_hex":"c2f8243b0d573587f285c830a868acd19249d17d59ecbf9329e796dfed6fb630"}
{"seq":37,"ts":1779577200000,"agent_id":"baseline-momentum","symbol":"BTCUSDT","side":"buy","price":76724.411954028,"quantity":0.026067322629965115,"notional_usd":2000.0,"fee_usd":1.2,"balance_before_usd":9784.002264442763,"balance_after_usd":9782.202404412768,"decision":"ALLOW_CAPPED","cert_hash":"cba211ff8cc79f9c948b1fabde5d136d0d5ead9e969a95017a54d9a1c2b3077c","prev_hash":"cc4770a80dda9bf82cf2450a6578a4e927bcd262360916b9c57c18053df829a5","record_hash":"03cc6145f108081b5ddf779de0444fe4999cfa00006d9733423e9238c6b6a179","signature_hex":"472c31ee1f976309cd82899522ae1806316385f17981d12780a9413e342758c4255fc46bf310e10ef6abe538ef11730aa5765a4b3009b88f3f91c7b17c2fc606","public_key_hex":"c2f8243b0d573587f285c830a868acd19249d17d59ecbf9329e796dfed6fb630"}
{"seq":38,"ts":1779580800000,"agent_id":"baseline-momentum","symbol":"BTCUSDT","side":"buy","price":76819.940605938,"quantity":0.026034906877361017,"notional_usd":2000.0,"fee_usd":1.2,"balance_before_usd":9786.071773472217,"balance_after_usd":9784.271913442222,"decision":"ALLOW_CAPPED","cert_hash":"533374aab1c68b5125a4100c58058a29e54edf8cd5d6af43772c8535c2693e53","prev_hash":"03cc6145f108081b5ddf779de0444fe4999cfa00006d9733423e9238c6b6a179","record_hash":"758d06cc3fb366de0701d68a014e766775f10d6d1e48064984a09d3a9d38c9e0","signature_hex":"0e6239beb36de799c85b4f64d6e02ceeab2147d6e27b7753bd83000844d7556df870bfd02ab1b7d0aa932885cbb263a260308ed9b1e4f35652a803645ba9b00d","public_key_hex":"c2f8243b0d573587f285c830a868acd19249d17d59ecbf9329e796dfed6fb630"}
{"seq":39,"ts":1779638400000,"agent_id":"baseline-momentum","symbol":"BTCUSDT","side":"sell","price":76618.709022834,"quantity":0.02610328502668921,"notional_usd":2000.0,"fee_usd":1.2,"balance_before_usd":9774.79037312447,"balance_after_usd":9772.990233094464,"decision":"ALLOW_CAPPED","cert_hash":"49296ea3f7a76189005845281dda616c4f7c043c6c23a021bf839392868328a7","prev_hash":"758d06cc3fb366de0701d68a014e766775f10d6d1e48064984a09d3a9d38c9e0","record_hash":"00adfc93cb5a92e23edbfb53a8e7f48633902b282998bee204b91a1ce0aa4719","signature_hex":"7fae4782e8b0672d921867ec9edcd37e4a12fa537607cf1dd9592c300ecd706fb782fd4b28885973f5d045462034a1dbb1806f1b031544e6f2de3cb4eb569308","public_key_hex":"c2f8243b0d573587f285c830a868acd19249d17d59ecbf9329e796dfed6fb630"}
{"seq":40,"ts":1779656400000,"agent_id":"baseline-momentum","symbol":"BTCUSDT","side":"sell","price":76076.17182198001,"quantity":0.026289440597511215,"notional_usd":2000.0,"fee_usd":1.2,"balance_before_usd":9752.705655511303,"balance_after_usd":9750.905515481296,"decision":"ALLOW_CAPPED","cert_hash":"929e4d85f3fb5a9448d37fa8e18b891bda476e44aca1c02bd8d8e54e9778ab94","prev_hash":"00adfc93cb5a92e23edbfb53a8e7f48633902b282998bee204b91a1ce0aa4719","record_hash":"b30e64e8a51853aee4feeed4c92ed6cd516035f1c34517e63881d51e6aa19c59","signature_hex":"899eb3ab1becf4a5421c0c4d6e3094affb48bf3cd18a5f3286d2b8f67e3e00a2ab4c24f8d3a61649930bbe406c8b089133b6d7ca66e804c1f96ce296cfd3640a","public_key_hex":"c2f8243b0d573587f285c830a868acd19249d17d59ecbf9329e796dfed6fb630"}
{"seq":41,"ts":1779699600000,"agent_id":"baseline-momentum","symbol":"BTCUSDT","side":"buy","price":77577.967961094,"quantity":0.025780515429368,"notional_usd":2000.0,"fee_usd":1.2,"balance_before_usd":9767.112035108456,"balance_after_usd":9765.312175078461,"decision":"ALLOW_CAPPED","cert_hash":"6d461338ed6f7e23bfb25d26c302a985866a1195a3ac994cbf81256ecdb20958","prev_hash":"b30e64e8a51853aee4feeed4c92ed6cd516035f1c34517e63881d51e6aa19c59","record_hash":"04ddab84741d2ba560a2c62cda6e10764b52c21723a29eb05f0028e13481edff","signature_hex":"12fc56dd05b5bfbdece856408f4ad534aa2ca5bf8c787fcaaeb1699994ac683b4c12ea2db8480c501d923448a363a0e9b94650be3cdccc95aa65e14f05b9eb0b","public_key_hex":"c2f8243b0d573587f285c830a868acd19249d17d59ecbf9329e796dfed6fb630"}
{"seq":42,"ts":1779703200000,"agent_id":"baseline-momentum","symbol":"BTCUSDT","side":"buy","price":77513.348579802,"quantity":0.025802007481859054,"notional_usd":2000.0,"fee_usd":1.2,"balance_before_usd":9762.930487959282,"balance_after_usd":9761.130627929288,"decision":"ALLOW_CAPPED","cert_hash":"7599146eb535c1818d23a0b37dc09845eabf4443d28460e8388b9adce7d8e6cb","prev_hash":"04ddab84741d2ba560a2c62cda6e10764b52c21723a29eb05f0028e13481edff","record_hash":"e8b89dbd1b354105fc1649c447914367615a8323399ab8ae013e25d80aa7d06e","signature_hex":"42e244194fbe14f8463a5fd23214e77fe5127660c17cd3704943fc01df4321de34186f1dc3f561f1ba37f666f6538789c6405a3126a22f9463c1d3e2901ba30e","public_key_hex":"c2f8243b0d573587f285c830a868acd19249d17d59ecbf9329e796dfed6fb630"}
{"seq":43,"ts":1779753600000,"agent_id":"baseline-momentum","symbol":"BTCUSDT","side":"sell","price":76731.57515509201,"quantity":0.026064889140585787,"notional_usd":2000.0,"fee_usd":1.2,"balance_before_usd":9715.642818546079,"balance_after_usd":9713.842678516074,"decision":"ALLOW_CAPPED","cert_hash":"73c8a02a606c9f626ae4270fe7d4444f8ae8525a49efe8dca4739428b6f8d240","prev_hash":"e8b89dbd1b354105fc1649c447914367615a8323399ab8ae013e25d80aa7d06e","record_hash":"746ffcd4f35521b2224cd5c5f49c8d2a8c6cf7075abd6edb07b00d25bfc9a8c2","signature_hex":"1a580688509d995d4f31eab975c8ae69c8f5dbb1096f3ba5f3c0b297567768d8ac3741e186aa0a4656dda7db5e502d460cb27b24a865496d07d3bac4df34920e","public_key_hex":"c2f8243b0d573587f285c830a868acd19249d17d59ecbf9329e796dfed6fb630"}
{"seq":44,"ts":1779757200000,"agent_id":"baseline-momentum","symbol":"BTCUSDT","side":"sell","price":76699.084904442,"quantity":0.026075930403755974,"notional_usd":2000.0,"fee_usd":1.2,"balance_before_usd":9712.65300496606,"balance_after_usd":9710.852864936054,"decision":"ALLOW_CAPPED","cert_hash":"fba5831699c5c3a6e6ba6bf5baff0f668f96c7f6c60b7c809e383af9bd45ba00","prev_hash":"746ffcd4f35521b2224cd5c5f49c8d2a8c6cf7075abd6edb07b00d25bfc9a8c2","record_hash":"fd74fc14d59b08cd1668be2fe34c93a420be3cd3752cf38fee94d6f746d88218","signature_hex":"668902e6427d4ac18d03ba1ede85cf10c2be0fbfe820ab4741eb5c5c414ab3104c13231e3c7ed0e6bd124290b61317a85be677966320a951784b20d16d961a0a","public_key_hex":"c2f8243b0d573587f285c830a868acd19249d17d59ecbf9329e796dfed6fb630"}
{"seq":45,"ts":1779760800000,"agent_id":"baseline-momentum","symbol":"BTCUSDT","side":"sell","price":76606.912562598,"quantity":0.026107304590375382,"notional_usd":2000.0,"fee_usd":1.2,"balance_before_usd":9709.882053371242,"balance_after_usd":9708.081913341235,"decision":"ALLOW_CAPPED","cert_hash":"0f95281759c8931051d51c99510de54ba5579031266b9fe5e1649fa7550fc7fe","prev_hash":"fd74fc14d59b08cd1668be2fe34c93a420be3cd3752cf38fee94d6f746d88218","record_hash":"60c155db36a5939146c541107e7af4f0dcf8772992dd674c590a74aaba5d0e5a","signature_hex":"8cccce0409a0feceb989df9714e95c33feeb14f88e119e2b16215b6570a9e4048e958d47c8e4496e5c004db5703ba38e12abea8a63ddd5af7a5c43887b792e0e","public_key_hex":"c2f8243b0d573587f285c830a868acd19249d17d59ecbf9329e796dfed6fb630"}
{"seq":46,"ts":1779764400000,"agent_id":"baseline-momentum","symbol":"BTCUSDT","side":"sell","price":76606.412712588,"quantity":0.026107474938209176,"notional_usd":2000.0,"fee_usd":1.2,"balance_before_usd":9708.089702288733,"balance_after_usd":9706.289562258726,"decision":"ALLOW_CAPPED","cert_hash":"d88ea9382220497e7f9ee33520de78735f539825336fa0c15a15a1b181aeb2fd","prev_hash":"60c155db36a5939146c541107e7af4f0dcf8772992dd674c590a74aaba5d0e5a","record_hash":"619b26579d9f89a19439e8e16ec1aad718538505d5a7ad51ee827c573e77e3c2","signature_hex":"b3f83acaedd31c8db6d9f498f19d9265c39b32b37ecca22fe900c37c3c88c0fbbeee6efc6ec1a0c95d538034a8e241de1bc060e2224057175265f41d23cfef08","public_key_hex":"c2f8243b0d573587f285c830a868acd19249d17d59ecbf9329e796dfed6fb630"}
{"seq":47,"ts":1779768000000,"agent_id":"baseline-momentum","symbol":"BTCUSDT","side":"sell","price":76692.81613486196,"quantity":0.02156002139877578,"notional_usd":1653.498757,"fee_usd":0.9920992542,"balance_before_usd":9702.742137277517,"balance_after_usd":9701.282533426933,"decision":"ALLOW","cert_hash":"24dedc8681ba870696ca71f235cbea5b426bb322a748267a56fe53b2410ed4ca","prev_hash":"619b26579d9f89a19439e8e16ec1aad718538505d5a7ad51ee827c573e77e3c2","record_hash":"1d71130f7d3637a56d0b18ee3afa2b5f69960dae759c89d08076cb7b864b8e37","signature_hex":"6bb0edde3c9a94e41bc6e8a0c877fc17b8d89c0691b3787424b7e6575fb8c995bf008e1c2288ec11e2152054997c49efd969c57d857c96d2e2ce119dd8eb9800","public_key_hex":"c2f8243b0d573587f285c830a868acd19249d17d59ecbf9329e796dfed6fb630"}
{"seq":48,"ts":1779915600000,"agent_id":"baseline-momentum","symbol":"BTCUSDT","side":"sell","price":74429.21235339588,"quantity":0.002885793175805389,"notional_usd":214.78731309,"fee_usd":0.128872387854,"balance_before_usd":9846.168292339224,"balance_after_usd":9845.994148647856,"decision":"ALLOW","cert_hash":"15f338170904d69c99e21677cecf55b6bfd035f94423e40ffecefeaedd420949","prev_hash":"1d71130f7d3637a56d0b18ee3afa2b5f69960dae759c89d08076cb7b864b8e37","record_hash":"aea90634d15194fd2a9256739ad744d66deea54c1d574276864de364725bab82","signature_hex":"9a3fd3efcb72ae7eec2cd1e0c2ef71935c9446caf7be3f1a4fbf8d59b650f930959bcb682da433cbdbe256ba8295dcab8f72c55d53d1fc28f09852e4802bf80b","public_key_hex":"c2f8243b0d573587f285c830a868acd19249d17d59ecbf9329e796dfed6fb630"}
{"seq":49,"ts":1780016400000,"agent_id":"baseline-momentum","symbol":"BTCUSDT","side":"buy","price":73575.46749106799,"quantity":0.027182973730242335,"notional_usd":2000.0,"fee_usd":1.2,"balance_before_usd":9906.45246662193,"balance_after_usd":9904.652606591935,"decision":"ALLOW_CAPPED","cert_hash":"afe9bdffe35feb97dcd6ec0a8f03ce2a3eafe534a3d33796943389b4a227ed67","prev_hash":"aea90634d15194fd2a9256739ad744d66deea54c1d574276864de364725bab82","record_hash":"814956cafc7e57733f167c98e7066a5a4e0caca77717649115112324e052ee89","signature_hex":"e44b75b5387e8751df44ac42689c3f9ccb7beed96b856353b75f7a3b6027a9fc2825cd9399d98d29fc7ed5e3b1e7894311bb262610c034a6efbbdc0496b24208","public_key_hex":"c2f8243b0d573587f285c830a868acd19249d17d59ecbf9329e796dfed6fb630"}
{"seq":50,"ts":1780045200000,"agent_id":"baseline-momentum","symbol":"BTCUSDT","side":"buy","price":73723.61192403,"quantity":0.027128350711586684,"notional_usd":2000.0,"fee_usd":1.2,"balance_before_usd":9898.913050209794,"balance_after_usd":9897.1131901798,"decision":"ALLOW_CAPPED","cert_hash":"700cd618a3d3644132759f940f5a1d053c256da3832ca33552dea32feecd4410","prev_hash":"814956cafc7e57733f167c98e7066a5a4e0caca77717649115112324e052ee89","record_hash":"85847b7b074dbd6e3d3825ca1a73f1356c94cdf0f3229368edf43ac5e652e816","signature_hex":"943ed94b82bb837c5eb5189ac1e02b572a7808eb060133187ae92eb49f8e8eab827d74a15b667c646c9273712afd3bdef32b1f2ffa8cf5d8f29a4293928a7908","public_key_hex":"c2f8243b0d573587f285c830a868acd19249d17d59ecbf9329e796dfed6fb630"}
{"seq":51,"ts":1780048800000,"agent_id":"baseline-momentum","symbol":"BTCUSDT","side":"buy","price":73621.08117198,"quantity":0.027166131876384274,"notional_usd":2000.0,"fee_usd":1.2,"balance_before_usd":9898.324725836432,"balance_after_usd":9896.524865806437,"decision":"ALLOW_CAPPED","cert_hash":"c750caa8d1f1dfc6a287288ca4e561eeeae9e232d0953302cbc736c6254c037a","prev_hash":"85847b7b074dbd6e3d3825ca1a73f1356c94cdf0f3229368edf43ac5e652e816","record_hash":"310198437fff637acfd11bacfc73498bda9d10f7b6d2fc9c9b75d65fa94c7a84","signature_hex":"07d6dd39b3fbbd5f1e1edacb3695e442c1475008896db6a14353b71a4ca29586bfe51a713cbbe0f90a437739b57c0c662f1df073f42fa7fcad955fc1dcef9906","public_key_hex":"c2f8243b0d573587f285c830a868acd19249d17d59ecbf9329e796dfed6fb630"}
{"seq":52,"ts":1780063200000,"agent_id":"baseline-momentum","symbol":"BTCUSDT","side":"sell","price":73044.58151133,"quantity":0.027380538824632438,"notional_usd":2000.0,"fee_usd":1.2,"balance_before_usd":9888.352976066708,"balance_after_usd":9886.552836036703,"decision":"ALLOW_CAPPED","cert_hash":"7220ead6c3b6b5ff8ccb5136f59289b0850734ef61fb8d013e6f956395ebffdd","prev_hash":"310198437fff637acfd11bacfc73498bda9d10f7b6d2fc9c9b75d65fa94c7a84","record_hash":"9ed4ea9d6980b09dfa7306a64df04506b984c78b2bb46d96a9b9e5ac07172186","signature_hex":"d45031fc344109d0f50db249ff0ec752f4976b309c9f919332ff2b9afe0a674528d195e94399d2064625290bd187c8c68bbf52bda42f42ab9bd9eb6469d3dd03","public_key_hex":"c2f8243b0d573587f285c830a868acd19249d17d59ecbf9329e796dfed6fb630"}
{"seq":53,"ts":1780160400000,"agent_id":"baseline-momentum","symbol":"BTCUSDT","side":"buy","price":73997.1939795,"quantity":0.0270280519090234,"notional_usd":2000.0,"fee_usd":1.2,"balance_before_usd":9875.76583232252,"balance_after_usd":9873.965972292526,"decision":"ALLOW_CAPPED","cert_hash":"544ba32a81aa60829587fbfac5c23b828ed94de58f315fa585c483a65b66740b","prev_hash":"9ed4ea9d6980b09dfa7306a64df04506b984c78b2bb46d96a9b9e5ac07172186","record_hash":"0f31da703e7fb3b1a2db0f3a7e542b789aef8e3795d58f75ca43137c6ef7acad","signature_hex":"daf8fe73e1aeab7fc970a58287534856fa863483e952b08ad5dc00df65b4cf61127e1739bb7c21425fa6304116d9ae05a9775049d0193050b53ae21b473cc709","public_key_hex":"c2f8243b0d573587f285c830a868acd19249d17d59ecbf9329e796dfed6fb630"}
{"seq":54,"ts":1780185600000,"agent_id":"baseline-momentum","symbol":"BTCUSDT","side":"buy","price":74016.79985989201,"quantity":0.027020892605271275,"notional_usd":2000.0,"fee_usd":1.2,"balance_before_usd":9874.304228841123,"balance_after_usd":9872.504368811131,"decision":"ALLOW_CAPPED","cert_hash":"a90b1aef3b19b3454d034c72a78c476c285b746bf7beb66730454430023aa1af","prev_hash":"0f31da703e7fb3b1a2db0f3a7e542b789aef8e3795d58f75ca43137c6ef7acad","record_hash":"551342f5c4e501603d8f01bb5b3b67bca9622d4d7c061de70a4712d0c7e2c3a4","signature_hex":"d8370d59fa7eea96028d5b64f99d705b1c0e1c63efdd73504f8b8286db90e40ec8d3a2eb83ffa38e1ce25d2cdf4e4fbee2e2d88d349875219a64c90894037102","public_key_hex":"c2f8243b0d573587f285c830a868acd19249d17d59ecbf9329e796dfed6fb630"}
{"seq":55,"ts":1780196400000,"agent_id":"baseline-momentum","symbol":"BTCUSDT","side":"buy","price":74123.08402467098,"quantity":0.02462319624265123,"notional_usd":1825.14724405,"fee_usd":1.0950883464299999,"balance_before_usd":9876.995737836025,"balance_after_usd":9875.369181814414,"decision":"ALLOW","cert_hash":"9c9a56ae785c707fe812886cbc0811be5ef2b953d47581404177d61ca2e70709","prev_hash":"551342f5c4e501603d8f01bb5b3b67bca9622d4d7c061de70a4712d0c7e2c3a4","record_hash":"53dae6eacd97205c083ad9c078015d1e12da390c67704f415611cbd62b1ffbf6","signature_hex":"f1381035599d32ad46db60ea610acfdfe931734e8df38edf3450c81fad1474f8056cf9da942913ec1e48133ae4b80fe6428709c753d34fc6442ee9034a42ed08","public_key_hex":"c2f8243b0d573587f285c830a868acd19249d17d59ecbf9329e796dfed6fb630"}
{"seq":56,"ts":1780275600000,"agent_id":"baseline-momentum","symbol":"BTCUSDT","side":"sell","price":73249.02016542,"quantity":0.02730411950198586,"notional_usd":2000.0,"fee_usd":1.2,"balance_before_usd":9819.359148001851,"balance_after_usd":9817.559007971846,"decision":"ALLOW_CAPPED","cert_hash":"1f12b3a7cd14cbd46328744dc85e62dc5476c66ea155ba08372570d1faed6046","prev_hash":"53dae6eacd97205c083ad9c078015d1e12da390c67704f415611cbd62b1ffbf6","record_hash":"5e06554b844eca6f1b952d3e61d2ccd10114459a0ebb1e32a41679c69b4a8e16","signature_hex":"fcef9656e812710ab1d4dd29ca6ec62a9a51bf5aaf2d71dfbb13549cad6b1d12b83f06b550a0916e9ead30270dfada9a5cedf01fc005d858002aac10d75cc203","public_key_hex":"c2f8243b0d573587f285c830a868acd19249d17d59ecbf9329e796dfed6fb630"}
{"seq":57,"ts":1780293600000,"agent_id":"baseline-momentum","symbol":"BTCUSDT","side":"sell","price":73090.267802244,"quantity":0.02736342416217822,"notional_usd":2000.0,"fee_usd":1.2,"balance_before_usd":9811.312807798211,"balance_after_usd":9809.512667768206,"decision":"ALLOW_CAPPED","cert_hash":"46cde9977ea4e78b7288594c6d5b7e85e07f704fbf17b300cd126c750d1eb156","prev_hash":"5e06554b844eca6f1b952d3e61d2ccd10114459a0ebb1e32a41679c69b4a8e16","record_hash":"e3cf5c813728ceb4a21c70b29c7502e10242e74af5b37b48639da447b7b7e2b5","signature_hex":"7a1a870c07677e821fa4481c226d46ea3817adab9561a5d0de9070e7a5599efc451f91eb4a5c4c9445abaeeabee37b097e9ab5c7c699c4a8f262920c7a241405","public_key_hex":"c2f8243b0d573587f285c830a868acd19249d17d59ecbf9329e796dfed6fb630"}
{"seq":58,"ts":1780297200000,"agent_id":"baseline-momentum","symbol":"BTCUSDT","side":"sell","price":72763.465865706,"quantity":0.027486321276823836,"notional_usd":2000.0,"fee_usd":1.2,"balance_before_usd":9805.599566865105,"balance_after_usd":9803.799426835098,"decision":"ALLOW_CAPPED","cert_hash":"3655794d3dfecc6be0b9723edba5d17e5eaf72cc63b166b22a8f35bc49712b1b","prev_hash":"e3cf5c813728ceb4a21c70b29c7502e10242e74af5b37b48639da447b7b7e2b5","record_hash":"459618e05fb5386d9aebcb5392553b2f2918b9b69f11fc4ffbac2721b5544bf2","signature_hex":"4b5efe20fca6f14723630d0db0edc1abf8b03ed345376a3a48f9b29352e53b8263fd098bd5aff891b58b1ede5531973a9eec46afa561429cfbff41297a7d8a01","public_key_hex":"c2f8243b0d573587f285c830a868acd19249d17d59ecbf9329e796dfed6fb630"}
{"seq":59,"ts":1780300800000,"agent_id":"baseline-momentum","symbol":"BTCUSDT","side":"sell","price":72863.23592770202,"quantity":0.027448684848206367,"notional_usd":2000.0,"fee_usd":1.2,"balance_before_usd":9802.364019370638,"balance_after_usd":9800.56387934063,"decision":"ALLOW_CAPPED","cert_hash":"69a0c66a8820accd2971d9b1bf0f7eaf9ad54f82d89ea01adcc44763e211e9ef","prev_hash":"459618e05fb5386d9aebcb5392553b2f2918b9b69f11fc4ffbac2721b5544bf2","record_hash":"e469da704a306efe4ed5d72b4f1cd328badbf293e7aa34f1c15af99529790ed9","signature_hex":"0ab5577c5a9f2c54afcae5d42e8e4f073db89b0b9e58403cb7d05bfd67531558a2838b92f2dd9a2a6676d06022d25f0ecba12b0e458b80db642e57145179b302","public_key_hex":"c2f8243b0d573587f285c830a868acd19249d17d59ecbf9329e796dfed6fb630"}
{"seq":60,"ts":1780304400000,"agent_id":"baseline-momentum","symbol":"BTCUSDT","side":"sell","price":72847.47929566583,"quantity":0.024295515331376753,"notional_usd":1769.86705008,"fee_usd":1.061920230048,"balance_before_usd":9801.27709296298,"balance_after_usd":9799.704463888505,"decision":"ALLOW","cert_hash":"29a035f7dc64a769b3e94f741967e4577cc64495adf995d41c5a06710f39c783","prev_hash":"e469da704a306efe4ed5d72b4f1cd328badbf293e7aa34f1c15af99529790ed9","record_hash":"c392f70536124cc007054aef3300823784aed214d992cd61053cac604b94c069","signature_hex":"b28efc34bc35dcdf14d122504050923e58f073a43a08e30562378b1a16ce2012f6efa88eddc3dacbbd4f80315674344a3395ebbde8191fa549dba0ea723ca600","public_key_hex":"c2f8243b0d573587f285c830a868acd19249d17d59ecbf9329e796dfed6fb630"}
{"seq":61,"ts":1780362000000,"agent_id":"baseline-momentum","symbol":"BTCUSDT","side":"sell","price":70613.47987370267,"quantity":0.003189017615231035,"notional_usd":225.18763119,"fee_usd":0.13511257871399998,"balance_before_usd":9951.334663619684,"balance_after_usd":9951.151970495386,"decision":"ALLOW","cert_hash":"074659b9d655cc1df58c2db5727f26259ba6bb6b902b5e93cd3d4ab356bcc4a5","prev_hash":"c392f70536124cc007054aef3300823784aed214d992cd61053cac604b94c069","record_hash":"b3310bf16268e787726c95bffcbd3b59be7ba8d054ac719a86cf3efb81bba0c9","signature_hex":"3669d302f305268460fa166f45cc566ee6f842646d5a4f859de6b742dedd012df9e5604eef934fc933786652029fc5519aa3bde584cf764cb4d45122bf244c07","public_key_hex":"c2f8243b0d573587f285c830a868acd19249d17d59ecbf9329e796dfed6fb630"}
{"seq":62,"ts":1780408800000,"agent_id":"baseline-momentum","symbol":"BTCUSDT","side":"sell","price":67981.95554169385,"quantity":0.0040927017589154156,"notional_usd":278.22986902,"fee_usd":0.166937921412,"balance_before_usd":10137.059016457732,"balance_after_usd":10136.832552406227,"decision":"ALLOW","cert_hash":"c1ac563d202af784e656f981f6fc01d803dad827c3c7e1e98a7335ff1674715d","prev_hash":"b3310bf16268e787726c95bffcbd3b59be7ba8d054ac719a86cf3efb81bba0c9","record_hash":"1003277f3b6169df453160ab835d593d141b4bcacdd7345f6bc40beded4df86e","signature_hex":"d368f8cbbd81fd41dedecad6cfebf1ab0ce5aff857999efd9a9f4fab5917bda8001dccce5e85d00696b7d0a47a382882406c58e82c52b7792fa3bd242213e405","public_key_hex":"c2f8243b0d573587f285c830a868acd19249d17d59ecbf9329e796dfed6fb630"}
{"seq":63,"ts":1780455600000,"agent_id":"baseline-momentum","symbol":"BTCUSDT","side":"sell","price":65809.53551825945,"quantity":0.0036960037284036597,"notional_usd":243.23228864,"fee_usd":0.14593937318400002,"balance_before_usd":10299.683501871936,"balance_after_usd":10299.485949722173,"decision":"ALLOW","cert_hash":"c315eab9d17837d10bf1469bcf26e1dffd14ac9cce9e5acc3778795b22f9e1f8","prev_hash":"1003277f3b6169df453160ab835d593d141b4bcacdd7345f6bc40beded4df86e","record_hash":"9da541c2d523d00abb95ca053407d744b209026225dd0f3c6cc24c2552d34284","signature_hex":"5f38711c185e3027da53eb621201895691a607796a8c415c3ff154dc84d7eab4c4e70b26fc0863cea008f20869aaaf3fc5ff736daa9293b237654fdcfd381407","public_key_hex":"c2f8243b0d573587f285c830a868acd19249d17d59ecbf9329e796dfed6fb630"}
{"seq":64,"ts":1780531200000,"agent_id":"baseline-momentum","symbol":"BTCUSDT","side":"sell","price":63302.204811067975,"quantity":0.004654433356142516,"notional_usd":294.63589359,"fee_usd":0.17678153615400002,"balance_before_usd":10496.664078327372,"balance_after_usd":10496.424018890368,"decision":"ALLOW","cert_hash":"0e7025eaddc06487dd07225201040d378f3258a74f95405467ee1b919bbe59d8","prev_hash":"9da541c2d523d00abb95ca053407d744b209026225dd0f3c6cc24c2552d34284","record_hash":"0d5886100f84f9153ee8378fe8daa67b7a0ff80e75d8b0f08a36531ac3ef1a15","signature_hex":"02f4d19d76a53de5bc422e20b011629c222dc0c02dd442409dca61a9d7e164f59f8efa2c1fa2ccd8d4772e1e19fd0c859c7143e39d3612ad93e7255f596b1709","public_key_hex":"c2f8243b0d573587f285c830a868acd19249d17d59ecbf9329e796dfed6fb630"}
{"seq":65,"ts":1780606800000,"agent_id":"baseline-momentum","symbol":"BTCUSDT","side":"buy","price":63269.876535018,"quantity":0.03161061961126255,"notional_usd":2000.0,"fee_usd":1.2,"balance_before_usd":10501.69287962353,"balance_after_usd":10499.893019593535,"decision":"ALLOW_CAPPED","cert_hash":"64a9581ab18f4b4fc67a2e572845cfa2240bf7bc1894c1370a33600b7777a529","prev_hash":"0d5886100f84f9153ee8378fe8daa67b7a0ff80e75d8b0f08a36531ac3ef1a15","record_hash":"2839eb0b9d21e6b33bd5c5a573498b468bfed738e81cfe876ffedfaa6342d6d8","signature_hex":"7d74a5b9f65381522d43a9a694a7934a8a50218297de7c9fdc3ecbe4d1663097f86be6f544b8a93d42a63e856703416621392c0b5a05746cc4cee748208bc307","public_key_hex":"c2f8243b0d573587f285c830a868acd19249d17d59ecbf9329e796dfed6fb630"}
{"seq":66,"ts":1780610400000,"agent_id":"baseline-momentum","symbol":"BTCUSDT","side":"buy","price":63722.412264066,"quantity":0.031386131330245155,"notional_usd":2000.0,"fee_usd":1.2,"balance_before_usd":10476.693165745002,"balance_after_usd":10474.893305715008,"decision":"ALLOW_CAPPED","cert_hash":"86bbf5b44a114e2a3940350399def76bc7d7ec654a1526f51e0f43f3baf819e9","prev_hash":"2839eb0b9d21e6b33bd5c5a573498b468bfed738e81cfe876ffedfaa6342d6d8","record_hash":"4082ac60dc3e0d903fb0288c902c61983ca87d2f03a86e10a6b3bec38a5c6f26","signature_hex":"8f68cd9c52b37d89396255763730e89599184a263bc8ceb7ae4dda4d1779fa839f44f2014b07c0f19a3f49033010e12d1d9ade6f320a1cd3eae266a0f3fad10a","public_key_hex":"c2f8243b0d573587f285c830a868acd19249d17d59ecbf9329e796dfed6fb630"}
{"seq":67,"ts":1780617600000,"agent_id":"baseline-momentum","symbol":"BTCUSDT","side":"sell","price":63374.283277866,"quantity":0.03155854230699468,"notional_usd":2000.0,"fee_usd":1.2,"balance_before_usd":10481.087426950464,"balance_after_usd":10479.287286920457,"decision":"ALLOW_CAPPED","cert_hash":"82a93d15d38d1006a4713587bad0994e4a6fc4e7399495afa02875acea7a93c7","prev_hash":"4082ac60dc3e0d903fb0288c902c61983ca87d2f03a86e10a6b3bec38a5c6f26","record_hash":"a99af05ddc6e47b88d6ed311e3e0aa03d0723d8cc01d48a97d80e76784b4dc48","signature_hex":"2871b942a04fcec0eb71cb205f01ddaff20063c02ef2319c54527e234f6335fe9ae95f40ffff5fb18be5be4a962777581efd1c4e5dd0ab77841a72e6d69ed70e","public_key_hex":"c2f8243b0d573587f285c830a868acd19249d17d59ecbf9329e796dfed6fb630"}
{"seq":68,"ts":1780621200000,"agent_id":"baseline-momentum","symbol":"BTCUSDT","side":"sell","price":63324.756350774245,"quantity":0.03129304024232178,"notional_usd":1981.62414882,"fee_usd":1.188974489292,"balance_before_usd":10481.839412224814,"balance_after_usd":10480.057633357963,"decision":"ALLOW","cert_hash":"171784b51fa487a0c3803920ef693d932c81e41429e88f62c23868e8081c8946","prev_hash":"a99af05ddc6e47b88d6ed311e3e0aa03d0723d8cc01d48a97d80e76784b4dc48","record_hash":"d38838e222d67ae437954a23a7a70ae92d52026eb4703d27c09053a9f29658e4","signature_hex":"c4b191dca6a29b74f5bb54cf7e6d6b0aff019ced1fd309da0cf53af15220930bcd5c2a0f6750c9137fc55b5a0358facb25d8c1fe4e78cd5e94abcf734411ec0f","public_key_hex":"c2f8243b0d573587f285c830a868acd19249d17d59ecbf9329e796dfed6fb630"}
{"seq":69,"ts":1780642800000,"agent_id":"baseline-momentum","symbol":"BTCUSDT","side":"buy","price":63088.822231398,"quantity":0.03170133677031367,"notional_usd":2000.0,"fee_usd":1.2,"balance_before_usd":10502.713811089474,"balance_after_usd":10500.91395105948,"decision":"ALLOW_CAPPED","cert_hash":"2f7c24ea27148206d9089da214a26a83e87095699538ecc29fc5091e9718a63a","prev_hash":"d38838e222d67ae437954a23a7a70ae92d52026eb4703d27c09053a9f29658e4","record_hash":"da0f29a598919388aa4bdda59f586e8020fc9243aa0cf55ad10142caebb34b09","signature_hex":"7409e06a09a00365a84bdcb302f5ca28a3a98dd75994f5afe22decdb8252a3827668639be0ff023cf2c66fb25e549da2e7d13c195016d38086aec600dd2db60a","public_key_hex":"c2f8243b0d573587f285c830a868acd19249d17d59ecbf9329e796dfed6fb630"}
{"seq":70,"ts":1780646400000,"agent_id":"baseline-momentum","symbol":"BTCUSDT","side":"sell","price":62406.17377849801,"quantity":0.03204811125095925,"notional_usd":2000.0,"fee_usd":1.2,"balance_before_usd":10533.9564212535,"balance_after_usd":10532.156281223493,"decision":"ALLOW_CAPPED","cert_hash":"a5fbc12f5f56420f169dd153b1914b1d6855b7606b5eefb2001a6cf4b39e8357","prev_hash":"da0f29a598919388aa4bdda59f586e8020fc9243aa0cf55ad10142caebb34b09","record_hash":"e62a57cf8243aef8e423ae818603a1604208df05776bca41adf5955c88cc7bec","signature_hex":"c20a85ed94a6280badc16ce948be074773b0a4341355f25c5786bc5faa9d0bc7720dcd7a2bbac350746ebdbb975af6e4b4e7e4a6274feabc5af9aa890c106701","public_key_hex":"c2f8243b0d573587f285c830a868acd19249d17d59ecbf9329e796dfed6fb630"}
{"seq":71,"ts":1780664400000,"agent_id":"baseline-momentum","symbol":"BTCUSDT","side":"sell","price":60686.96858977351,"quantity":0.0048435360149053875,"notional_usd":293.939518,"fee_usd":0.17636371080000002,"balance_before_usd":10675.4850423465,"balance_after_usd":10675.245560530942,"decision":"ALLOW","cert_hash":"cb8b5a798b5f347be4aab3a7d160004fcd54029f4f575043215eba8a30f29e0b","prev_hash":"e62a57cf8243aef8e423ae818603a1604208df05776bca41adf5955c88cc7bec","record_hash":"b1f9e49b2690f749ee645b3bf206fcb899b67ef83657cf164ec4315691d48fb1","signature_hex":"4d76376ff9e9d0647593b1a7f6f74087e0a8a4485b85f79b18adf59aad68adb2d23c1c3f4a9c2900761dd3f7f76a4dac43dca307699f083d3b02191b0b65e507","public_key_hex":"c2f8243b0d573587f285c830a868acd19249d17d59ecbf9329e796dfed6fb630"}
{"seq":72,"ts":1780754400000,"agent_id":"baseline-momentum","symbol":"BTCUSDT","side":"buy","price":60779.72966523,"quantity":0.03290570739646003,"notional_usd":2000.0,"fee_usd":1.2,"balance_before_usd":10669.886213486701,"balance_after_usd":10668.086353456707,"decision":"ALLOW_CAPPED","cert_hash":"a70088ac0a72f2e8d9830307c46994518600d24c76ed8a2939eba5af4620644e","prev_hash":"b1f9e49b2690f749ee645b3bf206fcb899b67ef83657cf164ec4315691d48fb1","record_hash":"aef48ab8fca53becda667084fe6f94d046a73b00bc1fd4657b6a6c599999c77c","signature_hex":"ffea817d7175137c14b23f99a43fd30bf3b83ad65f64bf85fab4ce4bb6aecf17c2b45c3978baf5fca97b8f97d03413187e5e17362dbd16972f39b7e34ea63d0a","public_key_hex":"c2f8243b0d573587f285c830a868acd19249d17d59ecbf9329e796dfed6fb630"}
{"seq":73,"ts":1780758000000,"agent_id":"baseline-momentum","symbol":"BTCUSDT","side":"buy","price":60768.026154996,"quantity":0.03291204481282253,"notional_usd":2000.0,"fee_usd":1.2,"balance_before_usd":10668.730225312449,"balance_after_usd":10666.930365282455,"decision":"ALLOW_CAPPED","cert_hash":"b63900c2d987950e5feb464f86ba91ff47c6ec55316756b1795fbf985a5fcf9e","prev_hash":"aef48ab8fca53becda667084fe6f94d046a73b00bc1fd4657b6a6c599999c77c","record_hash":"c46657e5598bb7353b5dc2635eba56b54491a6a1ed757bc82ac3e5f7d654ea0b","signature_hex":"1477c3735c9ec50e504e826537acc2c8eff782d29cce751c8b3c3d4a25b05866de1df0eabf150879392d501eda43b2e56e051bc363fef57746668a887763ce04","public_key_hex":"c2f8243b0d573587f285c830a868acd19249d17d59ecbf9329e796dfed6fb630"}
{"seq":74,"ts":1780761600000,"agent_id":"baseline-momentum","symbol":"BTCUSDT","side":"sell","price":60732.076125006,"quantity":0.03293152692299472,"notional_usd":2000.0,"fee_usd":1.2,"balance_before_usd":10666.870929308283,"balance_after_usd":10665.070789278276,"decision":"ALLOW_CAPPED","cert_hash":"90c9a05a71b27cd80eb6db8a29112c81c940cfb68d9e0b8d11e5d96a39ca1856","prev_hash":"c46657e5598bb7353b5dc2635eba56b54491a6a1ed757bc82ac3e5f7d654ea0b","record_hash":"8df3389feb9134e3dbfd2994d5f8c9bf762a45d18c046d62aa13743483dd3e0a","signature_hex":"8cf064f4d87117b99e28f0f6558035d3ca9192094d581e96012367cb289f42827d9f5d0c73f4ac7103429b1d0f1adfc96fb06ed38d7783233dde4e1c19c62003","public_key_hex":"c2f8243b0d573587f285c830a868acd19249d17d59ecbf9329e796dfed6fb630"}
{"seq":75,"ts":1780765200000,"agent_id":"baseline-momentum","symbol":"BTCUSDT","side":"sell","price":60532.33606101,"quantity":0.03304019190642532,"notional_usd":2000.0,"fee_usd":1.2,"balance_before_usd":10676.070031955811,"balance_after_usd":10674.269891925804,"decision":"ALLOW_CAPPED","cert_hash":"c2c2bca8a9a7531d16762c95b511de4387fbda7151cce5f972f6360ec4dbe4c8","prev_hash":"8df3389feb9134e3dbfd2994d5f8c9bf762a45d18c046d62aa13743483dd3e0a","record_hash":"296286d8cf2ef6dac86770338814ccd4fa7cb756bacbdaa59a1682837775fb8f","signature_hex":"faa669f5a629770b0f45bfaca18840eb28f3e618e16e020a737a33da819e532eed444dcaace43db06d9bdf5767e1fa44c92da8563d7a507e85ada1d1ea377906","public_key_hex":"c2f8243b0d573587f285c830a868acd19249d17d59ecbf9329e796dfed6fb630"}
{"seq":76,"ts":1780790400000,"agent_id":"baseline-momentum","symbol":"BTCUSDT","side":"buy","price":60768.226214999995,"quantity":0.03291193646041163,"notional_usd":2000.0,"fee_usd":1.2,"balance_before_usd":10656.791974350079,"balance_after_usd":10654.992114320085,"decision":"ALLOW_CAPPED","cert_hash":"cf2897f7b17568957b5d1efb730a1cd4a4d0f6bb536a56c289f98a7283c92858","prev_hash":"296286d8cf2ef6dac86770338814ccd4fa7cb756bacbdaa59a1682837775fb8f","record_hash":"c8fef4631c269cb3ced9090164c469cd2f77885eecca6f6cfa58f87a36ac4ad4","signature_hex":"a04de8530f09e2c2cb9179a0b8224ae05d31896c3c9c86841189d7c4d2f3e970c31f325b8798b8f355455f5402c4640620e4cdb3bc46c7832650c4a90d619308","public_key_hex":"c2f8243b0d573587f285c830a868acd19249d17d59ecbf9329e796dfed6fb630"}
{"seq":77,"ts":1780794000000,"agent_id":"baseline-momentum","symbol":"BTCUSDT","side":"buy","price":61463.834848908,"quantity":0.03253946007300801,"notional_usd":2000.0,"fee_usd":1.2,"balance_before_usd":10616.620276043699,"balance_after_usd":10614.820416013705,"decision":"ALLOW_CAPPED","cert_hash":"b27f2620a11cb574e5f7e6ae1e98909fb888f7dc527d14dba5c9acff0f51ddc6","prev_hash":"c8fef4631c269cb3ced9090164c469cd2f77885eecca6f6cfa58f87a36ac4ad4","record_hash":"d9f898fbdcf9ebb92cf8aada3f0bae49d8e5cd5ba877f444c9746a752c8a7b7e","signature_hex":"3456abb1e9408335ee05eedc559b4a2c029b49de8916d5cced89a2c7e8995d8de6f83edffc1930895dfa858cb376992c31b8848713fa0b20cc1ac3c0732b3a0b","public_key_hex":"c2f8243b0d573587f285c830a868acd19249d17d59ecbf9329e796dfed6fb630"}
{"seq":78,"ts":1780797600000,"agent_id":"baseline-momentum","symbol":"BTCUSDT","side":"buy","price":61484.841149328,"quantity":0.03252834296412359,"notional_usd":2000.0,"fee_usd":1.2,"balance_before_usd":10614.344974753174,"balance_after_usd":10612.545114723178,"decision":"ALLOW_CAPPED","cert_hash":"ca459eb7c52d5ceec15e61fe4cf38d4640eb93f94f2e4944bad487be07d31be8","prev_hash":"d9f898fbdcf9ebb92cf8aada3f0bae49d8e5cd5ba877f444c9746a752c8a7b7e","record_hash":"75801f569691ef944bfdbd571595fbbd81f31a6a31c25d0ca67e08bb7f44c830","signature_hex":"ab77273c4083b021804982c7286e125407a4c038336f21afa996b5b6e1db3333d910e3839e931bbf1704a44193252b3a139778d667fe8a370efbdfb45239e407","public_key_hex":"c2f8243b0d573587f285c830a868acd19249d17d59ecbf9329e796dfed6fb630"}
{"seq":79,"ts":1780801200000,"agent_id":"baseline-momentum","symbol":"BTCUSDT","side":"buy","price":61684.50103332,"quantity":0.03242305549200542,"notional_usd":2000.0,"fee_usd":1.2,"balance_before_usd":10614.51881599776,"balance_after_usd":10612.718955967768,"decision":"ALLOW_CAPPED","cert_hash":"26039736c312f29b9523c7e6705170f8e0ee3edd083076774d7e0533d697e823","prev_hash":"75801f569691ef944bfdbd571595fbbd81f31a6a31c25d0ca67e08bb7f44c830","record_hash":"c779872713c8a3f995a360595bcfcdf7926b81f047a4a2eada01bb1599da2081","signature_hex":"cda6913f6a8212fbea56872803a8090c6771e364a0d1097ab4eb5c09e37a5310a35916d4a3ef234dc604772f9a2c9125ca4360fd29fc7eb5be0ee149a678d70b","public_key_hex":"c2f8243b0d573587f285c830a868acd19249d17d59ecbf9329e796dfed6fb630"}
{"seq":80,"ts":1780804800000,"agent_id":"baseline-momentum","symbol":"BTCUSDT","side":"buy","price":61869.55653702,"quantity":0.032326076214935995,"notional_usd":2000.0,"fee_usd":1.2,"balance_before_usd":10620.546553577466,"balance_after_usd":10618.746693547473,"decision":"ALLOW_CAPPED","cert_hash":"ea073d6860e27c08db7347c203e95549c2d723653ab9bb0bc3e7e839b45a1bdf","prev_hash":"c779872713c8a3f995a360595bcfcdf7926b81f047a4a2eada01bb1599da2081","record_hash":"ea20e7cc0cfc9169e6a58260952dcf0090c6adfa8e6303417b26f44d67baf87c","signature_hex":"68f30df94caf77711383d02cbe7e402feb698bc7236ee77a7f3ae5e9df5983f2fff0e35b5717da75775096bd83b0cbe9bbe9ecf10ddd9b3362e58b6d961c0f08","public_key_hex":"c2f8243b0d573587f285c830a868acd19249d17d59ecbf9329e796dfed6fb630"}
{"seq":81,"ts":1780808400000,"agent_id":"baseline-momentum","symbol":"BTCUSDT","side":"buy","price":61725.59737316117,"quantity":0.01131127976711298,"notional_usd":698.19550068,"fee_usd":0.418917300408,"balance_before_usd":10608.304919238533,"balance_after_usd":10607.722018094411,"decision":"ALLOW","cert_hash":"2676d102ca6a7ed7e9bf61ab285716ed26e83af581f1c3cfdb6737fef0a557a4","prev_hash":"ea20e7cc0cfc9169e6a58260952dcf0090c6adfa8e6303417b26f44d67baf87c","record_hash":"4e87e631ca315f45c708d58764e031adacc4a3c887149236a5bc0c5728b0342a","signature_hex":"91cf7120b1e9a2715adcb49672e0a0d3088b1456a265475029a16873c1fd0169d6891d7f13b890304e006f7eaa2272f943141848c70edac4ffdc04a0c5a97803","public_key_hex":"c2f8243b0d573587f285c830a868acd19249d17d59ecbf9329e796dfed6fb630"}
{"seq":82,"ts":1780992000000,"agent_id":"baseline-momentum","symbol":"BTCUSDT","side":"sell","price":62801.555136408,"quantity":0.031846345136770954,"notional_usd":2000.0,"fee_usd":1.2,"balance_before_usd":10702.884365302318,"balance_after_usd":10701.084225272312,"decision":"ALLOW_CAPPED","cert_hash":"edde1011e58d5bb5aa9fca7fef8505c694f85bfbc6934bd92e9b4bd66f0469da","prev_hash":"4e87e631ca315f45c708d58764e031adacc4a3c887149236a5bc0c5728b0342a","record_hash":"59e8f487e3783e6b3e598984f48025d2b969220a760158d9f6ca64d7eac66e16","signature_hex":"5bf2ed6c4ab927c01f99c70b8063ebcc54964d1a06606e5e7128aab2ac1b25081783fb4c8c8c1eb754ffd3e066e02bcc6ccb962ae75cd77db51478d9fe051400","public_key_hex":"c2f8243b0d573587f285c830a868acd19249d17d59ecbf9329e796dfed6fb630"}
{"seq":83,"ts":1780995600000,"agent_id":"baseline-momentum","symbol":"BTCUSDT","side":"sell","price":62670.294523782,"quantity":0.03191304612811487,"notional_usd":2000.0,"fee_usd":1.2,"balance_before_usd":10693.980586812364,"balance_after_usd":10692.180446782357,"decision":"ALLOW_CAPPED","cert_hash":"cee7fcd3cd9272352ef36c571e5b6f4eaf1b5c96800b20c083b41546b69e2e66","prev_hash":"59e8f487e3783e6b3e598984f48025d2b969220a760158d9f6ca64d7eac66e16","record_hash":"01d33bebb6530bc6086b5c67a20eab2c8c5dd6e1d779cd0d2bbab08952cbff80","signature_hex":"8a0b5b08d918f9211a71d05605eee6900fb1bc7da637ce57af516734cfdcebfa7bd8a12c3f6c011b017d4a9a0b7bbab0b577d9f8142770225f55ed9680b11c02","public_key_hex":"c2f8243b0d573587f285c830a868acd19249d17d59ecbf9329e796dfed6fb630"}
{"seq":84,"ts":1780999200000,"agent_id":"baseline-momentum","symbol":"BTCUSDT","side":"sell","price":62731.276225002,"quantity":0.031882023136696296,"notional_usd":2000.0,"fee_usd":1.2,"balance_before_usd":10693.533994274383,"balance_after_usd":10691.733854244376,"decision":"ALLOW_CAPPED","cert_hash":"6d1f9483dd1db3e660f5480ec338e18a1625ac43be8807af3a462f16ab66fd3f","prev_hash":"01d33bebb6530bc6086b5c67a20eab2c8c5dd6e1d779cd0d2bbab08952cbff80","record_hash":"21c30893dfb62bbfef7ba37f081221f5a4c99d8ad327a27ab33503862d10fe93","signature_hex":"6a5c6601f3ed6a6416d15ab3165a624b5fc0ce01f1d97df39f1063e454fa5bdf9291255fa58c8857faeaeb55a7b02308898ffc7050c1b3a9afca20885a3dc408","public_key_hex":"c2f8243b0d573587f285c830a868acd19249d17d59ecbf9329e796dfed6fb630"}
{"seq":85,"ts":1781002800000,"agent_id":"baseline-momentum","symbol":"BTCUSDT","side":"sell","price":62665.296023682,"quantity":0.03191559167364621,"notional_usd":2000.0,"fee_usd":1.2,"balance_before_usd":10692.373573763633,"balance_after_usd":10690.573433733625,"decision":"ALLOW_CAPPED","cert_hash":"d373d0e1bacd3b8cd4d35d971a3fb99eea3dc22d82cbf3e3267716c4b6a6e25b","prev_hash":"21c30893dfb62bbfef7ba37f081221f5a4c99d8ad327a27ab33503862d10fe93","record_hash":"4d6d1f03ad7e4ededab2d8be21ea72cee92be7e4516a0ab8f90c5f6eee179f75","signature_hex":"8862545d6bed90bf1d3713e581f66a6c53d35388ee35e4e8b1ae146e6eec7b0092fb9ebaa8b9ee94f5d356e0a3a400711ce40ed03324f1917c66d5197fe8d108","public_key_hex":"c2f8243b0d573587f285c830a868acd19249d17d59ecbf9329e796dfed6fb630"}
{"seq":86,"ts":1781006400000,"agent_id":"baseline-momentum","symbol":"BTCUSDT","side":"sell","price":62595.117082278004,"quantity":0.031951374056399716,"notional_usd":2000.0,"fee_usd":1.2,"balance_before_usd":10693.494337212323,"balance_after_usd":10691.694197182318,"decision":"ALLOW_CAPPED","cert_hash":"c172a99ef0f483eaebcee2be226c42847337c793eac641273ae2e28a9913a25b","prev_hash":"4d6d1f03ad7e4ededab2d8be21ea72cee92be7e4516a0ab8f90c5f6eee179f75","record_hash":"a7ef3bbc6a8addeb59507b7972f00d5fb63e02861102490ffe1b27f2b366baa0","signature_hex":"0e459c95b9a870d0c8a64861208ea696eb620efe35b72ef04cd5e5f0a6a3a443da858f65f1014ec28eba1742a0e655931c44c8df7e0816009c94db4530d68b04","public_key_hex":"c2f8243b0d573587f285c830a868acd19249d17d59ecbf9329e796dfed6fb630"}
{"seq":87,"ts":1781010000000,"agent_id":"baseline-momentum","symbol":"BTCUSDT","side":"sell","price":62232.52240551738,"quantity":0.012540512581261036,"notional_usd":780.42773019,"fee_usd":0.468256638114,"balance_before_usd":10718.65382199825,"balance_after_usd":10717.99899269935,"decision":"ALLOW","cert_hash":"07c0beee0a26a60f4a6aca2ba5ac114f8d9f57f3080f858e65df6841eafa5f89","prev_hash":"a7ef3bbc6a8addeb59507b7972f00d5fb63e02861102490ffe1b27f2b366baa0","record_hash":"dc25b0242fa01475603ec35130f7184d1629ae5acfc4b4af52dff322f5773ee2","signature_hex":"beb9395b4c608d680d3f6f6b0d0a0435de3daa77e1fba6a4f8a9d50c6e2c7ba70f25362e6cda8f013e1c2428c10f2379e7e19cdbd138d52856b612a44e6fcf02","public_key_hex":"c2f8243b0d573587f285c830a868acd19249d17d59ecbf9329e796dfed6fb630"}
{"seq":88,"ts":1781103600000,"agent_id":"baseline-momentum","symbol":"BTCUSDT","side":"buy","price":62616.48056195399,"quantity":0.03194047289229487,"notional_usd":2000.0,"fee_usd":1.2,"balance_before_usd":10687.843309270958,"balance_after_usd":10686.043449240964,"decision":"ALLOW_CAPPED","cert_hash":"2330b43a3980496184aaa7d4308156464857e38ac1c95f176f436afb91932dc4","prev_hash":"dc25b0242fa01475603ec35130f7184d1629ae5acfc4b4af52dff322f5773ee2","record_hash":"6ffef20114e5b2a44f19dfb8160b66a9ebcea6200a946cdfb2086507a6065268","signature_hex":"c8c2ff14f2d88e93b76861a08bb6d450b678ffd103e5c7c138ba53c92c498ece22f552a8d064ecc9605ccc288c1237bf2d7843c8fd8a88bd7107077688370801","public_key_hex":"c2f8243b0d573587f285c830a868acd19249d17d59ecbf9329e796dfed6fb630"}
{"seq":89,"ts":1781136000000,"agent_id":"baseline-momentum","symbol":"BTCUSDT","side":"buy","price":61815.04018593,"quantity":0.032354585453383385,"notional_usd":2000.0,"fee_usd":1.2,"balance_before_usd":10729.499555983413,"balance_after_usd":10727.699695953419,"decision":"ALLOW_CAPPED","cert_hash":"1fad1d9bc6f36e016c13884eeaa39653a3cbb1142051abc15ceea13ffb1b1d92","prev_hash":"6ffef20114e5b2a44f19dfb8160b66a9ebcea6200a946cdfb2086507a6065268","record_hash":"30ae271d426565a86c76cbd9536b57bfd0dc1781c65dd827bd0aea91ae56b4f9","signature_hex":"033dcdbdcccb19a8d839aa30f003dcbe3a9d655f67bff635478a637f911718209fe966dfb5ac85aa128d51679c6be1ac1e169aea46c525037ddfffd9152af804","public_key_hex":"c2f8243b0d573587f285c830a868acd19249d17d59ecbf9329e796dfed6fb630"}
{"seq":90,"ts":1781139600000,"agent_id":"baseline-momentum","symbol":"BTCUSDT","side":"buy","price":62195.65434354,"quantity":0.03215658748363553,"notional_usd":2000.0,"fee_usd":1.2,"balance_before_usd":10719.402840200784,"balance_after_usd":10717.60298017079,"decision":"ALLOW_CAPPED","cert_hash":"c258a31f0ed20108af91b97d24566774c4d25183e91a0a3a46ab94100e22492b","prev_hash":"30ae271d426565a86c76cbd9536b57bfd0dc1781c65dd827bd0aea91ae56b4f9","record_hash":"300bef67222632995110fd1f7c3f9acd359c98a5507663a0924ee570bb234f24","signature_hex":"aefbf7628ec93a981f3de65691cf6c428b1735e7ea5e5b06290c15ca816e374af1d3b9dfa3238bb4ded0f6b910d7c697ca0240f9212569c68b00ee3f36ccb20e","public_key_hex":"c2f8243b0d573587f285c830a868acd19249d17d59ecbf9329e796dfed6fb630"}
{"seq":91,"ts":1781143200000,"agent_id":"baseline-momentum","symbol":"BTCUSDT","side":"buy","price":62131.935232266,"quantity":0.03218956551930112,"notional_usd":2000.0,"fee_usd":1.2,"balance_before_usd":10716.943592963175,"balance_after_usd":10715.143732933182,"decision":"ALLOW_CAPPED","cert_hash":"75e666c3aa39f796984d2fe7b1c7ef525a953047f60e7ad10108b4eefae2b6cb","prev_hash":"300bef67222632995110fd1f7c3f9acd359c98a5507663a0924ee570bb234f24","record_hash":"6684cd6a5fbd92b011972a0095c242b97994a67e0b0a5c4c8775c0c3ac399bbe","signature_hex":"9b650fd885bae52ad6d8ea661276f2ea6bec176fb8f4330f9c61547cf72ddc9f8e11f25ae7439be6159fb2687ea84086fa4ab4ea6450082178b685592ce4010b","public_key_hex":"c2f8243b0d573587f285c830a868acd19249d17d59ecbf9329e796dfed6fb630"}
{"seq":92,"ts":1781146800000,"agent_id":"baseline-momentum","symbol":"BTCUSDT","side":"buy","price":62670.496763033996,"quantity":0.03191294314392117,"notional_usd":2000.0,"fee_usd":1.2,"balance_before_usd":10738.047814358531,"balance_after_usd":10736.247954328537,"decision":"ALLOW_CAPPED","cert_hash":"0c405758fbb999f144c499e4ac73ba0990bfaca44fc1dd932e167984ced762dd","prev_hash":"6684cd6a5fbd92b011972a0095c242b97994a67e0b0a5c4c8775c0c3ac399bbe","record_hash":"c01dce17e6885f380088a0ed5d6cdc6b16b1f393d359a9c27d205ba0d8906036","signature_hex":"6756674768368d8552dcc7cdac3c516eca8a0a827da619b65b3deb72fdd75bb6b997664d14d5b33e87f1c1d7da679c10b89131be855f0e3cb9ab044722e59508","public_key_hex":"c2f8243b0d573587f285c830a868acd19249d17d59ecbf9329e796dfed6fb630"}
{"seq":93,"ts":1781150400000,"agent_id":"baseline-momentum","symbol":"BTCUSDT","side":"buy","price":62698.23859414687,"quantity":0.011200844678044273,"notional_usd":702.27323208,"fee_usd":0.421363939248,"balance_before_usd":10738.61559013546,"balance_after_usd":10738.0291414924,"decision":"ALLOW","cert_hash":"aa7dc94f29de98cefcc2365578f2a3748a9a3ef9598724e9cb22698679cfb08c","prev_hash":"c01dce17e6885f380088a0ed5d6cdc6b16b1f393d359a9c27d205ba0d8906036","record_hash":"c158438f26dab261fdf2107a17fb2d7b0e3c4cfb75f8fa1e3af04b0ec1a60496","signature_hex":"cec727d2e54ae98ad630f401013573c85265a449b624c77a34b1572d6b6182207f482aaca2443cd59a10e480c1158fc2dd23a712cf75220d37d18b725e38c607","public_key_hex":"c2f8243b0d573587f285c830a868acd19249d17d59ecbf9329e796dfed6fb630"}
{"seq":94,"ts":1781456400000,"agent_id":"baseline-momentum","symbol":"BTCUSDT","side":"sell","price":63685.689834096,"quantity":0.03140422919513139,"notional_usd":2000.0,"fee_usd":1.2,"balance_before_usd":10826.450083101914,"balance_after_usd":10824.649943071907,"decision":"ALLOW_CAPPED","cert_hash":"239fbd409be9fe34f1f6915d9ab8b6114df86fe393538d89233424327a3da1ec","prev_hash":"c158438f26dab261fdf2107a17fb2d7b0e3c4cfb75f8fa1e3af04b0ec1a60496","record_hash":"f9983c8af1115935c3374673bc2ce72ea4f2b1e10299fa7662f60ff2c01cb7ca","signature_hex":"98992be70cfa80ead07967dd7c07156140ec7e43feadc65b7b2dfbcb58b26f17d7e2bcb6b993eb27ca3351d73f2c624fcbea7742a2e5332dede28f8300ddf001","public_key_hex":"c2f8243b0d573587f285c830a868acd19249d17d59ecbf9329e796dfed6fb630"}
{"seq":95,"ts":1781460000000,"agent_id":"baseline-momentum","symbol":"BTCUSDT","side":"sell","price":63768.464995752,"quantity":0.03136346468639683,"notional_usd":2000.0,"fee_usd":1.2,"balance_before_usd":10829.14189040663,"balance_after_usd":10827.341750376625,"decision":"ALLOW_CAPPED","cert_hash":"bce8bce5b89360c07804ce753842ee38d8285ff2a2a15c98a7de0888b4d199c0","prev_hash":"f9983c8af1115935c3374673bc2ce72ea4f2b1e10299fa7662f60ff2c01cb7ca","record_hash":"dbdeec927416c56e139f1d2e0d1c36071a060bfec5ab65ca2f350855d5109d71","signature_hex":"4fc5289b08ad2c2b834ab04dd494ebd0e707f8a5c79fdeb28eee42b7f688cd7718f3f50957cfed01ba2450ed235abb1974da3d1e1f384859f58cea6694d78808","public_key_hex":"c2f8243b0d573587f285c830a868acd19249d17d59ecbf9329e796dfed6fb630"}
{"seq":96,"ts":1781463600000,"agent_id":"baseline-momentum","symbol":"BTCUSDT","side":"sell","price":63765.265955688,"quantity":0.03136503816027126,"notional_usd":2000.0,"fee_usd":1.2,"balance_before_usd":10827.26851163426,"balance_after_usd":10825.468371604253,"decision":"ALLOW_CAPPED","cert_hash":"1708fccba52ba17b45b1da93b3974692d230decb764160549409f4232c1dec2d","prev_hash":"dbdeec927416c56e139f1d2e0d1c36071a060bfec5ab65ca2f350855d5109d71","record_hash":"0172ee88fc87b69b8c34f5cdafd8d43d0208a0f87a48680a39b68616d062ec99","signature_hex":"668c7519fa65ea514ba7f2e91b73fc28d3fae1502ba8d2f8180d85171d63072ec86379614fefef1e36521ca918dfeb377cd4e5f1660cda8a7ab087eb87b92f08","public_key_hex":"c2f8243b0d573587f285c830a868acd19249d17d59ecbf9329e796dfed6fb630"}
{"seq":97,"ts":1781467200000,"agent_id":"baseline-momentum","symbol":"BTCUSDT","side":"sell","price":63961.30712961,"quantity":0.03126890443228806,"notional_usd":2000.0,"fee_usd":1.2,"balance_before_usd":10823.805849301569,"balance_after_usd":10822.005709271561,"decision":"ALLOW_CAPPED","cert_hash":"869e26cfbbc9819aa3b0c66ebf44bbb989cb6a1ea46e7b0ef724d26d5bebccda","prev_hash":"0172ee88fc87b69b8c34f5cdafd8d43d0208a0f87a48680a39b68616d062ec99","record_hash":"5c87c43820191e0cc08a183f7266a3f4d4228088eed625a9af1dd2fca6356cb9","signature_hex":"aa16ebda38e8b32c4bbd0e2550b2e15b21c93ad97e90fc644221fc41b747db9de15ce4c40ba072b2fa297ee49e5e742bb2b29b0dc416831220f774b78a7e7901","public_key_hex":"c2f8243b0d573587f285c830a868acd19249d17d59ecbf9329e796dfed6fb630"}
{"seq":98,"ts":1781470800000,"agent_id":"baseline-momentum","symbol":"BTCUSDT","side":"buy","price":65301.885995646,"quantity":0.0306269867938171,"notional_usd":2000.0,"fee_usd":1.2,"balance_before_usd":10770.263278682858,"balance_after_usd":10768.463418652864,"decision":"ALLOW_CAPPED","cert_hash":"c01a7c48583f32bd216a629ea2d8417250620d1a59d5bff66f74e53fe588f7fd","prev_hash":"5c87c43820191e0cc08a183f7266a3f4d4228088eed625a9af1dd2fca6356cb9","record_hash":"dc6a13f75b2cce5a7d73f2186490d80345fecfbbf039dce5598678c6c9281313","signature_hex":"b30e554f058e60b0571936da3c0376ee8008ec2071e08d0f81f6218ad7652e4e26778da6ff094c6d611cf9beebeb38a8887200b69c409954f0305d17894e8d0b","public_key_hex":"c2f8243b0d573587f285c830a868acd19249d17d59ecbf9329e796dfed6fb630"}
{"seq":99,"ts":1781474400000,"agent_id":"baseline-momentum","symbol":"BTCUSDT","side":"buy","price":65404.916897705996,"quantity":0.03057874078684362,"notional_usd":2000.0,"fee_usd":1.2,"balance_before_usd":10767.524074225461,"balance_after_usd":10765.724214195467,"decision":"ALLOW_CAPPED","cert_hash":"f387710e8fb2dcf5d7a15c78758d3a2ca69cdcd084d4d64725ae2bc6d4f69547","prev_hash":"dc6a13f75b2cce5a7d73f2186490d80345fecfbbf039dce5598678c6c9281313","record_hash":"818502767548629df89d316ba309c9090bff438cb9af929605aac67874f929ed","signature_hex":"d73aad932b1c612e4de8fbea4c95519033e64094ccdf8f7eadc69536691639639bdc8e7b0ac66e90d5c3c973e3c55ed1a67a26e632179ed2a7c2616e19e0f604","public_key_hex":"c2f8243b0d573587f285c830a868acd19249d17d59ecbf9329e796dfed6fb630"}
{"seq":100,"ts":1781478000000,"agent_id":"baseline-momentum","symbol":"BTCUSDT","side":"buy","price":65722.012004046,"quantity":0.030431204691007865,"notional_usd":2000.0,"fee_usd":1.2,"balance_before_usd":10772.526682952212,"balance_after_usd":10770.726822922217,"decision":"ALLOW_CAPPED","cert_hash":"0ed04559d41375a755e7703ae810b693ec5c4759dd26bf7eb37b7a208c02ef26","prev_hash":"818502767548629df89d316ba309c9090bff438cb9af929605aac67874f929ed","record_hash":"ab41b9a73e2004e4e55efe49de4331cc6a0cde988f0a72f4951fe0299b17e88f","signature_hex":"73a2494e003238096d708f2bae4eff1f1f96b8763bf08e19d13e243e2e8308458984b7ea6cdd55d5c61d052db2b333eb6a6a094c63133baa82db32da34b1470b","public_key_hex":"c2f8243b0d573587f285c830a868acd19249d17d59ecbf9329e796dfed6fb630"}
{"seq":101,"ts":1781481600000,"agent_id":"baseline-momentum","symbol":"BTCUSDT","side":"buy","price":65611.30962190787,"quantity":0.03016098768754399,"notional_usd":1978.90190167,"fee_usd":1.1873411410019998,"balance_before_usd":10764.923110597305,"balance_after_usd":10763.144323891382,"decision":"ALLOW","cert_hash":"acb36492d6a275d05470d5d2954ebbc643dde1930b6c7668b22a78f70e395503","prev_hash":"ab41b9a73e2004e4e55efe49de4331cc6a0cde988f0a72f4951fe0299b17e88f","record_hash":"10c6ffd0c9b416dd05fd806c39246fb05f8652f6f918637ff64a1f801d4ca3c9","signature_hex":"b266124143ee3567bd1faa2650a2d376ddcbde00fec8cd0750b947810e516e3926b0bb6fe04926256d3079aaf7c6523520007c1e84a205371c1659f905aab100","public_key_hex":"c2f8243b0d573587f285c830a868acd19249d17d59ecbf9329e796dfed6fb630"}
{"seq":102,"ts":1781607600000,"agent_id":"baseline-momentum","symbol":"BTCUSDT","side":"sell","price":66435.964559118,"quantity":0.030104176454310395,"notional_usd":2000.0,"fee_usd":1.2,"balance_before_usd":10835.145922183561,"balance_after_usd":10833.345782153558,"decision":"ALLOW_CAPPED","cert_hash":"ee5e6ed759abf4ca11efd3583183a331e66e64cd0b6821c691ac25e7f8600c09","prev_hash":"10c6ffd0c9b416dd05fd806c39246fb05f8652f6f918637ff64a1f801d4ca3c9","record_hash":"d70e08bf0d6e1ad98300b8a2c56d1a218eb429fabf23f07b93e4ffa00c1636f6","signature_hex":"d4a7c9f4e13ff4d9b09381ab0d06bef6e59ce48fcf1a653c43352ecdce77b28029fce897e8f308665d4fdf1f393f29296d6508108fa507080e01a897a83d1d02","public_key_hex":"c2f8243b0d573587f285c830a868acd19249d17d59ecbf9329e796dfed6fb630"}
{"seq":103,"ts":1781611200000,"agent_id":"baseline-momentum","symbol":"BTCUSDT","side":"sell","price":66375.0828279,"quantity":0.030131789141200484,"notional_usd":2000.0,"fee_usd":1.2,"balance_before_usd":10830.182215462366,"balance_after_usd":10828.382075432359,"decision":"ALLOW_CAPPED","cert_hash":"9829d28e46febd5696fc714fd0002c4eb7e92002253a472def6e3f6b3ad793fd","prev_hash":"d70e08bf0d6e1ad98300b8a2c56d1a218eb429fabf23f07b93e4ffa00c1636f6","record_hash":"9d5478ad38d26240b94443422c921442ed2a4fb6010a66695b4bcb5df0a8a1e0","signature_hex":"957e23247749102d71c4534acef198a1da600615155f55c83654dc1a647016d33efff51a327b368d08274c5992c8063128538d2bf070fe8f8dc4e2b820b78804","public_key_hex":"c2f8243b0d573587f285c830a868acd19249d17d59ecbf9329e796dfed6fb630"}
{"seq":104,"ts":1781614800000,"agent_id":"baseline-momentum","symbol":"BTCUSDT","side":"sell","price":66000.49523040601,"quantity":0.030302802926221267,"notional_usd":2000.0,"fee_usd":1.2,"balance_before_usd":10820.20795043293,"balance_after_usd":10818.407810402923,"decision":"ALLOW_CAPPED","cert_hash":"7c40a310375dda7e5f16ef782408aa9fa9a0daa214f045f4d240b4c0bc27d953","prev_hash":"9d5478ad38d26240b94443422c921442ed2a4fb6010a66695b4bcb5df0a8a1e0","record_hash":"c96b70ecd3e95407d761a5599d88a96107a02a589938e13ac5e8d33c98ff19e3","signature_hex":"47f4ab694d2b9948b5de45cb853fca63b74d437ee72bf5d0af23325e0298de53187580176a2eed02c2c819c46b8608ebfd713b95b2b8193025543c212c561204","public_key_hex":"c2f8243b0d573587f285c830a868acd19249d17d59ecbf9329e796dfed6fb630"}
{"seq":105,"ts":1781618400000,"agent_id":"baseline-momentum","symbol":"BTCUSDT","side":"sell","price":65610.112372596,"quantity":0.03048310584566776,"notional_usd":2000.0,"fee_usd":1.2,"balance_before_usd":10821.722251069774,"balance_after_usd":10819.922111039767,"decision":"ALLOW_CAPPED","cert_hash":"eb70d5d6659cc582b0680658ea150503be029e0fc2a38d17441df6307e2850b4","prev_hash":"c96b70ecd3e95407d761a5599d88a96107a02a589938e13ac5e8d33c98ff19e3","record_hash":"d0ef6aac98f86f4841500cb8e37a9489cf0d402489775e70771a9f30178e28db","signature_hex":"ed627b9757843ec2a9e28036044bf06b820b5b1be67a6427241280e4fec38ecb98ae4f436ca8931a90d9489a605390cb3157ef8571b15745a37ba3bba8b39407","public_key_hex":"c2f8243b0d573587f285c830a868acd19249d17d59ecbf9329e796dfed6fb630"}
{"seq":106,"ts":1781622000000,"agent_id":"baseline-momentum","symbol":"BTCUSDT","side":"sell","price":65814.75096669,"quantity":0.030388324359264612,"notional_usd":2000.0,"fee_usd":1.2,"balance_before_usd":10811.944790324364,"balance_after_usd":10810.144650294358,"decision":"ALLOW_CAPPED","cert_hash":"439e85ddfbdbed945fae4a01f9432f409393ed48580e0efe03a676e94a647d37","prev_hash":"d0ef6aac98f86f4841500cb8e37a9489cf0d402489775e70771a9f30178e28db","record_hash":"ee386e5e6bab1c2afaf70ed646884fe27e92e56a1f5f25edffd57a2b68f434ad","signature_hex":"6ab8ec43d4dc5f0f5d3380f22016585149fea72a20ce7afdc3c0df72414244beb06330c661db5f457909284aad922366fcecc872e3e29756f54a34310ba5cf0e","public_key_hex":"c2f8243b0d573587f285c830a868acd19249d17d59ecbf9329e796dfed6fb630"}
{"seq":107,"ts":1781625600000,"agent_id":"baseline-momentum","symbol":"BTCUSDT","side":"sell","price":65717.06245951119,"quantity":0.012926015778373524,"notional_usd":849.45978626,"fee_usd":0.509675871756,"balance_before_usd":10817.284902421643,"balance_after_usd":10816.56921765006,"decision":"ALLOW","cert_hash":"8ede3219955d21cf9ed1302c7a690859a2b59698c412c2d9c20811b6d551f8a8","prev_hash":"ee386e5e6bab1c2afaf70ed646884fe27e92e56a1f5f25edffd57a2b68f434ad","record_hash":"a7057070a92a3e45cdc8642452b0535b62864a411cae8ab38f8e1e859c4ddc1e","signature_hex":"29f8fb2dca7832c64012ba4bf3ff7b7305cbb89ff51edf8056527c57ea6bdea2931db3f04b014f7a29ecee65233ca3cb48cc9328ef1dedd47ddbfb6db4551c0b","public_key_hex":"c2f8243b0d573587f285c830a868acd19249d17d59ecbf9329e796dfed6fb630"}
{"seq":108,"ts":1781755200000,"agent_id":"baseline-momentum","symbol":"BTCUSDT","side":"sell","price":63836.189719870556,"quantity":0.003636246283473679,"notional_usd":232.12410762,"fee_usd":0.139274464572,"balance_before_usd":10972.00996423516,"balance_after_usd":10971.821563064677,"decision":"ALLOW","cert_hash":"6a2c214949d196f916a66568827def5e04b7f43c88222d13bcf88144f49038b2","prev_hash":"a7057070a92a3e45cdc8642452b0535b62864a411cae8ab38f8e1e859c4ddc1e","record_hash":"bd8d72f9e5cc7264f90269af1878605a60d42ea977b8b168d87729626c2771ba","signature_hex":"94ca0a2d78a53a7919013d31afb31fd35a542888645a442c452ec34d7fca8ab75b49c0eac1cc4ca480b6d919ee37ae05e3947a89146b08d437a7201ef34ff502","public_key_hex":"c2f8243b0d573587f285c830a868acd19249d17d59ecbf9329e796dfed6fb630"}
{"seq":109,"ts":1781874000000,"agent_id":"baseline-momentum","symbol":"BTCUSDT","side":"buy","price":63192.95346348,"quantity":0.03164909836277592,"notional_usd":2000.0,"fee_usd":1.2,"balance_before_usd":11030.38908822467,"balance_after_usd":11028.589228194676,"decision":"ALLOW_CAPPED","cert_hash":"13696c679c0bbfa87cdbdb2ddf43bae04bb3fe9e667257f7df603ca734e794d4","prev_hash":"bd8d72f9e5cc7264f90269af1878605a60d42ea977b8b168d87729626c2771ba","record_hash":"e34395613bc45c1ff638850280748652ef159745ed8f3c8335951962bc3cd3c1","signature_hex":"e5745839fe006a4a52a2433653ffe712d1307d79c8301e387a27f14a4d775ca4cd4fd9a5d571fb026e48a98ea8f7e7fed4e58a1a2eb60112f0615c9387d0fc0e","public_key_hex":"c2f8243b0d573587f285c830a868acd19249d17d59ecbf9329e796dfed6fb630"}
{"seq":110,"ts":1781877600000,"agent_id":"baseline-momentum","symbol":"BTCUSDT","side":"buy","price":63188.252053386,"quantity":0.03165145315794233,"notional_usd":2000.0,"fee_usd":1.2,"balance_before_usd":11028.844307901605,"balance_after_usd":11027.04444787161,"decision":"ALLOW_CAPPED","cert_hash":"2fcdcac33bfa93c1de98507978e3b53dd22f95391a78f0d615eb6c1919251b87","prev_hash":"e34395613bc45c1ff638850280748652ef159745ed8f3c8335951962bc3cd3c1","record_hash":"f63aa99f9cbcc3e20e316a5f5e75b33dea9e1bbf73269eede46d3a31c4acd550","signature_hex":"031bd1f58c5910e4061d79d2c1c93bd161eb5ca6886af243bed69edc3a098e80f8074a422fdd003add151c6c51ff7850f6d68dd75635d58ebc2748649e0c8803","public_key_hex":"c2f8243b0d573587f285c830a868acd19249d17d59ecbf9329e796dfed6fb630"}
{"seq":111,"ts":1781910000000,"agent_id":"baseline-momentum","symbol":"BTCUSDT","side":"buy","price":63531.855110256,"quantity":0.031480270748101266,"notional_usd":2000.0,"fee_usd":1.2,"balance_before_usd":11019.282737056186,"balance_after_usd":11017.482877026192,"decision":"ALLOW_CAPPED","cert_hash":"ad82af150d9ad67cd2c4147d10010f8ce1c82385bb616a7c701ec298a5e2a818","prev_hash":"f63aa99f9cbcc3e20e316a5f5e75b33dea9e1bbf73269eede46d3a31c4acd550","record_hash":"ab8d0e6d5b7840aa15b21a701627bc26858b84ac5008deead4e09ac8706409ee","signature_hex":"1ddedc7e76acec24e228717122c5435c235f3d818f7f684ee7277d92bbb3ef5f6381ff7a1048214c8d4273c11230055df448852e155f46a11be30c825d5c260f","public_key_hex":"c2f8243b0d573587f285c830a868acd19249d17d59ecbf9329e796dfed6fb630"}
{"seq":112,"ts":1781913600000,"agent_id":"baseline-momentum","symbol":"BTCUSDT","side":"buy","price":63509.948539818,"quantity":0.03149112927947165,"notional_usd":2000.0,"fee_usd":1.2,"balance_before_usd":11017.27985525535,"balance_after_usd":11015.479995225356,"decision":"ALLOW_CAPPED","cert_hash":"d9a2b97891a7250f082d0e1610ab32885c4789d41c5fef202319184a8a7ae161","prev_hash":"ab8d0e6d5b7840aa15b21a701627bc26858b84ac5008deead4e09ac8706409ee","record_hash":"56f24e634e189df40143590e6a3fa344a4516a9606dab423c7ce82798d5be14f","signature_hex":"a59f2d757bef7e6514aa0b456b1c6a62ff212e5cc0aeddadeb607748bb636e58571c4b50d2ce159fb74565e5f02fa5b9b2f276c6f9c8afbb301b2983818a8d06","public_key_hex":"c2f8243b0d573587f285c830a868acd19249d17d59ecbf9329e796dfed6fb630"}
{"seq":113,"ts":1781917200000,"agent_id":"baseline-momentum","symbol":"BTCUSDT","side":"buy","price":63564.865010916,"quantity":0.03146392271353899,"notional_usd":2000.0,"fee_usd":1.2,"balance_before_usd":11017.695241799194,"balance_after_usd":11015.895381769202,"decision":"ALLOW_CAPPED","cert_hash":"072fe6ab38aff52cb0a64b52cd09ac2eed6fc5543c4bb35cdd058dc5742607be","prev_hash":"56f24e634e189df40143590e6a3fa344a4516a9606dab423c7ce82798d5be14f","record_hash":"4a3d2759385870ff62330d11e5729b6f0e5ca58c91a71528b2bc362ab4da56db","signature_hex":"a0ce77c69eba1797bddffae494026d4258be56c96e6a35f4c76d6677464d878576a517429a8de369bdad3b4f237cd978eb9a0da279aa4a4bfbaef39f433cf000","public_key_hex":"c2f8243b0d573587f285c830a868acd19249d17d59ecbf9329e796dfed6fb630"}
{"seq":114,"ts":1781924400000,"agent_id":"baseline-momentum","symbol":"BTCUSDT","side":"buy","price":63454.69660930402,"quantity":0.014944092708670517,"notional_usd":948.27286893,"fee_usd":0.5689637213579999,"balance_before_usd":11008.225593401065,"balance_after_usd":11007.422058095057,"decision":"ALLOW","cert_hash":"8b6b3faaa5ba347ae20bd9f44a995cce91e6b226e5d6844f1050d292ef112279","prev_hash":"4a3d2759385870ff62330d11e5729b6f0e5ca58c91a71528b2bc362ab4da56db","record_hash":"d94c3f85c3285ed7d8be61baf2b52ad2f9de899e3aec3d062350dda2c9244c2a","signature_hex":"f3d08ffccc2d047cd918c27e1e70c4b7a7028572e6823f6b3495d3e474822f84cb74ac3ffe6fb549f471d18237dcf4da5c1eba9e49e644f1841bbeffc393b705","public_key_hex":"c2f8243b0d573587f285c830a868acd19249d17d59ecbf9329e796dfed6fb630"}
