{"seq":0,"ts":1778536800000,"agent_id":"baseline-momentum","symbol":"BTCUSDT","side":"buy","price":81806.03608563,"quantity":0.024448073708234826,"notional_usd":2000.0,"fee_usd":1.2,"balance_before_usd":10000.0,"balance_after_usd":9998.200139970006,"decision":"ALLOW_CAPPED","cert_hash":"e08ed89598f61349e12bc7a4750755ede3b7d189fc1442d90c67b73600b715dd","prev_hash":"0000000000000000000000000000000000000000000000000000000000000000","record_hash":"be7f248c3e808a5f9635d52dffd22edfc67940d038c99bee486b4055eec67eff","signature_hex":"c9a0d4cc43b328633e084885bb4c78eb757c3c907e9ba5a06df06fd5cc1f0d38bb4813e161c64bd4592fe102eb7369253e3aaaebea4aad3440b7efb4f73e0a0b","public_key_hex":"c2f8243b0d573587f285c830a868acd19249d17d59ecbf9329e796dfed6fb630"}
{"seq":1,"ts":1778540400000,"agent_id":"baseline-momentum","symbol":"BTCUSDT","side":"buy","price":81713.808423786,"quantity":0.02447566743710628,"notional_usd":2000.0,"fee_usd":1.2,"balance_before_usd":9995.946027574108,"balance_after_usd":9994.146167544113,"decision":"ALLOW_CAPPED","cert_hash":"3d69c851f8fc65d954b841d2e7e9c263b0cd5d4f75aa0a00fbb8aea6dc2b2ab2","prev_hash":"be7f248c3e808a5f9635d52dffd22edfc67940d038c99bee486b4055eec67eff","record_hash":"252a34b5d756829b5d06ad9a9eed7f17231b06154255b5c771fc540c44a1a187","signature_hex":"50843f1f96db2ee07ff1c9dcdcc4099e30cf6af43025925d8dc82eecc430cfb3c976684eb24636497d76ca52d71194e9238dc6974ea50ac3633aed1238d6250b","public_key_hex":"c2f8243b0d573587f285c830a868acd19249d17d59ecbf9329e796dfed6fb630"}
{"seq":2,"ts":1778544000000,"agent_id":"baseline-momentum","symbol":"BTCUSDT","side":"buy","price":81524.3986564851,"quantity":0.012330775711769494,"notional_usd":1005.25907487,"fee_usd":0.603155444922,"balance_before_usd":9985.479346369713,"balance_after_usd":9984.624659666853,"decision":"ALLOW","cert_hash":"de14c4c1ea2bc52d8c13285ca60164617d210f99ecff64f8ebd591a9d02e91ff","prev_hash":"252a34b5d756829b5d06ad9a9eed7f17231b06154255b5c771fc540c44a1a187","record_hash":"67cc1538af986b91adcdc829eb930c952f42d4e479f194103e8c11dffd7b6d34","signature_hex":"47e3ef9f0186f5906226ab0af53dee177c0b96994ddf3dc1d43cbe0a23473a5ff1a49ffdcf308a111b5f61c9f2be25a2de36298412e8e6f5f9deedeb198e980b","public_key_hex":"c2f8243b0d573587f285c830a868acd19249d17d59ecbf9329e796dfed6fb630"}
{"seq":3,"ts":1778583600000,"agent_id":"baseline-momentum","symbol":"BTCUSDT","side":"sell","price":80728.475805054,"quantity":0.024774405562043203,"notional_usd":2000.0,"fee_usd":1.2,"balance_before_usd":9938.213068733501,"balance_after_usd":9936.412928703494,"decision":"ALLOW_CAPPED","cert_hash":"a5633ebe937a59e22a49a6fcc04920c3a14334ea3a7e8f5c3b3b3d332e71c27d","prev_hash":"67cc1538af986b91adcdc829eb930c952f42d4e479f194103e8c11dffd7b6d34","record_hash":"ff19002322f77558f6bf15a708bd73ecfc9dfb2a77c6b7d9cb0d048acb373590","signature_hex":"42303206f56de24b65154b4b0dc6369d64ee123851a7ce4455d74aa7d1b1133a3e606880ded127b05657164ecd60c40d7b15d09dd09c8d3867230fd27970cb09","public_key_hex":"c2f8243b0d573587f285c830a868acd19249d17d59ecbf9329e796dfed6fb630"}
{"seq":4,"ts":1778587200000,"agent_id":"baseline-momentum","symbol":"BTCUSDT","side":"sell","price":80818.348836852,"quantity":0.024746855494875302,"notional_usd":2000.0,"fee_usd":1.2,"balance_before_usd":9939.692490708921,"balance_after_usd":9937.892350678914,"decision":"ALLOW_CAPPED","cert_hash":"c9dfdcd8b028f7d4d72f5f850518153b206c912215c6d786a6603d2ec7cec607","prev_hash":"ff19002322f77558f6bf15a708bd73ecfc9dfb2a77c6b7d9cb0d048acb373590","record_hash":"9608462a535ed4c19e890172420ce945b08f50c214bbc54d4aa82d2426c52885","signature_hex":"1d73cda1517a395fad4887ba0939ce577ed94df29ff707d615f003acc696dc6fb0463243df2d67474958ed59a2affaee791db9172298424277ce2c6e505bba0b","public_key_hex":"c2f8243b0d573587f285c830a868acd19249d17d59ecbf9329e796dfed6fb630"}
{"seq":5,"ts":1778590800000,"agent_id":"baseline-momentum","symbol":"BTCUSDT","side":"sell","price":80407.87200864,"quantity":0.024873186543042648,"notional_usd":2000.0,"fee_usd":1.2,"balance_before_usd":9933.074675847354,"balance_after_usd":9931.274535817347,"decision":"ALLOW_CAPPED","cert_hash":"b3b73526d367a46e98460fb8e43148cf2950c1ca892a80307c3aba7fac65c7eb","prev_hash":"9608462a535ed4c19e890172420ce945b08f50c214bbc54d4aa82d2426c52885","record_hash":"a7e8ea79fdda074f8042c21f1ca8b68ef36bb0358943b831f18455d4301d2a3b","signature_hex":"2d840b01e6c638632eb3fb38a3283dfd59914eb6ac9d0c38b81ca0cf69fc96963664f0e6ec42b054248b192628a0844816fb536e0a58f5d744dfe3f7ae7f380d","public_key_hex":"c2f8243b0d573587f285c830a868acd19249d17d59ecbf9329e796dfed6fb630"}
{"seq":6,"ts":1778594400000,"agent_id":"baseline-momentum","symbol":"BTCUSDT","side":"sell","price":80484.14912016601,"quantity":0.02484961351848202,"notional_usd":2000.0,"fee_usd":1.2,"balance_before_usd":9930.271959101668,"balance_after_usd":9928.471819071661,"decision":"ALLOW_CAPPED","cert_hash":"c649d0fd0d2dc904f97214daf542101dd52da2cab4495e73beb36584c624def9","prev_hash":"a7e8ea79fdda074f8042c21f1ca8b68ef36bb0358943b831f18455d4301d2a3b","record_hash":"689e808210c093525697b658ad368b687ba2667e5ff724cc344e236469090098","signature_hex":"e151365fa4030c5cc875b150faf528f158c8932025a564ddf1d7e9015bc3c6b3e39c5d8fddcff4752d8f1634821000f333328579f7df113a2dd8b48a7683e704","public_key_hex":"c2f8243b0d573587f285c830a868acd19249d17d59ecbf9329e796dfed6fb630"}
{"seq":7,"ts":1778598000000,"agent_id":"baseline-momentum","symbol":"BTCUSDT","side":"sell","price":80276.34227327276,"quantity":0.02388781506040859,"notional_usd":1917.62641795,"fee_usd":1.1505758507700001,"balance_before_usd":9936.381242186872,"balance_after_usd":9934.663146153784,"decision":"ALLOW","cert_hash":"0d4f85224874e2c0dd66e40f9517fc01f345b0299bc4852d0aaa4f2e9619000b","prev_hash":"689e808210c093525697b658ad368b687ba2667e5ff724cc344e236469090098","record_hash":"37dc5130a5138eeddae3a86875bd36d8afbbe160b60f306fd8b2eb37d0b5ffea","signature_hex":"4b122f04383b0e1e69a308b16c693f05b69b70361a821b7f39a05783b0f4ba9c30bf0b59dbffe0ac4b53e1c626a2beaff8b80d3f831b7369e135b2a3b2c55401","public_key_hex":"c2f8243b0d573587f285c830a868acd19249d17d59ecbf9329e796dfed6fb630"}
{"seq":8,"ts":1778662800000,"agent_id":"baseline-momentum","symbol":"BTCUSDT","side":"buy","price":81274.276594998,"quantity":0.024608032009516397,"notional_usd":2000.0,"fee_usd":1.2,"balance_before_usd":9875.66035420942,"balance_after_usd":9873.860494179424,"decision":"ALLOW_CAPPED","cert_hash":"aebc1b1f82da45a8df68628b65c6833e84fe9211abc0cc23538c063b2d148aad","prev_hash":"37dc5130a5138eeddae3a86875bd36d8afbbe160b60f306fd8b2eb37d0b5ffea","record_hash":"aad589f79ddacaf6e4041d9c970123def34f722a5f585dc07dcdaa37f70ca53e","signature_hex":"a5da47ff40231432973049a5059b93aa909105eca768dae596a826ab9f621c42255493bd00847e763c306be755fdac975c830555be781d22e80201d9e32b7e09","public_key_hex":"c2f8243b0d573587f285c830a868acd19249d17d59ecbf9329e796dfed6fb630"}
{"seq":9,"ts":1778677200000,"agent_id":"baseline-momentum","symbol":"BTCUSDT","side":"sell","price":79609.11490834536,"quantity":0.025112605449786583,"notional_usd":1999.1922929,"fee_usd":1.19951537574,"balance_before_usd":9934.12126951056,"balance_after_usd":9932.321937251963,"decision":"ALLOW","cert_hash":"f7d7f475b4f262aa5dc776e13756586543ba202e073f059ca957dc0a5b3d9bd7","prev_hash":"aad589f79ddacaf6e4041d9c970123def34f722a5f585dc07dcdaa37f70ca53e","record_hash":"ff02977efd75884c9a6e883d4df76550afa88f773e94f65163bd9569a816222c","signature_hex":"035a793c6c1718977c68d52e327cd1059b6292a177472f0d5df7386f74ea4871371558574025d583259d8c13cfee85c44bbca70ef9817031a07f6def34662f0a","public_key_hex":"c2f8243b0d573587f285c830a868acd19249d17d59ecbf9329e796dfed6fb630"}
{"seq":10,"ts":1778760000000,"agent_id":"baseline-momentum","symbol":"BTCUSDT","side":"buy","price":79755.42104463,"quantity":0.025076665307563587,"notional_usd":2000.0,"fee_usd":1.2,"balance_before_usd":9926.923232217363,"balance_after_usd":9925.123372187367,"decision":"ALLOW_CAPPED","cert_hash":"76d8b5a34710e659b6e4568e65e8f169f396e5cc73ee8873a386d75dbd9a116b","prev_hash":"ff02977efd75884c9a6e883d4df76550afa88f773e94f65163bd9569a816222c","record_hash":"38b3b8cc98e8290b94c788372760dd9f547723b2443b1478f840ca87df0a32b0","signature_hex":"287f64401d52db34e7a63d7d5b3a44769987bfbd134781d6a39c93a8a08719e7a88c1c4c6f92e09486b76a365748be4b4ab079cf25da1c918f96ef9b07a64003","public_key_hex":"c2f8243b0d573587f285c830a868acd19249d17d59ecbf9329e796dfed6fb630"}
{"seq":11,"ts":1778767200000,"agent_id":"baseline-momentum","symbol":"BTCUSDT","side":"buy","price":80932.874198172,"quantity":0.024711837060213702,"notional_usd":2000.0,"fee_usd":1.2,"balance_before_usd":9881.211341866736,"balance_after_usd":9879.411481836742,"decision":"ALLOW_CAPPED","cert_hash":"8122de0aa21e082a56a6a438a3c3b590948cf1ce8a2b7114d0b5227a068cdcd7","prev_hash":"38b3b8cc98e8290b94c788372760dd9f547723b2443b1478f840ca87df0a32b0","record_hash":"1365719b10cb89c45a0c89ef362b672de026d247e1b3bf4ec7d1a9fcf0b8d0bc","signature_hex":"87c46f8c3d0bcc76c49d34f472ae6168a0d875ad332f61e9508444d7e8b3006b055fe24942cb17bdfb3d487630604ee4089c60ce02e0f50b2b80e543e62b2001","public_key_hex":"c2f8243b0d573587f285c830a868acd19249d17d59ecbf9329e796dfed6fb630"}
{"seq":12,"ts":1778770800000,"agent_id":"baseline-momentum","symbol":"BTCUSDT","side":"buy","price":81256.87137465,"quantity":0.024613303049518434,"notional_usd":2000.0,"fee_usd":1.2,"balance_before_usd":9875.33246973205,"balance_after_usd":9873.532609702055,"decision":"ALLOW_CAPPED","cert_hash":"f7538826dde02341f65707665fb3693af552d93546be639076eebf880ddc8f52","prev_hash":"1365719b10cb89c45a0c89ef362b672de026d247e1b3bf4ec7d1a9fcf0b8d0bc","record_hash":"09a805b05f3c7c77c1bac6a0fcb0b3ebb80a1901ef2e8e6474c7027dafe8d1b8","signature_hex":"8c1c62d03c187026970dd099ae09bea3bd4ba99b0bce1b83a3157a95fa6f6e76f1ce94d143437498819516db332997d5a01e73163d4fdc03c961bec66929bd00","public_key_hex":"c2f8243b0d573587f285c830a868acd19249d17d59ecbf9329e796dfed6fb630"}
{"seq":13,"ts":1778774400000,"agent_id":"baseline-momentum","symbol":"BTCUSDT","side":"buy","price":81853.75039658399,"quantity":0.024433822400439044,"notional_usd":2000.0,"fee_usd":1.2,"balance_before_usd":9880.757980849892,"balance_after_usd":9878.958120819898,"decision":"ALLOW_CAPPED","cert_hash":"4760c445d25fbd3d830a3a2de373de7c10d6a9d55fe1e897bfccfc3766f61556","prev_hash":"09a805b05f3c7c77c1bac6a0fcb0b3ebb80a1901ef2e8e6474c7027dafe8d1b8","record_hash":"baf4515e222f6ee86d1a18c9215abf0f4ffbc2cf04e3e3ccf2c101f398efead1","signature_hex":"6e06fa68b92efb2aaa7713269211e1c993a5e5754abb4121b0dae6bc4cf1440e892946d1759ee6db875277b03a82cb6de3d9b1b9b0e348455c30c088d971590a","public_key_hex":"c2f8243b0d573587f285c830a868acd19249d17d59ecbf9329e796dfed6fb630"}
{"seq":14,"ts":1778778000000,"agent_id":"baseline-momentum","symbol":"BTCUSDT","side":"buy","price":81652.42747486662,"quantity":0.02400624006669438,"notional_usd":1960.16777599,"fee_usd":1.176100665594,"balance_before_usd":9871.627282744194,"balance_after_usd":9869.867170876734,"decision":"ALLOW","cert_hash":"e5c0789b434ccc121b71ac648434a561c9856913e1323e2a16cd83a45483b3f2","prev_hash":"baf4515e222f6ee86d1a18c9215abf0f4ffbc2cf04e3e3ccf2c101f398efead1","record_hash":"1e4927a5c2392fb4bac8ccbf4555b25b97e61543dd788c5e1209f3c9d08eb2ae","signature_hex":"5fcb6990c192726714610b3aeb4694826716176430d56aefe1078221b1e90f031d0d9dfdc364fcea78bcafa9176cd27665fd2cd4a684e53e482ad0ca9a510600","public_key_hex":"c2f8243b0d573587f285c830a868acd19249d17d59ecbf9329e796dfed6fb630"}
{"seq":15,"ts":1778842800000,"agent_id":"baseline-momentum","symbol":"BTCUSDT","side":"sell","price":80565.72464179799,"quantity":0.02482445244416492,"notional_usd":2000.0,"fee_usd":1.2,"balance_before_usd":9806.85656108036,"balance_after_usd":9805.056421050354,"decision":"ALLOW_CAPPED","cert_hash":"b09bd21dc11c84cebae8ed1228be4d30dfe36f42611a0cde31717d9ec42b2769","prev_hash":"1e4927a5c2392fb4bac8ccbf4555b25b97e61543dd788c5e1209f3c9d08eb2ae","record_hash":"20d10437b983c9948d99ecff178bdc4f86591df863f1af93b550c98427474ef8","signature_hex":"c56bcf1772ecf879b158a8d2cbcbd36d5a564d985473b2b9487fd3576b13bffa368399f364a412dc1105aae35d89af35de2065ad26690c3aa1b190d49c696708","public_key_hex":"c2f8243b0d573587f285c830a868acd19249d17d59ecbf9329e796dfed6fb630"}
{"seq":16,"ts":1778846400000,"agent_id":"baseline-momentum","symbol":"BTCUSDT","side":"sell","price":80325.69666699601,"quantity":0.0248986324798569,"notional_usd":2000.0,"fee_usd":1.2,"balance_before_usd":9796.500341659306,"balance_after_usd":9794.700201629299,"decision":"ALLOW_CAPPED","cert_hash":"bb03a69659f563240f9ffff657f53964f224b5d1cc1f80d86a4f5f5d00f9090a","prev_hash":"20d10437b983c9948d99ecff178bdc4f86591df863f1af93b550c98427474ef8","record_hash":"c83ec37b4340b30fb7eceec0fbf538a17cd33b2bc51cecd898a4dceec904a270","signature_hex":"94343623ac3bf6bada83082930970154b41f1cde379e6be1aa4e230e30bf06771485b33579236e66b13441bd3510adc9ea048ac81b31132a73b6e3b3d9d2ce08","public_key_hex":"c2f8243b0d573587f285c830a868acd19249d17d59ecbf9329e796dfed6fb630"}
{"seq":17,"ts":1778850000000,"agent_id":"baseline-momentum","symbol":"BTCUSDT","side":"sell","price":78707.88212463,"quantity":0.025410415653582187,"notional_usd":2000.0,"fee_usd":1.2,"balance_before_usd":9777.324756953236,"balance_after_usd":9775.524616923229,"decision":"ALLOW_CAPPED","cert_hash":"ce9cf4ce3f8f6bae3bd9817275608b05e39137a57bcc57eb30af8343304f7330","prev_hash":"c83ec37b4340b30fb7eceec0fbf538a17cd33b2bc51cecd898a4dceec904a270","record_hash":"22b49d48293d2e48a790cf341e491edeaf70f2f5880b2180870ef02a0bb67af5","signature_hex":"aaee94eb4dcbc39347daa96f5bbeae9cc930167d3a1238c50a103cdcd13264fdc9f40ab44dcbac7bad8a42a73dc72c70458fc5ad824b1177eb5dd98438857202","public_key_hex":"c2f8243b0d573587f285c830a868acd19249d17d59ecbf9329e796dfed6fb630"}
{"seq":18,"ts":1778853600000,"agent_id":"baseline-momentum","symbol":"BTCUSDT","side":"sell","price":79098.66486244799,"quantity":0.025284876849413145,"notional_usd":2000.0,"fee_usd":1.2,"balance_before_usd":9769.788720186796,"balance_after_usd":9767.988580156789,"decision":"ALLOW_CAPPED","cert_hash":"b2643bfc3b63d627ab6a87b4fd348dd97d90b473fb8effac8070c33f84d46244","prev_hash":"22b49d48293d2e48a790cf341e491edeaf70f2f5880b2180870ef02a0bb67af5","record_hash":"e0efe36c787e2dc046482523792e5cda352049f05e9187b7a9bbe590c5fa5000","signature_hex":"b25acb45005978c67aa21f2c574fc4e03770fc42c8d88ada53b5007f414ffc7ac9ba47732a81054ce0ced7338bff4680370806d33d294752bba2d60fd9dcb90c","public_key_hex":"c2f8243b0d573587f285c830a868acd19249d17d59ecbf9329e796dfed6fb630"}
{"seq":19,"ts":1778857200000,"agent_id":"baseline-momentum","symbol":"BTCUSDT","side":"sell","price":79108.06261867342,"quantity":0.021766288985865634,"notional_usd":1721.88895207,"fee_usd":1.033133371242,"balance_before_usd":9767.656925085661,"balance_after_usd":9766.13105993058,"decision":"ALLOW","cert_hash":"9ffec57fd1107dc216c3d3b72843e11dc0bf189f03b412209cf83e52a48b7a73","prev_hash":"e0efe36c787e2dc046482523792e5cda352049f05e9187b7a9bbe590c5fa5000","record_hash":"f786db13f7df1bca2c4b85618ed378c823d5ddf5001c8807b1120ec8859899ad","signature_hex":"26b9545aede51f17191588d8b7c90e2505ceb520bed3420bfc6e81e986511ecbb7354b963bdfa42f744831ed0b2ec30650a2b26cd9aa801bbc128288ac69c707","public_key_hex":"c2f8243b0d573587f285c830a868acd19249d17d59ecbf9329e796dfed6fb630"}
{"seq":20,"ts":1779051600000,"agent_id":"baseline-momentum","symbol":"BTCUSDT","side":"buy","price":78394.51286742001,"quantity":0.02551198963864192,"notional_usd":2000.0,"fee_usd":1.2,"balance_before_usd":9816.20949881421,"balance_after_usd":9814.409638784215,"decision":"ALLOW_CAPPED","cert_hash":"c1ab0dd21e33f6d7a92735e0fb8cdb93f56bace633af0e317d12b75ecc612ac1","prev_hash":"f786db13f7df1bca2c4b85618ed378c823d5ddf5001c8807b1120ec8859899ad","record_hash":"cba6499c83be0a3d4e1b4f778cf884c4fdf7e7996679e9386e0f81152134094c","signature_hex":"5a4a508be8f38aca6baf58e64c8bb9e895aaef3dd3dc92a8751127a09e2ef18d0dd4611114c696606d60facb98a90473969742ffe8bafccba2432005cc418400","public_key_hex":"c2f8243b0d573587f285c830a868acd19249d17d59ecbf9329e796dfed6fb630"}
{"seq":21,"ts":1779062400000,"agent_id":"baseline-momentum","symbol":"BTCUSDT","side":"sell","price":77157.047483604,"quantity":0.025921157758466633,"notional_usd":2000.0,"fee_usd":1.2,"balance_before_usd":9857.791697861028,"balance_after_usd":9855.991557831021,"decision":"ALLOW_CAPPED","cert_hash":"e0efea48db899c87b94b6eecda02413cb36af1dc4fe51ed01c1b8ab6a271fb71","prev_hash":"cba6499c83be0a3d4e1b4f778cf884c4fdf7e7996679e9386e0f81152134094c","record_hash":"7749797a518230afec65a357c8fd73a898225e0ab54997f69c21942712de36d4","signature_hex":"aa00c70faa25cceed25cd1f5a385a22eaf1119bd7ba5e29e80d025a13c00933d0dc84ad93f42c492c1ef2741358acd23a6df42cc2d590082e9f177089a916a06","public_key_hex":"c2f8243b0d573587f285c830a868acd19249d17d59ecbf9329e796dfed6fb630"}
{"seq":22,"ts":1779112800000,"agent_id":"baseline-momentum","symbol":"BTCUSDT","side":"sell","price":76357.13214590817,"quantity":0.0027232731458883526,"notional_usd":207.94132747,"fee_usd":0.12476479648199999,"balance_before_usd":9906.612107814482,"balance_after_usd":9906.443585862438,"decision":"ALLOW","cert_hash":"7a83b5c401b21b325d32b970717263bbe6a11a1d2b770234ca6ce792fee6c208","prev_hash":"7749797a518230afec65a357c8fd73a898225e0ab54997f69c21942712de36d4","record_hash":"72da5e37fece3e2f04b176e9013e7305b90885c862692f7d05353da3c1b1fb15","signature_hex":"b32a8e19c8004c110b2f97cd0e1f08f858783b711bae1b4210ececd45bcd9e68ff643142696cd9a1543920f77079b59ad3ad003c6876cae9991c46e70af46603","public_key_hex":"c2f8243b0d573587f285c830a868acd19249d17d59ecbf9329e796dfed6fb630"}
{"seq":23,"ts":1779184800000,"agent_id":"baseline-momentum","symbol":"BTCUSDT","side":"buy","price":77031.504060168,"quantity":0.02596340321276648,"notional_usd":2000.0,"fee_usd":1.2,"balance_before_usd":9866.176548218984,"balance_after_usd":9864.37668818899,"decision":"ALLOW_CAPPED","cert_hash":"d5e7c7b6fb3522e958aa8999e8429a023d389052e6ce664dbfd53939244d4d33","prev_hash":"72da5e37fece3e2f04b176e9013e7305b90885c862692f7d05353da3c1b1fb15","record_hash":"d3423299a4f6fba0861072309b26f1eefee980a2ca2639fbe9beb4e6cb3ebe5e","signature_hex":"595ca0fba69383bdde293a1faf1de0e6666c96f26c785ec42ecdbab7910b3ea12d08867da559aa62e836d254206261dc85b8b2e02035501defce132b014b3a0c","public_key_hex":"c2f8243b0d573587f285c830a868acd19249d17d59ecbf9329e796dfed6fb630"}
{"seq":24,"ts":1779267600000,"agent_id":"baseline-momentum","symbol":"BTCUSDT","side":"buy","price":77469.135318918,"quantity":0.025816733228873397,"notional_usd":2000.0,"fee_usd":1.2,"balance_before_usd":9848.100027352215,"balance_after_usd":9846.30016732222,"decision":"ALLOW_CAPPED","cert_hash":"4c152157c94bac8aa601c1d654c66c14742915221bb2742722c229703d843bcf","prev_hash":"d3423299a4f6fba0861072309b26f1eefee980a2ca2639fbe9beb4e6cb3ebe5e","record_hash":"9eec142943392defc526adaab66a5ac1551e40a3d253e0c8ed4c5b0c94e37530","signature_hex":"6c2e1ff630d47f462d971abb90eb9dad9a2b1436455947f05db94a03e4c4110fff3ca42c211a54cfded0b5e4cd31f358c76a0dcb5c5565dac984ca8ca5001409","public_key_hex":"c2f8243b0d573587f285c830a868acd19249d17d59ecbf9329e796dfed6fb630"}
{"seq":25,"ts":1779271200000,"agent_id":"baseline-momentum","symbol":"BTCUSDT","side":"buy","price":77495.043089436,"quantity":0.025808102302644395,"notional_usd":2000.0,"fee_usd":1.2,"balance_before_usd":9845.961472086854,"balance_after_usd":9844.16161205686,"decision":"ALLOW_CAPPED","cert_hash":"96f59bdd0698cd7adab26b506480596fb5161a4787e78dd34877b869ade91b57","prev_hash":"9eec142943392defc526adaab66a5ac1551e40a3d253e0c8ed4c5b0c94e37530","record_hash":"96e05d6a7ccb91cdd45eb78081fc5c8a27319a06f2263481c943275338618b49","signature_hex":"274db880781d5dee243d4d6d62c779222aa683c97e614deb3d920c02b2d1797155c208aa95e6c359ea57f75c23d5213a832c5785b980dcf3f35857487b8d6500","public_key_hex":"c2f8243b0d573587f285c830a868acd19249d17d59ecbf9329e796dfed6fb630"}
{"seq":26,"ts":1779274800000,"agent_id":"baseline-momentum","symbol":"BTCUSDT","side":"buy","price":77368.105016898,"quantity":0.025850445730358513,"notional_usd":2000.0,"fee_usd":1.2,"balance_before_usd":9842.546039757588,"balance_after_usd":9840.746179727594,"decision":"ALLOW_CAPPED","cert_hash":"6a29fae46db5e1fd00329f2671a764e0f1f4409bd0d9a29820d0e53f0d229fa1","prev_hash":"96e05d6a7ccb91cdd45eb78081fc5c8a27319a06f2263481c943275338618b49","record_hash":"b65c029327844da18435a2dc94e793ca708c8f6e63764213a91bb075d8ced17b","signature_hex":"2c7b35b6a0601f81ef97a7895957c0bcf4e851445c84c3319abb9c37bc84462afd5a42642ca697631d69ae819d33e69ae3808af1468530b54e8c144ca0759f00","public_key_hex":"c2f8243b0d573587f285c830a868acd19249d17d59ecbf9329e796dfed6fb630"}
{"seq":27,"ts":1779278400000,"agent_id":"baseline-momentum","symbol":"BTCUSDT","side":"buy","price":77608.211954606,"quantity":0.024889818891199924,"notional_usd":1931.65434002,"fee_usd":1.158992604012,"balance_before_usd":9850.017317041602,"balance_after_usd":9848.285561055114,"decision":"ALLOW","cert_hash":"b8bfa4abcb15fd8822a0dbea1714857e974edc6541beb5007704cc56e5c2e3c1","prev_hash":"b65c029327844da18435a2dc94e793ca708c8f6e63764213a91bb075d8ced17b","record_hash":"7a9beab50776aa15204336ff4099298af6b47dff7fa5e97f836af638d8ee3ba7","signature_hex":"56b01dd7e148e82b58e06d505b4a34355a8636f5669b4fb90511d36d3362e62b9f6f7f1c85146f130e9cbd1512d6c9629e6cda38daaef2c5138abe07931be305","public_key_hex":"c2f8243b0d573587f285c830a868acd19249d17d59ecbf9329e796dfed6fb630"}
{"seq":28,"ts":1779408000000,"agent_id":"baseline-momentum","symbol":"BTCUSDT","side":"sell","price":77319.898616862,"quantity":0.025866562628469845,"notional_usd":2000.0,"fee_usd":1.2,"balance_before_usd":9831.247960034274,"balance_after_usd":9829.447820004267,"decision":"ALLOW_CAPPED","cert_hash":"401859a0263f80b667ac916bd320776260067ad03aeba7599361359a7af2dc94","prev_hash":"7a9beab50776aa15204336ff4099298af6b47dff7fa5e97f836af638d8ee3ba7","record_hash":"7cba109c61a2cb76be60bae6847da4b94bc0f58b3d26c97a5306ac0226bee569","signature_hex":"263e38ec443d17d7ffae225e60e28b42c87f5a13fb8e949df86699f22a547e686c5f7bd585771da6b2f398f342019870e0f7c2e7db24b1ffa889a16191d3610f","public_key_hex":"c2f8243b0d573587f285c830a868acd19249d17d59ecbf9329e796dfed6fb630"}
{"seq":29,"ts":1779458400000,"agent_id":"baseline-momentum","symbol":"BTCUSDT","side":"sell","price":76728.97593504,"quantity":0.026065772097535,"notional_usd":2000.0,"fee_usd":1.2,"balance_before_usd":9807.225450265694,"balance_after_usd":9805.425310235687,"decision":"ALLOW_CAPPED","cert_hash":"62f225eb55be77512031903f00ea48dac66b88adedb6687bb1ce8f9c03377560","prev_hash":"7cba109c61a2cb76be60bae6847da4b94bc0f58b3d26c97a5306ac0226bee569","record_hash":"dc41c4f378f85d0938c30b73f1bc2d47155d5a9efed9b57fd2edb70638a025fb","signature_hex":"d8008433d3b9f90b70807a454c51a06b3d5140aa4a362c4b2d6e7630d16ffea62f2d75f0e233ae19e70c614fcff3fbf96cdfb7e3c0d59e21d48221428cd1950c","public_key_hex":"c2f8243b0d573587f285c830a868acd19249d17d59ecbf9329e796dfed6fb630"}
{"seq":30,"ts":1779462000000,"agent_id":"baseline-momentum","symbol":"BTCUSDT","side":"sell","price":76749.06990544201,"quantity":0.026058947717074378,"notional_usd":2000.0,"fee_usd":1.2,"balance_before_usd":9805.657244056969,"balance_after_usd":9803.857104026963,"decision":"ALLOW_CAPPED","cert_hash":"a5b6cfff19eba84b430ebc5cde9d71c398dde6d3b7373716f2350ae564f237d2","prev_hash":"dc41c4f378f85d0938c30b73f1bc2d47155d5a9efed9b57fd2edb70638a025fb","record_hash":"39d9ad631449e9844c040e10a1b86c14d965700ce210b35dcaa0a3167b927644","signature_hex":"0a43b479d7f57d493d7e3426a22834d47ff7561f2100bd6c9c9befbd7f6bf6e3c166a3c5e21c0764942c7329c6d33a0a0e0dba60f5a09ecc126ced60720a0b0e","public_key_hex":"c2f8243b0d573587f285c830a868acd19249d17d59ecbf9329e796dfed6fb630"}
{"seq":31,"ts":1779465600000,"agent_id":"baseline-momentum","symbol":"BTCUSDT","side":"sell","price":76900.92433848,"quantity":0.02600748973051331,"notional_usd":2000.0,"fee_usd":1.2,"balance_before_usd":9801.763216649792,"balance_after_usd":9799.963076619784,"decision":"ALLOW_CAPPED","cert_hash":"85dab07d219c0b2c518af2fa00ad84b79749d9ea6a0ee0e17a31f5754e9929b0","prev_hash":"39d9ad631449e9844c040e10a1b86c14d965700ce210b35dcaa0a3167b927644","record_hash":"949c71ff8e30d40c32d66a8685d14d4a0f7540b930fe130a9c73da1ef1613660","signature_hex":"2eabb35036f909537aa5cd6a1c8a9b862f694d4ada1ab69a4a396632e413323748d9aab2200e3a55488d7e22761cc63f40f7f0472e9c0d9c824201fa2370a807","public_key_hex":"c2f8243b0d573587f285c830a868acd19249d17d59ecbf9329e796dfed6fb630"}
{"seq":32,"ts":1779469200000,"agent_id":"baseline-momentum","symbol":"BTCUSDT","side":"sell","price":76710.77167630511,"quantity":0.02338732503370397,"notional_usd":1794.05975078,"fee_usd":1.076435850468,"balance_before_usd":9807.703817920295,"balance_after_usd":9806.10752103862,"decision":"ALLOW","cert_hash":"228d8d63a7d0ce5646b55dbe94722d06dcd465a31c792be7754111696f492453","prev_hash":"949c71ff8e30d40c32d66a8685d14d4a0f7540b930fe130a9c73da1ef1613660","record_hash":"5686040308fe252886f411e14381a4e37a6f452bc0e5e32d4069fa8f469c7dfe","signature_hex":"48567f3953a1c7f7f67c281e854cb7e9cd121d076b8c49af5a6d46c93aa28655fc6054483653c0aa2e093bb218c51a924d8e38985ebf439649f51ef55854b601","public_key_hex":"c2f8243b0d573587f285c830a868acd19249d17d59ecbf9329e796dfed6fb630"}
{"seq":33,"ts":1779519600000,"agent_id":"baseline-momentum","symbol":"BTCUSDT","side":"sell","price":74547.3172981722,"quantity":0.002773872398692878,"notional_usd":206.78474585,"fee_usd":0.12407084751,"balance_before_usd":9944.922945506762,"balance_after_usd":9944.755372845513,"decision":"ALLOW","cert_hash":"a8505a12d9eb13b5cd683a52e6f5ee817efd1cbad1ee0a75f0181b4de14431ea","prev_hash":"5686040308fe252886f411e14381a4e37a6f452bc0e5e32d4069fa8f469c7dfe","record_hash":"b79ac5888e403af811df6dd876bee3050c517b73e122973172de8d8da65c9a2f","signature_hex":"a910aa841b422d7b5f3a196c8087fc6374ca39b339beba3bf357b49fdde39025a7afc4930e41c2f00d5a1d25929786513750a06b72100cba3caa0fd6ec344f00","public_key_hex":"c2f8243b0d573587f285c830a868acd19249d17d59ecbf9329e796dfed6fb630"}
{"seq":34,"ts":1779566400000,"agent_id":"baseline-momentum","symbol":"BTCUSDT","side":"buy","price":77256.07141465798,"quantity":0.025887932991898614,"notional_usd":2000.0,"fee_usd":1.2,"balance_before_usd":9766.680313458008,"balance_after_usd":9764.880453428012,"decision":"ALLOW_CAPPED","cert_hash":"f1c70689ae7b1e952863cf886ffe2fd3264eaa6009124c2d6376dae719f6d403","prev_hash":"b79ac5888e403af811df6dd876bee3050c517b73e122973172de8d8da65c9a2f","record_hash":"8c0aee7bc0602ff7801dcddde6517e115bd1a28b9e6af4714aec122fba25bde8","signature_hex":"1c113100a5b5e39eac3c3bd67c4bba4389d28650f2f80b8254de697849968d954cf96f9819ba2506a1592c7420f0986a00ab0437285a17e057d45d319c8ae80e","public_key_hex":"c2f8243b0d573587f285c830a868acd19249d17d59ecbf9329e796dfed6fb630"}
{"seq":35,"ts":1779570000000,"agent_id":"baseline-momentum","symbol":"BTCUSDT","side":"buy","price":76789.93160533799,"quantity":0.026045081147864593,"notional_usd":2000.0,"fee_usd":1.2,"balance_before_usd":9783.893582332876,"balance_after_usd":9782.09372230288,"decision":"ALLOW_CAPPED","cert_hash":"aef06ac384c4b5b74e696fadb22a7d9500a65271eb89b8aaec0c2b2a446095e6","prev_hash":"8c0aee7bc0602ff7801dcddde6517e115bd1a28b9e6af4714aec122fba25bde8","record_hash":"50bd076278b3b2c2dcbd5f13921c38a3e089fd2f17a6fd45c7e2a8422cdf4dd0","signature_hex":"f8bfb5ac84d72ba59e830416b238e027bfb69a697e33ad216509f3b58e1497ec19741e022e329de49d80dcf590027c9f3c1ac4a264b1ece8daf7fef3600c650a","public_key_hex":"c2f8243b0d573587f285c830a868acd19249d17d59ecbf9329e796dfed6fb630"}
{"seq":36,"ts":1779573600000,"agent_id":"baseline-momentum","symbol":"BTCUSDT","side":"buy","price":76560.062660742,"quantity":0.026123280604700285,"notional_usd":2000.0,"fee_usd":1.2,"balance_before_usd":9785.484564848957,"balance_after_usd":9783.684704818963,"decision":"ALLOW_CAPPED","cert_hash":"f46e8a8fc0cba9887ea4acd12843198499246cc43ee47e74b2c45f7ab38f9f0e","prev_hash":"50bd076278b3b2c2dcbd5f13921c38a3e089fd2f17a6fd45c7e2a8422cdf4dd0","record_hash":"d4c3426c99180604cb5da65df01b4762fba9b57d1d6fe1b10a8cbd43a7721bbf","signature_hex":"c18704f380976a58e83c58222150dc2f0f4ab854ea5d6911bcdae0be8b70992b919a924ef3175896f18b6a7bd5c98a4c799a1d0bc1f69e421238335d99dd4b02","public_key_hex":"c2f8243b0d573587f285c830a868acd19249d17d59ecbf9329e796dfed6fb630"}
{"seq":37,"ts":1779577200000,"agent_id":"baseline-momentum","symbol":"BTCUSDT","side":"buy","price":76724.411954028,"quantity":0.026067322629965115,"notional_usd":2000.0,"fee_usd":1.2,"balance_before_usd":9785.552410691242,"balance_after_usd":9783.75255066125,"decision":"ALLOW_CAPPED","cert_hash":"e419598634affe9cc6ae277725aa3572869271488c8460373fd0eca047390205","prev_hash":"d4c3426c99180604cb5da65df01b4762fba9b57d1d6fe1b10a8cbd43a7721bbf","record_hash":"4ad3b1470998573330814dfed61bde6689e7fde7c60dea5a785ae9adba06eded","signature_hex":"770c6689fa92bf4140dbb86c8eb788f02986e2adbec0d43ddef6c6a52fc9ba4bfd9394c7b447d414513638479fbec2e861fdb09f0e96d64d30dc9270fc0ad50a","public_key_hex":"c2f8243b0d573587f285c830a868acd19249d17d59ecbf9329e796dfed6fb630"}
{"seq":38,"ts":1779580800000,"agent_id":"baseline-momentum","symbol":"BTCUSDT","side":"buy","price":76819.940605938,"quantity":0.026034906877361017,"notional_usd":2000.0,"fee_usd":1.2,"balance_before_usd":9787.620829926707,"balance_after_usd":9785.820969896715,"decision":"ALLOW_CAPPED","cert_hash":"4b7cd8fd66f3efd038b39502c105273a4b239711eaa80e46952f5655f1c7d909","prev_hash":"4ad3b1470998573330814dfed61bde6689e7fde7c60dea5a785ae9adba06eded","record_hash":"7ff6efc1fafe03cf3f0574d16568b8578e75978115a963e0eefc692ea17d8d2b","signature_hex":"c1251868f7275c18b8c0c5b113b8b64f782cd35c3d2f4a24e0031359c6e738480c0f617f997b75ccca291843e9961ed132d28747ad552d229c5b47799426bb04","public_key_hex":"c2f8243b0d573587f285c830a868acd19249d17d59ecbf9329e796dfed6fb630"}
{"seq":39,"ts":1779638400000,"agent_id":"baseline-momentum","symbol":"BTCUSDT","side":"sell","price":76618.709022834,"quantity":0.02610328502668921,"notional_usd":2000.0,"fee_usd":1.2,"balance_before_usd":9776.341004806156,"balance_after_usd":9774.540864776149,"decision":"ALLOW_CAPPED","cert_hash":"375c560c41fdeb52b4c96e5170217008f394533acfa0471499e56927f0cf5ddd","prev_hash":"7ff6efc1fafe03cf3f0574d16568b8578e75978115a963e0eefc692ea17d8d2b","record_hash":"b87c04ab7aec044feffd1b0a6e0f49f094186e599a8f9700f07a2a42e17e6205","signature_hex":"f920c9a3d217050762bd0ee7ede0ccebf2c7088ff22704796d172c5c6e9d611a1382b3d3dff2b540154a384ef3a593c49da1023e1d1b991d8bb0b98674f64e0c","public_key_hex":"c2f8243b0d573587f285c830a868acd19249d17d59ecbf9329e796dfed6fb630"}
{"seq":40,"ts":1779656400000,"agent_id":"baseline-momentum","symbol":"BTCUSDT","side":"sell","price":76076.17182198001,"quantity":0.026289440597511215,"notional_usd":2000.0,"fee_usd":1.2,"balance_before_usd":9754.262010723452,"balance_after_usd":9752.461870693447,"decision":"ALLOW_CAPPED","cert_hash":"e02e6aa2fbc1a02b18838a78bf1baef53426ec38d1f962c1679614b3985ebef9","prev_hash":"b87c04ab7aec044feffd1b0a6e0f49f094186e599a8f9700f07a2a42e17e6205","record_hash":"f27989f9c8ff21ebdf3396a114f83d3682d7a60074b36edd7d0306067770dac7","signature_hex":"4f19e18b625f31c6de62f2fc9f638629e347a294fd1378f7adb3bae997b4f58037301ea6608bb0913a40b7fd031efd796a343f052fadcb68d0fd2cb9bb4dda09","public_key_hex":"c2f8243b0d573587f285c830a868acd19249d17d59ecbf9329e796dfed6fb630"}
{"seq":41,"ts":1779699600000,"agent_id":"baseline-momentum","symbol":"BTCUSDT","side":"buy","price":77577.967961094,"quantity":0.025780515429368,"notional_usd":2000.0,"fee_usd":1.2,"balance_before_usd":9768.652975011912,"balance_after_usd":9766.853114981917,"decision":"ALLOW_CAPPED","cert_hash":"56369b92abe9290ee907201ca56c822262eab1aff449fede1d5744790bab5081","prev_hash":"f27989f9c8ff21ebdf3396a114f83d3682d7a60074b36edd7d0306067770dac7","record_hash":"0941e39fff2547866d4ca00b2fcc080b618f7d464abecdef969a577b29073674","signature_hex":"ec03ef3973c51295de7b1903ff4d14677dfeb600ba31ef815c7ab258176443da95957e9a7e379fcc2554dd9eb536bfa0d4a5f112e4b6d4d971598c8f1335db0b","public_key_hex":"c2f8243b0d573587f285c830a868acd19249d17d59ecbf9329e796dfed6fb630"}
{"seq":42,"ts":1779703200000,"agent_id":"baseline-momentum","symbol":"BTCUSDT","side":"buy","price":77513.348579802,"quantity":0.025802007481859054,"notional_usd":2000.0,"fee_usd":1.2,"balance_before_usd":9764.472109160082,"balance_after_usd":9762.672249130088,"decision":"ALLOW_CAPPED","cert_hash":"6d8333a2c1a5c09c8fdc7406f323974d92ef3a5493e36aa1525106634c7461c9","prev_hash":"0941e39fff2547866d4ca00b2fcc080b618f7d464abecdef969a577b29073674","record_hash":"c803512f8af79e4d388a7c2315ed35997b29d23c065bfdb0eed71695821592ff","signature_hex":"a5a5c86abcc32eb9162f52d469a2e1aa61a407d024350bcb9763047e6f2d92a34494fcf4c3654c267aa2aff051142fbc884790a9e530ee8030b67608410a070b","public_key_hex":"c2f8243b0d573587f285c830a868acd19249d17d59ecbf9329e796dfed6fb630"}
{"seq":43,"ts":1779753600000,"agent_id":"baseline-momentum","symbol":"BTCUSDT","side":"sell","price":76731.57515509201,"quantity":0.026064889140585787,"notional_usd":2000.0,"fee_usd":1.2,"balance_before_usd":9717.192094618595,"balance_after_usd":9715.39195458859,"decision":"ALLOW_CAPPED","cert_hash":"ffc8d35f8bf9f68d2a2243a587229c1fe860c5d3d41d2e60777ca4af59f57bb5","prev_hash":"c803512f8af79e4d388a7c2315ed35997b29d23c065bfdb0eed71695821592ff","record_hash":"105aaca5e36746ef1ab2f4de162750f73c9d87486024e0ebee6c98825e05cd55","signature_hex":"2ddf14c79153487caea034d1a75bf42230fc8ec9270c1057c075d5f4ee76e7fb41f23f19409d93fa369dbff7675c8c696dafcb62420a4726e5a13f646fbeeb02","public_key_hex":"c2f8243b0d573587f285c830a868acd19249d17d59ecbf9329e796dfed6fb630"}
{"seq":44,"ts":1779757200000,"agent_id":"baseline-momentum","symbol":"BTCUSDT","side":"sell","price":76699.084904442,"quantity":0.026075930403755974,"notional_usd":2000.0,"fee_usd":1.2,"balance_before_usd":9714.202623796526,"balance_after_usd":9712.40248376652,"decision":"ALLOW_CAPPED","cert_hash":"80244fe8c92ee3eaa88bd7c47a0da790a1d28b8f59d6eea4e6345d661b00a264","prev_hash":"105aaca5e36746ef1ab2f4de162750f73c9d87486024e0ebee6c98825e05cd55","record_hash":"188adca7652770507c5e992f7d417d7a4860f4487297a3cc4d2220c85fe76437","signature_hex":"a63d6375555989a2b9acb2b01565a1a4b070682be24f946da6908a71cd32896ced0a24377ed750b7de15a0423d9af7208d5b5c7c1e61836321f544db3bc19a03","public_key_hex":"c2f8243b0d573587f285c830a868acd19249d17d59ecbf9329e796dfed6fb630"}
{"seq":45,"ts":1779760800000,"agent_id":"baseline-momentum","symbol":"BTCUSDT","side":"sell","price":76606.912562598,"quantity":0.026107304590375382,"notional_usd":2000.0,"fee_usd":1.2,"balance_before_usd":9711.43264457965,"balance_after_usd":9709.632504549643,"decision":"ALLOW_CAPPED","cert_hash":"4890e9435772010b009ed5c246decf3dfcd632c5a3893927a727a840eb4f9c26","prev_hash":"188adca7652770507c5e992f7d417d7a4860f4487297a3cc4d2220c85fe76437","record_hash":"336f668d384e6b72d6214f1f733c1cf26f690a18fd2eaebc90e2abd471d7273b","signature_hex":"e8efb9c0e99523d57d5fab5188c9e5f195a436246b504c56894e996d4641bb64738c45161b07f28a19158530cdf590f11f3552c8e9e8df66c44352f614b8b804","public_key_hex":"c2f8243b0d573587f285c830a868acd19249d17d59ecbf9329e796dfed6fb630"}
{"seq":46,"ts":1779764400000,"agent_id":"baseline-momentum","symbol":"BTCUSDT","side":"sell","price":76606.412712588,"quantity":0.026107474938209176,"notional_usd":2000.0,"fee_usd":1.2,"balance_before_usd":9709.640298770339,"balance_after_usd":9707.840158740331,"decision":"ALLOW_CAPPED","cert_hash":"6aba1100b6b49623753dfee2db69ea97879084a4a8b01e8f7ac7e818fa1cd2fd","prev_hash":"336f668d384e6b72d6214f1f733c1cf26f690a18fd2eaebc90e2abd471d7273b","record_hash":"8306c024bede6ab59e2bf737d87f75c6a91dbd0bfad4116d790f625fa544898c","signature_hex":"445443faa772c5c5c6a97fedc888403703444a4fa1727cc4d7fd3a1d7b8d08cca77c14aca448fb13d6b14cd3897a6c891355a65c17073c8a2ef377c7d857e401","public_key_hex":"c2f8243b0d573587f285c830a868acd19249d17d59ecbf9329e796dfed6fb630"}
{"seq":47,"ts":1779768000000,"agent_id":"baseline-momentum","symbol":"BTCUSDT","side":"sell","price":76692.81626607744,"quantity":0.021559575267955784,"notional_usd":1653.4645448,"fee_usd":0.9920787268800001,"balance_before_usd":9704.291836260612,"balance_after_usd":9702.832265440138,"decision":"ALLOW","cert_hash":"d0efcef73ebf9ec3a1955fdb238c7d05009a27e65a7db2c649a439a7292889e2","prev_hash":"8306c024bede6ab59e2bf737d87f75c6a91dbd0bfad4116d790f625fa544898c","record_hash":"3b7c56fcb109d305dcb2ed562f76bf0d2fd9ef1d11d4a3c59cde23dab03dff15","signature_hex":"f601054434375b561b014dec1cc908176b8e09702a8ba024a50bde1bfb3d0b81d597334033d2c6fbf528b463fa91ea29b2a327bdb2af5782c55f99e7c687580b","public_key_hex":"c2f8243b0d573587f285c830a868acd19249d17d59ecbf9329e796dfed6fb630"}
{"seq":48,"ts":1779915600000,"agent_id":"baseline-momentum","symbol":"BTCUSDT","side":"sell","price":74429.21222491052,"quantity":0.002886257000018359,"notional_usd":214.82183479,"fee_usd":0.128893100874,"balance_before_usd":9847.741162559294,"balance_after_usd":9847.566990507752,"decision":"ALLOW","cert_hash":"6a0780bf52f63f3cce4be0f497a3a5d530a8ef4f0d6616508dda893ea6aa2e7d","prev_hash":"3b7c56fcb109d305dcb2ed562f76bf0d2fd9ef1d11d4a3c59cde23dab03dff15","record_hash":"4a731594a6aeea919b24f7bf94d41bfd936e0595f5a3ac75cef48de64343923c","signature_hex":"dd51d1d42ebfdec95181457407c68392277a94716c8fd9406014ddf1bc48b48b8c004cf912b70792af55aec274bc07993e9e453a116871103a19c63184c1030e","public_key_hex":"c2f8243b0d573587f285c830a868acd19249d17d59ecbf9329e796dfed6fb630"}
{"seq":49,"ts":1780016400000,"agent_id":"baseline-momentum","symbol":"BTCUSDT","side":"buy","price":73575.46749106799,"quantity":0.027182973730242335,"notional_usd":2000.0,"fee_usd":1.2,"balance_before_usd":9908.034966364585,"balance_after_usd":9906.23510633459,"decision":"ALLOW_CAPPED","cert_hash":"b617df09304c712fd8f07c66d76e9cd5dcbcc95cffcfeac133f510e2d67d665a","prev_hash":"4a731594a6aeea919b24f7bf94d41bfd936e0595f5a3ac75cef48de64343923c","record_hash":"7408e8c509747208e5279d787b8d7f4250333a2e5898f4f504965cc3645e5ee0","signature_hex":"3dc0c7a1f1bd729a0918fa6fded905598f19fba25f9bccf0a4ef2438770c75b9f7e291f94ae9c3795f57b06886248c2b79aabbb4b16fdd1e398293db338a6508","public_key_hex":"c2f8243b0d573587f285c830a868acd19249d17d59ecbf9329e796dfed6fb630"}
{"seq":50,"ts":1780045200000,"agent_id":"baseline-momentum","symbol":"BTCUSDT","side":"buy","price":73723.61192403,"quantity":0.027128350711586684,"notional_usd":2000.0,"fee_usd":1.2,"balance_before_usd":9900.493993187712,"balance_after_usd":9898.694133157718,"decision":"ALLOW_CAPPED","cert_hash":"d3f60921c5b51bed5ffedf8c1e3b61ece49287f0776d801a5563d8446220f605","prev_hash":"7408e8c509747208e5279d787b8d7f4250333a2e5898f4f504965cc3645e5ee0","record_hash":"e034d5f5b8c63e28b13e3b2efd2ccce78699b59893c798c56007a7d821b190d1","signature_hex":"1f153f8bca47227721ff5243d80bac6c9333538814746c1fcad68ff3dd0a808a5d22bb6b048c4e137787a0942e4500c8af3519ee6030707ca17db9b10595a50f","public_key_hex":"c2f8243b0d573587f285c830a868acd19249d17d59ecbf9329e796dfed6fb630"}
{"seq":51,"ts":1780048800000,"agent_id":"baseline-momentum","symbol":"BTCUSDT","side":"buy","price":73621.08117198,"quantity":0.027166131876384274,"notional_usd":2000.0,"fee_usd":1.2,"balance_before_usd":9899.906751633767,"balance_after_usd":9898.106891603773,"decision":"ALLOW_CAPPED","cert_hash":"ddfc995a9a628c655303516f8ecae62bf1b584bef5eacacb5882ecf7d76b9df9","prev_hash":"e034d5f5b8c63e28b13e3b2efd2ccce78699b59893c798c56007a7d821b190d1","record_hash":"6121f6767f7d78059af15f48bdd1361ee3a340219755d5e5fb946999b57e5386","signature_hex":"fff69c9d323a7426037193fe6bbd37e3193d6fbc29711a92de5604a0280c5504c7b5c34851d1738a4daa92a0b679d954b599d890d59155d8258b3c950f0be109","public_key_hex":"c2f8243b0d573587f285c830a868acd19249d17d59ecbf9329e796dfed6fb630"}
{"seq":52,"ts":1780063200000,"agent_id":"baseline-momentum","symbol":"BTCUSDT","side":"sell","price":73044.58151133,"quantity":0.027380538824632438,"notional_usd":2000.0,"fee_usd":1.2,"balance_before_usd":9889.940627242977,"balance_after_usd":9888.140487212971,"decision":"ALLOW_CAPPED","cert_hash":"18659b1ba9019dd55db43e14cc591d49c7db52621304ff3894686b19b8e6d1ca","prev_hash":"6121f6767f7d78059af15f48bdd1361ee3a340219755d5e5fb946999b57e5386","record_hash":"baaafcc408d76b90f0183f08ba17f93416f578c9c2320f54e4439af8cbdba108","signature_hex":"35fc539ece7ef741e174be34886bccb61d7ac52675f4bacc2b794517a43b069a2463cd71c37a61f5b1780d4676082f85a92bfe150029fee00b97c8eba992300d","public_key_hex":"c2f8243b0d573587f285c830a868acd19249d17d59ecbf9329e796dfed6fb630"}
{"seq":53,"ts":1780160400000,"agent_id":"baseline-momentum","symbol":"BTCUSDT","side":"buy","price":73997.1939795,"quantity":0.0270280519090234,"notional_usd":2000.0,"fee_usd":1.2,"balance_before_usd":9877.344014297356,"balance_after_usd":9875.544154267362,"decision":"ALLOW_CAPPED","cert_hash":"b237a967709c02571f305794c7333d63b821918222d21b6f74be7c8c7ccff910","prev_hash":"baaafcc408d76b90f0183f08ba17f93416f578c9c2320f54e4439af8cbdba108","record_hash":"7ef535f46028c379f643a8a7d7aba5f6220e9c22d325c8b101b92eff352383e0","signature_hex":"b3e6f9c0e59e4b1d6b73297438d9b80183c21c4a7ff6abf7d49be8c18e6cfca62ec9eebe2ecef5e9d00a05cb682690ed68006fbfbb56eb18232e3b7c2a2aba0e","public_key_hex":"c2f8243b0d573587f285c830a868acd19249d17d59ecbf9329e796dfed6fb630"}
{"seq":54,"ts":1780185600000,"agent_id":"baseline-momentum","symbol":"BTCUSDT","side":"buy","price":74016.79985989201,"quantity":0.027020892605271275,"notional_usd":2000.0,"fee_usd":1.2,"balance_before_usd":9875.882172492327,"balance_after_usd":9874.082312462335,"decision":"ALLOW_CAPPED","cert_hash":"72d77eedd606f6fbb432d10d29a7a773196fed02316c98814587b34ec53b87bc","prev_hash":"7ef535f46028c379f643a8a7d7aba5f6220e9c22d325c8b101b92eff352383e0","record_hash":"4efaed69ccaa19af16d3ebcb280642510493bb7abc4eca7321d8a7120affab13","signature_hex":"e80cf9556453b9705d910666e26c7ddbc4dd07c555abd47870e1217720a372737eb6dd45f459f4d916e36dec1948eb76f6419c481741a666bf03fcdfbd9c960b","public_key_hex":"c2f8243b0d573587f285c830a868acd19249d17d59ecbf9329e796dfed6fb630"}
{"seq":55,"ts":1780196400000,"agent_id":"baseline-momentum","symbol":"BTCUSDT","side":"buy","price":74123.08984674935,"quantity":0.024644391782058316,"notional_usd":1826.71846628,"fee_usd":1.096031079768,"balance_before_usd":9878.572552185806,"balance_after_usd":9876.944452464231,"decision":"ALLOW","cert_hash":"b04a9123affcb8e5b26dd57b7d22a9bef126a6af87ec4124e66f8b386bc76145","prev_hash":"4efaed69ccaa19af16d3ebcb280642510493bb7abc4eca7321d8a7120affab13","record_hash":"0423bcffce6229957463dc7cc49a2469b874035d69721a9b4bc2597bf2ed6e99","signature_hex":"04bf0466167eb70069416b1718f51564eaf9acbcd3e0e48eb4fd27854f8c7474f8fbbe62a52cd171665ffd0cf28f07bb3ea4bb9e851b513c6791afc9c5ab650f","public_key_hex":"c2f8243b0d573587f285c830a868acd19249d17d59ecbf9329e796dfed6fb630"}
{"seq":56,"ts":1780275600000,"agent_id":"baseline-momentum","symbol":"BTCUSDT","side":"sell","price":73249.02016542,"quantity":0.02730411950198586,"notional_usd":2000.0,"fee_usd":1.2,"balance_before_usd":9820.925482776292,"balance_after_usd":9819.125342746287,"decision":"ALLOW_CAPPED","cert_hash":"3b0cf1bf03f7edda0293b5597d9dec6e412f32d44b5aec071c0261574dd0485b","prev_hash":"0423bcffce6229957463dc7cc49a2469b874035d69721a9b4bc2597bf2ed6e99","record_hash":"9766db1b03e339e5b232c1c4f471fbc9d59127ef4d5473ddd3b63d018106f251","signature_hex":"ddb6ba49a0679dd5d6f2dfa23f69fa5b1f11c2137e0cfacea1c7843bf09ba9f1d61d493d236243b545d2ea1f34de9c42051a3f5e1ffc9fe51d53d255071b7d0e","public_key_hex":"c2f8243b0d573587f285c830a868acd19249d17d59ecbf9329e796dfed6fb630"}
{"seq":57,"ts":1780293600000,"agent_id":"baseline-momentum","symbol":"BTCUSDT","side":"sell","price":73090.267802244,"quantity":0.02736342416217822,"notional_usd":2000.0,"fee_usd":1.2,"balance_before_usd":9812.877454298789,"balance_after_usd":9811.077314268781,"decision":"ALLOW_CAPPED","cert_hash":"e83f172d66408ffe2869af82eea2aff95c11e3062fe70b261487a297d54a7be6","prev_hash":"9766db1b03e339e5b232c1c4f471fbc9d59127ef4d5473ddd3b63d018106f251","record_hash":"57a02f1e2efb6704d7a5926f13ed304b5d537161fb6db9d7a794bdaffc96eb5d","signature_hex":"986f72fe42986dc4042addb22fc07bc961fc5e18dfe51562245dab7a0d2d5423ecad6437c1cc2fc23493c2c4a8d73b116f0a29c562414b2162eaed71e81f3806","public_key_hex":"c2f8243b0d573587f285c830a868acd19249d17d59ecbf9329e796dfed6fb630"}
{"seq":58,"ts":1780297200000,"agent_id":"baseline-momentum","symbol":"BTCUSDT","side":"sell","price":72763.465865706,"quantity":0.027486321276823836,"notional_usd":2000.0,"fee_usd":1.2,"balance_before_usd":9807.160737945487,"balance_after_usd":9805.36059791548,"decision":"ALLOW_CAPPED","cert_hash":"ff2545f34ee98aa7c776229373d0a2396585542b53fd5963facb6d624436130e","prev_hash":"57a02f1e2efb6704d7a5926f13ed304b5d537161fb6db9d7a794bdaffc96eb5d","record_hash":"15a509a34549f81d6e7aad4f279a52b58b7d5bdf10dc4e2318b39a94c1291ca2","signature_hex":"0bff0f1b7f8a579ca92fde84132cbd0190e253cb6c9a64c856668c0b3131118fec210dc6ff9653e57dad51e5e11d93898b1aac7ad0e50fd590744029f5986f08","public_key_hex":"c2f8243b0d573587f285c830a868acd19249d17d59ecbf9329e796dfed6fb630"}
{"seq":59,"ts":1780300800000,"agent_id":"baseline-momentum","symbol":"BTCUSDT","side":"sell","price":72863.23592770202,"quantity":0.027448684848206367,"notional_usd":2000.0,"fee_usd":1.2,"balance_before_usd":9803.926173982072,"balance_after_usd":9802.126033952065,"decision":"ALLOW_CAPPED","cert_hash":"dc1ddc89ebe463c58a108b2f198ffaa2b44faf0ba041c5977f83b8ad79ac11c8","prev_hash":"15a509a34549f81d6e7aad4f279a52b58b7d5bdf10dc4e2318b39a94c1291ca2","record_hash":"6d54ee87914bdbce37754ad26d29dc021de24ec8aac43a2468eaa84a18ac201f","signature_hex":"b95ad16f5a41c8ec67fb3c3200389dd4c441d283c5de30f9d394b2c3ecf6e534ba6a1e8d6bc67dfc749bd162c18790c52e746c3a8ac2ef3a3b50d4afe1756c0e","public_key_hex":"c2f8243b0d573587f285c830a868acd19249d17d59ecbf9329e796dfed6fb630"}
{"seq":60,"ts":1780304400000,"agent_id":"baseline-momentum","symbol":"BTCUSDT","side":"sell","price":72847.47362820483,"quantity":0.024316872618272197,"notional_usd":1771.42273678,"fee_usd":1.0628536420680001,"balance_before_usd":9802.839071092387,"balance_after_usd":9801.26492184575,"decision":"ALLOW","cert_hash":"603fd814ab692c145c09fd618db523786a2c7e622de9f73a72c1d5908ad0cbc2","prev_hash":"6d54ee87914bdbce37754ad26d29dc021de24ec8aac43a2468eaa84a18ac201f","record_hash":"f713ccaf3e4968df4c2d1f378dd4842643d40ad5a358e9c66b0a2eb2f7a7083a","signature_hex":"c08a58901272af3754b00be43d3e09757d956d6ad4263dec5c63e95df4121fefd257b3436d505afea8a5428d34d41d086825fa78e90712f1877c6e91a8115901","public_key_hex":"c2f8243b0d573587f285c830a868acd19249d17d59ecbf9329e796dfed6fb630"}
{"seq":61,"ts":1780362000000,"agent_id":"baseline-momentum","symbol":"BTCUSDT","side":"sell","price":70613.47975092684,"quantity":0.003189510022228353,"notional_usd":225.22240137,"fee_usd":0.13513344082200002,"balance_before_usd":9952.919301721737,"balance_after_usd":9952.736579996963,"decision":"ALLOW","cert_hash":"5f1e96723854273912570c76fa69e2373883693a84b2f18f8d4249dad220afe3","prev_hash":"f713ccaf3e4968df4c2d1f378dd4842643d40ad5a358e9c66b0a2eb2f7a7083a","record_hash":"0c7f1c1863c30d4f5134ced343ec69f9be7a97cf9a0b41ff2a9448a2b1a6f33c","signature_hex":"055361f5f790894f1a06c55c97b9fbbe43d844c7dc22217bd847bddf29b9843d886603e4f037534aa92efabd2b4b145004e9fb89d5252ab05fa8d6b2ab87cc0e","public_key_hex":"c2f8243b0d573587f285c830a868acd19249d17d59ecbf9329e796dfed6fb630"}
{"seq":62,"ts":1780408800000,"agent_id":"baseline-momentum","symbol":"BTCUSDT","side":"sell","price":67981.95539107942,"quantity":0.004093353486071026,"notional_usd":278.27417409,"fee_usd":0.166964504454,"balance_before_usd":10138.67322957125,"balance_after_usd":10138.446728841167,"decision":"ALLOW","cert_hash":"13dd5086fd6033a58296ff2e89478d86f703220332d6d390f3c9a4077571425a","prev_hash":"0c7f1c1863c30d4f5134ced343ec69f9be7a97cf9a0b41ff2a9448a2b1a6f33c","record_hash":"1d57329632abda96536d37db73776a5ef434d3ef95fe28ec5e7d555641460352","signature_hex":"d2be45251bd348481ccae692253f9af3c3a7447edc0218f0acb2aef290cf481d951b635e7231c54f8eeed44dac575b123c2947d2aae5fe238e9e48fdc550c80a","public_key_hex":"c2f8243b0d573587f285c830a868acd19249d17d59ecbf9329e796dfed6fb630"}
{"seq":63,"ts":1780455600000,"agent_id":"baseline-momentum","symbol":"BTCUSDT","side":"sell","price":65809.53539080129,"quantity":0.0036965922691197706,"notional_usd":243.27101976,"fee_usd":0.145962611856,"balance_before_usd":10301.32361051656,"balance_after_usd":10301.126026438298,"decision":"ALLOW","cert_hash":"30030bf54587d6535220233a4733ae6b605ea1b06b6ac64d38d0117b8b21e2b6","prev_hash":"1d57329632abda96536d37db73776a5ef434d3ef95fe28ec5e7d555641460352","record_hash":"5576184d31f9869d79405ab19e682c1037368f1f386b1db552daa2a277dd0d69","signature_hex":"224330b7b7690d2537827438706a52185ac435e0bbb177d7434bda8b0288f81b24d91d2e13a0f3779e417a7a9b3cf3b9611025e47f5d2f77671e417ce24e4507","public_key_hex":"c2f8243b0d573587f285c830a868acd19249d17d59ecbf9329e796dfed6fb630"}
{"seq":64,"ts":1780531200000,"agent_id":"baseline-momentum","symbol":"BTCUSDT","side":"sell","price":63302.204662554184,"quantity":0.004655174522449403,"notional_usd":294.68281036,"fee_usd":0.176809686216,"balance_before_usd":10498.335553458717,"balance_after_usd":10498.095455104001,"decision":"ALLOW","cert_hash":"6dcc7900af30de116e428b4ab4c35d772cb125b04572c04955713affd49301c8","prev_hash":"5576184d31f9869d79405ab19e682c1037368f1f386b1db552daa2a277dd0d69","record_hash":"3ee616d5f61b675c5c23085cba2b002f4d46c567e685fd51a5221d37e7da6d76","signature_hex":"2046bd59dbeed90c2d0ca17796ec1540039f29d073f302b67cf1a8ccc8fea74488c3d9d7a299e361dd5c11d7cd3457428727e86f0145ecf6416914f3c1b74e0c","public_key_hex":"c2f8243b0d573587f285c830a868acd19249d17d59ecbf9329e796dfed6fb630"}
{"seq":65,"ts":1780606800000,"agent_id":"baseline-momentum","symbol":"BTCUSDT","side":"buy","price":63269.876535018,"quantity":0.03161061961126255,"notional_usd":2000.0,"fee_usd":1.2,"balance_before_usd":10503.365154844385,"balance_after_usd":10501.56529481439,"decision":"ALLOW_CAPPED","cert_hash":"5ead7b4d428cc9a3219224a8b6ce077a495af99ccc36b72c9c87f8fbf3087313","prev_hash":"3ee616d5f61b675c5c23085cba2b002f4d46c567e685fd51a5221d37e7da6d76","record_hash":"44ab3ffcd0b2c8c4be71c594074bc9c6098eae1d9be88ea499369f1d77ce1af3","signature_hex":"677d2fe8b55c695616e4f21bd5a71c668cda3a1ebfb2f8022121795a62a0a6991c4baca59ffb940dd43096dd24a6ca36f8bafcf36271238baa0c6025e077bf0d","public_key_hex":"c2f8243b0d573587f285c830a868acd19249d17d59ecbf9329e796dfed6fb630"}
{"seq":66,"ts":1780610400000,"agent_id":"baseline-momentum","symbol":"BTCUSDT","side":"buy","price":63722.412264066,"quantity":0.031386131330245155,"notional_usd":2000.0,"fee_usd":1.2,"balance_before_usd":10478.359469430374,"balance_after_usd":10476.55960940038,"decision":"ALLOW_CAPPED","cert_hash":"78e8e48a6cd3c657761f121357cfea40ab94e7b1e7d8bb922358ab16908a5516","prev_hash":"44ab3ffcd0b2c8c4be71c594074bc9c6098eae1d9be88ea499369f1d77ce1af3","record_hash":"0d41c404f6b439007d5910279ea7eaa3c5b49ce4e8103d3bd190d857c70c1863","signature_hex":"64395009d074625f73c4028f8069e09da2bf09ad9eb53a62430c2051c020fb0f284637aa104f6daf5cc00fb54fe4aaeaf423fa8a635d82286bca29591cc4fa0c","public_key_hex":"c2f8243b0d573587f285c830a868acd19249d17d59ecbf9329e796dfed6fb630"}
{"seq":67,"ts":1780617600000,"agent_id":"baseline-momentum","symbol":"BTCUSDT","side":"sell","price":63374.283277866,"quantity":0.03155854230699468,"notional_usd":2000.0,"fee_usd":1.2,"balance_before_usd":10482.757840109005,"balance_after_usd":10480.957700078998,"decision":"ALLOW_CAPPED","cert_hash":"b8969324781321386026e96dc43273a9375103de09ec27c8465256a09f593779","prev_hash":"0d41c404f6b439007d5910279ea7eaa3c5b49ce4e8103d3bd190d857c70c1863","record_hash":"c1b5fabd08c82baa95ba346732b0112426574810a278f90938e6ba5f05e92156","signature_hex":"6e4f936228c152c78838ef1aba60a40e25fab39db7b552662f95de16c84e163785ba7cf67fb497e88514a7cbae17658f2a5b27eb80489acd4bf2c4cfb4041d0e","public_key_hex":"c2f8243b0d573587f285c830a868acd19249d17d59ecbf9329e796dfed6fb630"}
{"seq":68,"ts":1780621200000,"agent_id":"baseline-momentum","symbol":"BTCUSDT","side":"sell","price":63324.756352619486,"quantity":0.03129303104011119,"notional_usd":1981.62356615,"fee_usd":1.18897413969,"balance_before_usd":10483.510480087512,"balance_after_usd":10481.72870180233,"decision":"ALLOW","cert_hash":"d134e81c809342fc27a293b933b7d9bad6052ef5c62c3861ac84554a2524ef8a","prev_hash":"c1b5fabd08c82baa95ba346732b0112426574810a278f90938e6ba5f05e92156","record_hash":"c14b8a1aa7fa53b3cc132e5d22bb14184c819f7a441c9ba8b22fbcac09078584","signature_hex":"93fd2cb1d98d4a8c4a9bc4b7494bf32da8a42960fc4085e6f00414e497eb1fc62e04196a4745e5de3e6889200213346f1487bcef08cbfb0f6fa72fbc882f0400","public_key_hex":"c2f8243b0d573587f285c830a868acd19249d17d59ecbf9329e796dfed6fb630"}
{"seq":69,"ts":1780642800000,"agent_id":"baseline-momentum","symbol":"BTCUSDT","side":"buy","price":63088.822231398,"quantity":0.03170133677031367,"notional_usd":2000.0,"fee_usd":1.2,"balance_before_usd":10504.388491086811,"balance_after_usd":10502.588631056817,"decision":"ALLOW_CAPPED","cert_hash":"ab7109c4029c320f1337162ca0d5c9f7134fbe1da50187949781ae673c2e7e80","prev_hash":"c14b8a1aa7fa53b3cc132e5d22bb14184c819f7a441c9ba8b22fbcac09078584","record_hash":"b64cb78ad3f17b7c472f780b92e5d855c60726d0d0e40824682492378d54358a","signature_hex":"95cb74f503ec0ceb823a8ac86815bf1cbec20c63e8970b9d2ac4f9bea204f2f80c4b4df5fd2fa13a6a89ef14b58edeb38d742c2c015dd8aa63553bca66e08400","public_key_hex":"c2f8243b0d573587f285c830a868acd19249d17d59ecbf9329e796dfed6fb630"}
{"seq":70,"ts":1780646400000,"agent_id":"baseline-momentum","symbol":"BTCUSDT","side":"sell","price":62406.17377849801,"quantity":0.03204811125095925,"notional_usd":2000.0,"fee_usd":1.2,"balance_before_usd":10535.6396395757,"balance_after_usd":10533.839499545693,"decision":"ALLOW_CAPPED","cert_hash":"b19bc1728c1486d31573940d199e74bb2180f40aaf4ae61ae7f100934ead9229","prev_hash":"b64cb78ad3f17b7c472f780b92e5d855c60726d0d0e40824682492378d54358a","record_hash":"061be9868cada2f55251bcf7d157ec17291fa6b92964689e585cf75f11bb66aa","signature_hex":"0b4c76ab9fc4caf40d344f7a3750e46141c791983d7bdd179ec9287a13377aa2cb715e480fba2add81ef7b5c2b0371f3fbc7a61d18bb7014d0af5cf47419a80e","public_key_hex":"c2f8243b0d573587f285c830a868acd19249d17d59ecbf9329e796dfed6fb630"}
{"seq":71,"ts":1780664400000,"agent_id":"baseline-momentum","symbol":"BTCUSDT","side":"sell","price":60686.9684309883,"quantity":0.0048443982103723,"notional_usd":293.99184126,"fee_usd":0.176395104756,"balance_before_usd":10677.191012924795,"balance_after_usd":10676.951487710441,"decision":"ALLOW","cert_hash":"3ec82e15b2f315980c19ea818650f92e5b33673f423cb00d0e6e4a5dbae0b09e","prev_hash":"061be9868cada2f55251bcf7d157ec17291fa6b92964689e585cf75f11bb66aa","record_hash":"a0a92354fedffc4d22868904026cfafd8f121ebf7e703f812aa8b715687191b1","signature_hex":"98a0f1ac2cc0a850ef4493279d0487ad5c708a0bb322bfb1044ab84d7210bddbfae7375c3719b17b8de8af5f48dfb6bd9d1005c4c5ddad58cc0ae0f185d57309","public_key_hex":"c2f8243b0d573587f285c830a868acd19249d17d59ecbf9329e796dfed6fb630"}
{"seq":72,"ts":1780754400000,"agent_id":"baseline-momentum","symbol":"BTCUSDT","side":"buy","price":60779.72966523,"quantity":0.03290570739646003,"notional_usd":2000.0,"fee_usd":1.2,"balance_before_usd":10671.59128422652,"balance_after_usd":10669.791424196526,"decision":"ALLOW_CAPPED","cert_hash":"8fd86e70852c7b4c548ae082ea069ecaab998e28d2dae126bbf5a17343a8810c","prev_hash":"a0a92354fedffc4d22868904026cfafd8f121ebf7e703f812aa8b715687191b1","record_hash":"2ff168e144ab1ed60b48fa472228a7a9ae3ff9ea3f147b7c0574854c29385d98","signature_hex":"cb73be9c13c06bbb2a0f6635e56c0cbbe88e46c877c6d6aea39df293bfcac3bddcab5b80853a4ca7dcfe0ddfc4a206d1adb39fdba1ccc33d10db592a81a79f05","public_key_hex":"c2f8243b0d573587f285c830a868acd19249d17d59ecbf9329e796dfed6fb630"}
{"seq":73,"ts":1780758000000,"agent_id":"baseline-momentum","symbol":"BTCUSDT","side":"buy","price":60768.026154996,"quantity":0.03291204481282253,"notional_usd":2000.0,"fee_usd":1.2,"balance_before_usd":10670.435460468552,"balance_after_usd":10668.635600438558,"decision":"ALLOW_CAPPED","cert_hash":"808834b8cdf05beada08c4d56a0ff03246066915722bc011f85eb2ec2f24082e","prev_hash":"2ff168e144ab1ed60b48fa472228a7a9ae3ff9ea3f147b7c0574854c29385d98","record_hash":"29c969b758749e126282223de8724c7bd4f9089b6f6d2e5de20cad6d39a47446","signature_hex":"1f5eea1eeccff90dee7c6dfcb053f89778c052191ee6619424ec31561cf39aae17d9a08521539f5c5247fc92e54339ef0f9d96efc936e16f72addf301e4ee20e","public_key_hex":"c2f8243b0d573587f285c830a868acd19249d17d59ecbf9329e796dfed6fb630"}
{"seq":74,"ts":1780761600000,"agent_id":"baseline-momentum","symbol":"BTCUSDT","side":"sell","price":60732.076125006,"quantity":0.03293152692299472,"notional_usd":2000.0,"fee_usd":1.2,"balance_before_usd":10668.5761267047,"balance_after_usd":10666.775986674693,"decision":"ALLOW_CAPPED","cert_hash":"bf42256d58bd235bc3992b7d1b663b125ae152fb8b41db861449ce3c40188064","prev_hash":"29c969b758749e126282223de8724c7bd4f9089b6f6d2e5de20cad6d39a47446","record_hash":"664b444dcebdbe57770a71edeac118f3bbcd6c470ffb2ebaeefb45dc994ee98f","signature_hex":"164d0d7f6151ba08d68f498532575e64b31054c8349ea56c2d8d3dd1629300fc226af6b0827062eb370616f53cb51927c0db97dea4fc0ddfd112185938d5db0c","public_key_hex":"c2f8243b0d573587f285c830a868acd19249d17d59ecbf9329e796dfed6fb630"}
{"seq":75,"ts":1780765200000,"agent_id":"baseline-momentum","symbol":"BTCUSDT","side":"sell","price":60532.33606101,"quantity":0.03304019190642532,"notional_usd":2000.0,"fee_usd":1.2,"balance_before_usd":10677.778037076456,"balance_after_usd":10675.97789704645,"decision":"ALLOW_CAPPED","cert_hash":"c010b19c9ba130f0bc2d7b57895543a9c95d78175b39dc596a2cb6bd7a82474c","prev_hash":"664b444dcebdbe57770a71edeac118f3bbcd6c470ffb2ebaeefb45dc994ee98f","record_hash":"ccf327255fe1c68016d695bc4dbfdb82124f054809f6ee83f93f7edfad13c397","signature_hex":"69deba8b56be16f7da85c6a766944bfd1bae7077b63c6c3c6ba05a441a35d4bb137625fb4fb4e2009c175d60f1c97c4c998e9491a01a8b90c46afdf024a17b0e","public_key_hex":"c2f8243b0d573587f285c830a868acd19249d17d59ecbf9329e796dfed6fb630"}
{"seq":76,"ts":1780790400000,"agent_id":"baseline-momentum","symbol":"BTCUSDT","side":"buy","price":60768.226214999995,"quantity":0.03291193646041163,"notional_usd":2000.0,"fee_usd":1.2,"balance_before_usd":10658.497191328897,"balance_after_usd":10656.697331298903,"decision":"ALLOW_CAPPED","cert_hash":"61e0c6c92fe29cc11d7ddda1f683f728954e416d11ea8f442d32779856a127e3","prev_hash":"ccf327255fe1c68016d695bc4dbfdb82124f054809f6ee83f93f7edfad13c397","record_hash":"15ad62189b2d1f35cb5652a2571d13a6ab6b57126e0d55bb2603146a903c3b70","signature_hex":"bd08632c79e58d34c723505d2cb340793fcf5565b00583ea0dafb64f937b05f9c1082bb956af4b64d86ca869560d5ed1a93c3b754ecbb02637babbabbdd7f206","public_key_hex":"c2f8243b0d573587f285c830a868acd19249d17d59ecbf9329e796dfed6fb630"}
{"seq":77,"ts":1780794000000,"agent_id":"baseline-momentum","symbol":"BTCUSDT","side":"buy","price":61463.834848908,"quantity":0.03253946007300801,"notional_usd":2000.0,"fee_usd":1.2,"balance_before_usd":10618.315720793149,"balance_after_usd":10616.515860763155,"decision":"ALLOW_CAPPED","cert_hash":"79436a22e2bc991724c638f431992064c4e4e84bf1b9d9c5e3ce28d041cd48ac","prev_hash":"15ad62189b2d1f35cb5652a2571d13a6ab6b57126e0d55bb2603146a903c3b70","record_hash":"368a22f13fff3b88af33a7c8ee9ea3e3d2571d8604d898c7f07dc439e60859af","signature_hex":"69ed852a42f846f3ae5b69557e2be6e1c87585f3a2bd7b76e071412bcc95f5c1bbdb04f748e206dfae84f02d87b4f762240261984b6655fdae1ea21f485a4409","public_key_hex":"c2f8243b0d573587f285c830a868acd19249d17d59ecbf9329e796dfed6fb630"}
{"seq":78,"ts":1780797600000,"agent_id":"baseline-momentum","symbol":"BTCUSDT","side":"buy","price":61484.841149328,"quantity":0.03252834296412359,"notional_usd":2000.0,"fee_usd":1.2,"balance_before_usd":10616.040124396473,"balance_after_usd":10614.24026436648,"decision":"ALLOW_CAPPED","cert_hash":"0829dcb7f3ed3c90a23cfaf932d6cd91bbbaea2cfae7a1b659143e795881b081","prev_hash":"368a22f13fff3b88af33a7c8ee9ea3e3d2571d8604d898c7f07dc439e60859af","record_hash":"3153d4ba289e710524b78efbf227b9529732bb560161e3d73445c0c4e4bbc18f","signature_hex":"8a92f2bd89e36b63ccf821872b7b717638cdc71e75609f33a1d07f5e9f6a1ef0de1ec737a67298fde926069226f7c5619f7c97b29ea165f980b3292450ea2f07","public_key_hex":"c2f8243b0d573587f285c830a868acd19249d17d59ecbf9329e796dfed6fb630"}
{"seq":79,"ts":1780801200000,"agent_id":"baseline-momentum","symbol":"BTCUSDT","side":"buy","price":61684.50103332,"quantity":0.03242305549200542,"notional_usd":2000.0,"fee_usd":1.2,"balance_before_usd":10616.211160727367,"balance_after_usd":10614.411300697375,"decision":"ALLOW_CAPPED","cert_hash":"fecd003c5e745cfd1013ffde84dab68bfda2b95d47f0510a92b1dd4b39d2a786","prev_hash":"3153d4ba289e710524b78efbf227b9529732bb560161e3d73445c0c4e4bbc18f","record_hash":"10f261d3a5f6be5c2dd6593de7a021ef9403913fb4ba5dc5a44de95a24fd0454","signature_hex":"5c1f10f71bbdd10ae6c752b5660d6e5dc91b77b4e51012adbb19e5daee83fe585e8c0210e92bdc56e7c9602cbfeae784bd4513a34b890047c14a84437607190d","public_key_hex":"c2f8243b0d573587f285c830a868acd19249d17d59ecbf9329e796dfed6fb630"}
{"seq":80,"ts":1780804800000,"agent_id":"baseline-momentum","symbol":"BTCUSDT","side":"buy","price":61869.55653702,"quantity":0.032326076214935995,"notional_usd":2000.0,"fee_usd":1.2,"balance_before_usd":10622.236298562417,"balance_after_usd":10620.436438532422,"decision":"ALLOW_CAPPED","cert_hash":"8c3ffe7bf831bdf9fcefe730c7b845f0df53f20135e34cab7a86e1a02f12af4b","prev_hash":"10f261d3a5f6be5c2dd6593de7a021ef9403913fb4ba5dc5a44de95a24fd0454","record_hash":"a8db86cd2da81365942a4079c9a18e4ef919e5e4320ea1a7fd060d2461210995","signature_hex":"da016eea1ff6f0368d1f4f51b3b001ba903cfde84c68b0edf0edd32dcd1d2e47d22f4b5ca4e19c89eac0fbacc1fb0842b86bde94d536c0856de6f54a63a8fd0a","public_key_hex":"c2f8243b0d573587f285c830a868acd19249d17d59ecbf9329e796dfed6fb630"}
{"seq":81,"ts":1780808400000,"agent_id":"baseline-momentum","symbol":"BTCUSDT","side":"buy","price":61725.602659435004,"quantity":0.011339031649017301,"notional_usd":699.90856211,"fee_usd":0.41994513726599997,"balance_before_usd":10609.996630192552,"balance_after_usd":10609.412238940957,"decision":"ALLOW","cert_hash":"b2af4f09548099012f5a9638697540d669ffd35631e32ad38c7cee9ff1ddd335","prev_hash":"a8db86cd2da81365942a4079c9a18e4ef919e5e4320ea1a7fd060d2461210995","record_hash":"1615a565c0b7701effcd24404c38b01cc273d5845945a878a8d49d7d100c3f5c","signature_hex":"b9b513d71b2a43c5e49a8d74d3c85f7fbb8ddfdafc88186fb5b4177fec7d796ffca02f96764198aa3614379cb91cff9c6dbdf16f67ae9f6cbb5980534a5bfa03","public_key_hex":"c2f8243b0d573587f285c830a868acd19249d17d59ecbf9329e796dfed6fb630"}
{"seq":82,"ts":1780992000000,"agent_id":"baseline-momentum","symbol":"BTCUSDT","side":"sell","price":62801.555136408,"quantity":0.031846345136770954,"notional_usd":2000.0,"fee_usd":1.2,"balance_before_usd":10704.589753904533,"balance_after_usd":10702.789613874527,"decision":"ALLOW_CAPPED","cert_hash":"5f4833c81f19521acf0cfdbc9f2f63ce02d3c715cafed1550b5efadd34ff7bed","prev_hash":"1615a565c0b7701effcd24404c38b01cc273d5845945a878a8d49d7d100c3f5c","record_hash":"81b93338a1eac2a0aefd592f28baa969fa8ad4009ced8e1972c57b2f8ccd6afb","signature_hex":"8ef8660493a39fd4225c1467205678e35eba2de6ec0e6c895a5ef29b0391112ac84873b5f464af248ca02a66e8b165ade7ca3707fa54f2d49426bbbe72064100","public_key_hex":"c2f8243b0d573587f285c830a868acd19249d17d59ecbf9329e796dfed6fb630"}
{"seq":83,"ts":1780995600000,"agent_id":"baseline-momentum","symbol":"BTCUSDT","side":"sell","price":62670.294523782,"quantity":0.03191304612811487,"notional_usd":2000.0,"fee_usd":1.2,"balance_before_usd":10695.684176708555,"balance_after_usd":10693.884036678548,"decision":"ALLOW_CAPPED","cert_hash":"b12f9567731e7a910be034b63bf73501b92fc647e28b59f63d5dc1ab5a76b79c","prev_hash":"81b93338a1eac2a0aefd592f28baa969fa8ad4009ced8e1972c57b2f8ccd6afb","record_hash":"9a16304e1dcf263aaa7eaaeffa850be28c76a7a9a6fcd4dc4dcf1aa4b18bd9c5","signature_hex":"80f569616a053f187fc73f6f367c34454a71b2da81ca76b3dc108f483279e322f74309113176d87cfeb160a4e3baa1cdcc22c62925c1d24260adda8cd435970d","public_key_hex":"c2f8243b0d573587f285c830a868acd19249d17d59ecbf9329e796dfed6fb630"}
{"seq":84,"ts":1780999200000,"agent_id":"baseline-momentum","symbol":"BTCUSDT","side":"sell","price":62731.276225002,"quantity":0.031882023136696296,"notional_usd":2000.0,"fee_usd":1.2,"balance_before_usd":10695.238419822266,"balance_after_usd":10693.438279792259,"decision":"ALLOW_CAPPED","cert_hash":"d68e6e9c49766d048e8e70c901f7edeb97f3330ec6a5d3ac117db84465db5c9b","prev_hash":"9a16304e1dcf263aaa7eaaeffa850be28c76a7a9a6fcd4dc4dcf1aa4b18bd9c5","record_hash":"0c04b914b2aa1d04b3fec1746afb17c30cd21ccae55b83f1a09844756b554aef","signature_hex":"0e1fbf7c681d4b7e23af850fa92115ab63e9072e0b4a603f7ab82aa494ed60da946a57742a4a93892fe46350b98367a5dfaafa5bfc4886ff8285d3ce0614f601","public_key_hex":"c2f8243b0d573587f285c830a868acd19249d17d59ecbf9329e796dfed6fb630"}
{"seq":85,"ts":1781002800000,"agent_id":"baseline-momentum","symbol":"BTCUSDT","side":"sell","price":62665.296023682,"quantity":0.03191559167364621,"notional_usd":2000.0,"fee_usd":1.2,"balance_before_usd":10694.077095163782,"balance_after_usd":10692.276955133775,"decision":"ALLOW_CAPPED","cert_hash":"b12d5c8c1aa5990c6f5d4b6e35cf13714e875753f39d717b136f7547a55ae0e6","prev_hash":"0c04b914b2aa1d04b3fec1746afb17c30cd21ccae55b83f1a09844756b554aef","record_hash":"668c63c486ef25467fe644bdd64d3fc1c75a6bbbfa4b000cbe614f75a43109f8","signature_hex":"be291841eea799f3ebb06032e2d631bad5cf6e52d75f480c9332ca2fb48f35c5a694cd06023fb88018417649dd9fad08d68728404d88578d8cf307848619440d","public_key_hex":"c2f8243b0d573587f285c830a868acd19249d17d59ecbf9329e796dfed6fb630"}
{"seq":86,"ts":1781006400000,"agent_id":"baseline-momentum","symbol":"BTCUSDT","side":"sell","price":62595.117082278004,"quantity":0.031951374056399716,"notional_usd":2000.0,"fee_usd":1.2,"balance_before_usd":10695.196896928066,"balance_after_usd":10693.396756898059,"decision":"ALLOW_CAPPED","cert_hash":"698675660de601fd498537ba5fa501a6f5fbc1042f915318a54819af8ffa62a2","prev_hash":"668c63c486ef25467fe644bdd64d3fc1c75a6bbbfa4b000cbe614f75a43109f8","record_hash":"62ad967e01439db14ff21723d33a430816d55f3891e9f50c78d188756c62c14b","signature_hex":"75acadc4f8725362b2e255faaf199989346c7c337cf2294d869490287c56f729f9b2d1b4762d5087a4b3bccdc130454ff5c753343e1185f760aa0bff36989d0e","public_key_hex":"c2f8243b0d573587f285c830a868acd19249d17d59ecbf9329e796dfed6fb630"}
{"seq":87,"ts":1781010000000,"agent_id":"baseline-momentum","symbol":"BTCUSDT","side":"sell","price":62232.51711031964,"quantity":0.012567854813963554,"notional_usd":782.12923975,"fee_usd":0.46927754385,"balance_before_usd":10720.351360954228,"balance_after_usd":10719.695037413661,"decision":"ALLOW","cert_hash":"a7060180d7dcfc0411e6300aeb2c9fddfac5688a2b1b589935b16d2980e8ed48","prev_hash":"62ad967e01439db14ff21723d33a430816d55f3891e9f50c78d188756c62c14b","record_hash":"645d04687eafc2aa533c65f4b10e43602a1b5985b6538c1944bf26df90a5ea4c","signature_hex":"98b24327f865f5d97ad0fa9c41ca36114836626dd2f283cdddb175381123996e2be2860461bcee49f631cb9579cb78bba113692be12306e75c1a568816d88603","public_key_hex":"c2f8243b0d573587f285c830a868acd19249d17d59ecbf9329e796dfed6fb630"}
{"seq":88,"ts":1781103600000,"agent_id":"baseline-momentum","symbol":"BTCUSDT","side":"buy","price":62616.48056195399,"quantity":0.03194047289229487,"notional_usd":2000.0,"fee_usd":1.2,"balance_before_usd":10689.534575660255,"balance_after_usd":10687.73471563026,"decision":"ALLOW_CAPPED","cert_hash":"f3ceb0ee6814e7ff5c4a631da6dcdabde95eb302937eaa88374ad51a231dc62d","prev_hash":"645d04687eafc2aa533c65f4b10e43602a1b5985b6538c1944bf26df90a5ea4c","record_hash":"882ae64919eb9e745e167ff53681ba88b1c6ad177907cbb78304ec4149bc7f15","signature_hex":"f03b5cf52d45b3d0f025f1d58c377997ee0097537e5940665f49673cbee6da338f266487acc53059d92312911cc6add9dc30e030287f71293641f1a6b03b3e01","public_key_hex":"c2f8243b0d573587f285c830a868acd19249d17d59ecbf9329e796dfed6fb630"}
{"seq":89,"ts":1781136000000,"agent_id":"baseline-momentum","symbol":"BTCUSDT","side":"buy","price":61815.04018593,"quantity":0.032354585453383385,"notional_usd":2000.0,"fee_usd":1.2,"balance_before_usd":10731.201769118274,"balance_after_usd":10729.40190908828,"decision":"ALLOW_CAPPED","cert_hash":"409b73e13a60c97c7186584d6953f4a2e49158cbcc52f723288bfc6264bd784a","prev_hash":"882ae64919eb9e745e167ff53681ba88b1c6ad177907cbb78304ec4149bc7f15","record_hash":"4937573baba3bce98625700ff3ed69e2d465f12f871fa252fc2cba54aaf763cb","signature_hex":"2afc9c19f1967fc09ae8c6c3718e30c86c005dd7260b2fea77d0317975d013bf778b48d798c4977657c621e9150bb3f21d0483179cd51f2ded6ee68086522206","public_key_hex":"c2f8243b0d573587f285c830a868acd19249d17d59ecbf9329e796dfed6fb630"}
{"seq":90,"ts":1781139600000,"agent_id":"baseline-momentum","symbol":"BTCUSDT","side":"buy","price":62195.65434354,"quantity":0.03215658748363553,"notional_usd":2000.0,"fee_usd":1.2,"balance_before_usd":10721.09986216478,"balance_after_usd":10719.300002134785,"decision":"ALLOW_CAPPED","cert_hash":"91584742b764e90de0bb4c915c3b374b5167d7159c9375c3bd577ce3f1a34d75","prev_hash":"4937573baba3bce98625700ff3ed69e2d465f12f871fa252fc2cba54aaf763cb","record_hash":"129f98651b4c6c8254d4fca6db40c3867c995507ce804c5b35ad723d032c4f5e","signature_hex":"18dbc291ed473792e771623ee34cb54d5b1e7509ca54d09c175be13454dc77261c6a9d3966093172b4b3e165b7013e0a1b0ef75f62eb09e3f4d3b0150d04da0d","public_key_hex":"c2f8243b0d573587f285c830a868acd19249d17d59ecbf9329e796dfed6fb630"}
{"seq":91,"ts":1781143200000,"agent_id":"baseline-momentum","symbol":"BTCUSDT","side":"buy","price":62131.935232266,"quantity":0.03218956551930112,"notional_usd":2000.0,"fee_usd":1.2,"balance_before_usd":10718.641483987838,"balance_after_usd":10716.841623957844,"decision":"ALLOW_CAPPED","cert_hash":"0ce0bee798387cc9985cb6026caaf29ba578b3d8ecc62eace8b1d9cc5e42dafb","prev_hash":"129f98651b4c6c8254d4fca6db40c3867c995507ce804c5b35ad723d032c4f5e","record_hash":"c80738cdb7b65240b567580d13b0d24217f2275f839d1f28d7cc3c431750877f","signature_hex":"42840a82650092bca7da656e8e82fbd4e90adced038aa743841c03e9509f0e9b7172c52f3f5770dde7c11048c4b3b8af5686b50b76dd5bee9847158f95215006","public_key_hex":"c2f8243b0d573587f285c830a868acd19249d17d59ecbf9329e796dfed6fb630"}
{"seq":92,"ts":1781146800000,"agent_id":"baseline-momentum","symbol":"BTCUSDT","side":"buy","price":62670.496763033996,"quantity":0.03191294314392117,"notional_usd":2000.0,"fee_usd":1.2,"balance_before_usd":10739.738359978744,"balance_after_usd":10737.938499948752,"decision":"ALLOW_CAPPED","cert_hash":"61ed9aea5129a590bf25280d164f0b2d8d56b972eea8d7a909ce71a81f7dd529","prev_hash":"c80738cdb7b65240b567580d13b0d24217f2275f839d1f28d7cc3c431750877f","record_hash":"2a0668b516c79f43f6bc33d0a906038e17dc6ed6655b64134bc0c93022e2606b","signature_hex":"f8f2a1fd987b7df83c78f9c5a2f5af7b15e4700294532dd606f2c0a86f71c4ced0da66f6bd2ac793abeaea3de3debee33e4c3e7d209f3ce881c5e6aaa42bdd07","public_key_hex":"c2f8243b0d573587f285c830a868acd19249d17d59ecbf9329e796dfed6fb630"}
{"seq":93,"ts":1781150400000,"agent_id":"baseline-momentum","symbol":"BTCUSDT","side":"buy","price":62698.24392355583,"quantity":0.011227961684992523,"notional_usd":703.97348049,"fee_usd":0.42238408829400004,"balance_before_usd":10740.305701907491,"balance_after_usd":10739.717773610424,"decision":"ALLOW","cert_hash":"5c86adf1c52a4a2392205e00d4dce22eaa5f5e6d8a1543f7364181d0576ed809","prev_hash":"2a0668b516c79f43f6bc33d0a906038e17dc6ed6655b64134bc0c93022e2606b","record_hash":"d4d737eceeebbc779f9dd2aaed6fe8bc23387422e49c30ae9681f0dcf38983f3","signature_hex":"1868f1c6b12ff05d69c1cca6090f23d6111f73b309e9c102ea70488ad922ddbb5480366e240eba4953a57115a6d77486f42671972fd55b4870692df99f8b1803","public_key_hex":"c2f8243b0d573587f285c830a868acd19249d17d59ecbf9329e796dfed6fb630"}
{"seq":94,"ts":1781456400000,"agent_id":"baseline-momentum","symbol":"BTCUSDT","side":"sell","price":63685.689834096,"quantity":0.03140422919513139,"notional_usd":2000.0,"fee_usd":1.2,"balance_before_usd":10828.152624331786,"balance_after_usd":10826.35248430178,"decision":"ALLOW_CAPPED","cert_hash":"b742aa4a81aeba75f45f143a7674e5626d18ce796c824647adc8b4d2ca96c602","prev_hash":"d4d737eceeebbc779f9dd2aaed6fe8bc23387422e49c30ae9681f0dcf38983f3","record_hash":"f1dcb0ebc86c65fdf9b9d1e756d50ac60b1e4dded538a2c2797558f06322261a","signature_hex":"703c12790d8601487b61192066d2e77b5d63f6aabaa9fc4fc40c0523bcf7fc9c9edc3461167aabab2e8bc0d1967526ef780765da0f4d373edc80be7acb22ce09","public_key_hex":"c2f8243b0d573587f285c830a868acd19249d17d59ecbf9329e796dfed6fb630"}
{"seq":95,"ts":1781460000000,"agent_id":"baseline-momentum","symbol":"BTCUSDT","side":"sell","price":63768.464995752,"quantity":0.03136346468639683,"notional_usd":2000.0,"fee_usd":1.2,"balance_before_usd":10830.84554728224,"balance_after_usd":10829.045407252235,"decision":"ALLOW_CAPPED","cert_hash":"c6a73f39b7112074e61b4cf02b78353f9f65058101785fe3045f55149914c871","prev_hash":"f1dcb0ebc86c65fdf9b9d1e756d50ac60b1e4dded538a2c2797558f06322261a","record_hash":"037ad62de98998a9d69f1f4c3680eca5058bc46b7fc86a914ca846329ea46826","signature_hex":"876b72eea4c97570479f46934e35a9c3b586e7b36f53a9719ac1771fae19ce2c300e33b9c918886df736bc55da8bfb8cb5d4b1c5eb7f89770f5c7f50de2d7100","public_key_hex":"c2f8243b0d573587f285c830a868acd19249d17d59ecbf9329e796dfed6fb630"}
{"seq":96,"ts":1781463600000,"agent_id":"baseline-momentum","symbol":"BTCUSDT","side":"sell","price":63765.265955688,"quantity":0.03136503816027126,"notional_usd":2000.0,"fee_usd":1.2,"balance_before_usd":10828.972125393127,"balance_after_usd":10827.17198536312,"decision":"ALLOW_CAPPED","cert_hash":"faaf013388225a59aa4a837f7e457e7d918eb49ae06b6861a328f7bfe968ee2d","prev_hash":"037ad62de98998a9d69f1f4c3680eca5058bc46b7fc86a914ca846329ea46826","record_hash":"24a2d450e434cbec673623952d099a3ef4d7ef00676088e46c163716576fb922","signature_hex":"0a38b5b782fc5cffeb5ecf14ac289d84b7e762c3236c67905a2a52732461e107a31d892cd3c17b55d3d6fc5cc45e8d4224142f9430a857334ea959bc8072a004","public_key_hex":"c2f8243b0d573587f285c830a868acd19249d17d59ecbf9329e796dfed6fb630"}
{"seq":97,"ts":1781467200000,"agent_id":"baseline-momentum","symbol":"BTCUSDT","side":"sell","price":63961.30712961,"quantity":0.03126890443228806,"notional_usd":2000.0,"fee_usd":1.2,"balance_before_usd":10825.512105308371,"balance_after_usd":10823.711965278364,"decision":"ALLOW_CAPPED","cert_hash":"527c7c426d3697b3c27f8ad9321c49a57953e50daa67227297552f63d0322dbc","prev_hash":"24a2d450e434cbec673623952d099a3ef4d7ef00676088e46c163716576fb922","record_hash":"82b3cab9c1387d377cd41d9de88de0c069b25331612ed96a83c560d79393ae37","signature_hex":"bf20ca08aadd086d6f1e75ae82999b674b906594a6036f403710c3db6822203acea8f9e422a8846041ef188717f7a8c6193e3484a279cd9d2edb180ad6e41a08","public_key_hex":"c2f8243b0d573587f285c830a868acd19249d17d59ecbf9329e796dfed6fb630"}
{"seq":98,"ts":1781470800000,"agent_id":"baseline-momentum","symbol":"BTCUSDT","side":"buy","price":65301.885995646,"quantity":0.0306269867938171,"notional_usd":2000.0,"fee_usd":1.2,"balance_before_usd":10771.98707511987,"balance_after_usd":10770.187215089876,"decision":"ALLOW_CAPPED","cert_hash":"64511221305688413deb6fb935c62768a8aa8395e695b2dfe3f9ee0c8ec72529","prev_hash":"82b3cab9c1387d377cd41d9de88de0c069b25331612ed96a83c560d79393ae37","record_hash":"4e6f99f1c41bf5d13e478923e55dad96c49be3781a70b72f718c14bb2b9d7873","signature_hex":"2b5dd9749291b70c905008dbd11f56f62d9b394da0fb7b3b285e0e133c5ef6cbd386d741edd7691cde6d229c7c4051dc5cac4570120c7aedb5555c436fc46203","public_key_hex":"c2f8243b0d573587f285c830a868acd19249d17d59ecbf9329e796dfed6fb630"}
{"seq":99,"ts":1781474400000,"agent_id":"baseline-momentum","symbol":"BTCUSDT","side":"buy","price":65404.916897705996,"quantity":0.03057874078684362,"notional_usd":2000.0,"fee_usd":1.2,"balance_before_usd":10769.249258482654,"balance_after_usd":10767.44939845266,"decision":"ALLOW_CAPPED","cert_hash":"0c4cdc22d5e25c9ffa57d38f24b49d242bb6c2eab3a3067a0d1e812a2d8c681f","prev_hash":"4e6f99f1c41bf5d13e478923e55dad96c49be3781a70b72f718c14bb2b9d7873","record_hash":"1cb6893d4ae29dedc0340251410648997d6aea9781000533bc946d6cba5ed899","signature_hex":"835777d7c233576243638cb241e12b83b188dea2df92bef713795cbcaebc61d69f0215294d0abbc990e4e8051715dc9da935cdfdde8088fbd0176d3f08d58202","public_key_hex":"c2f8243b0d573587f285c830a868acd19249d17d59ecbf9329e796dfed6fb630"}
{"seq":100,"ts":1781478000000,"agent_id":"baseline-momentum","symbol":"BTCUSDT","side":"buy","price":65722.012004046,"quantity":0.030431204691007865,"notional_usd":2000.0,"fee_usd":1.2,"balance_before_usd":10774.256138461806,"balance_after_usd":10772.456278431811,"decision":"ALLOW_CAPPED","cert_hash":"be3def9a6bf041d5dc96f8db01e0923d37a3151dade5ce31eba45dcf716a247e","prev_hash":"1cb6893d4ae29dedc0340251410648997d6aea9781000533bc946d6cba5ed899","record_hash":"058e5253ab60f04665788ece8252eaeabe21228bfb896fd26d25e877b6ab4f29","signature_hex":"d52deb95120f491dbd446523e9e5a87b87175a6a7b5ca55eaa978118f3c544c3e84ec55eeb68cf4f7856178d03ebe7cf4623dc46dcd1c32377dd208baa081a0a","public_key_hex":"c2f8243b0d573587f285c830a868acd19249d17d59ecbf9329e796dfed6fb630"}
{"seq":101,"ts":1781481600000,"agent_id":"baseline-momentum","symbol":"BTCUSDT","side":"buy","price":65611.30955694211,"quantity":0.030160685831039338,"notional_usd":1978.88209451,"fee_usd":1.1873292567059999,"balance_before_usd":10766.651059092605,"balance_after_usd":10764.872292149681,"decision":"ALLOW","cert_hash":"6d88007f3b49e117bcec79cad80507fbc84af063b9ce1a7978e0088e0423b3f9","prev_hash":"058e5253ab60f04665788ece8252eaeabe21228bfb896fd26d25e877b6ab4f29","record_hash":"de7b82057ce4cb73e34a8e1ce00f2294d28e6511bc9a9871eeb82397b04bedb2","signature_hex":"0655e38c865a1893a91d30b45015ee0d1a246186c35e1450941dc750581f44ee02fae8e7797a758789c9529ef395ca99884471fd8ebda2812aabc571614ca80c","public_key_hex":"c2f8243b0d573587f285c830a868acd19249d17d59ecbf9329e796dfed6fb630"}
{"seq":102,"ts":1781607600000,"agent_id":"baseline-momentum","symbol":"BTCUSDT","side":"sell","price":66435.964559118,"quantity":0.030104176454310395,"notional_usd":2000.0,"fee_usd":1.2,"balance_before_usd":10836.885449266716,"balance_after_usd":10835.08530923671,"decision":"ALLOW_CAPPED","cert_hash":"81b428b314c2086e8c905da65be268a521e5c94d921460aaa849d4ce0fea0d82","prev_hash":"de7b82057ce4cb73e34a8e1ce00f2294d28e6511bc9a9871eeb82397b04bedb2","record_hash":"6f4074eae73daa9b7d93a6911815dab47baae513039d45c5db10917ab847909b","signature_hex":"9163976fecacfa7225ade37d02208ded7cbffc367e5e1280f51ccc941597705eb4b856b7ca00558258b392bfd1c5aaa16d38dd51c5fdf2f19452007f00b66604","public_key_hex":"c2f8243b0d573587f285c830a868acd19249d17d59ecbf9329e796dfed6fb630"}
{"seq":103,"ts":1781611200000,"agent_id":"baseline-momentum","symbol":"BTCUSDT","side":"sell","price":66375.0828279,"quantity":0.030131789141200484,"notional_usd":2000.0,"fee_usd":1.2,"balance_before_usd":10831.920940363056,"balance_after_usd":10830.120800333048,"decision":"ALLOW_CAPPED","cert_hash":"58c9d5933343996561e435d18cf66e08ccb5c200498a81a637667ee7a88e033f","prev_hash":"6f4074eae73daa9b7d93a6911815dab47baae513039d45c5db10917ab847909b","record_hash":"a95593dcdfc8af089d1e3b90a4e14a2212473023ed4f6f8b23e11ca6aed99f18","signature_hex":"e936696cc522165b670eb8bc60bcb7af1a327ba739c746585d4e762542e079de7ec9ac1c22d7eeda2d24e47d564b29a6d9e5c229dd167f453fa92bd29fd6ec0f","public_key_hex":"c2f8243b0d573587f285c830a868acd19249d17d59ecbf9329e796dfed6fb630"}
{"seq":104,"ts":1781614800000,"agent_id":"baseline-momentum","symbol":"BTCUSDT","side":"sell","price":66000.49523040601,"quantity":0.030302802926221267,"notional_usd":2000.0,"fee_usd":1.2,"balance_before_usd":10821.941739738071,"balance_after_usd":10820.141599708064,"decision":"ALLOW_CAPPED","cert_hash":"e7a14e3938edf607fdf48254c1ea8c672f057d3023286261552fc20e6c89f822","prev_hash":"a95593dcdfc8af089d1e3b90a4e14a2212473023ed4f6f8b23e11ca6aed99f18","record_hash":"11d003e5592178f6a4e20dbc0561c171216dd22d375a9343e1262e6f29cba443","signature_hex":"faff63d498b91a1b4d9005fa9a188b4a0c8e3bb13f96814a5c7936f39409b7c24b1d7efe0521b504c21b010a787d743ee6a622d7f3ccf96760dee1815a50b501","public_key_hex":"c2f8243b0d573587f285c830a868acd19249d17d59ecbf9329e796dfed6fb630"}
{"seq":105,"ts":1781618400000,"agent_id":"baseline-momentum","symbol":"BTCUSDT","side":"sell","price":65610.112372596,"quantity":0.03048310584566776,"notional_usd":2000.0,"fee_usd":1.2,"balance_before_usd":10823.450896659777,"balance_after_usd":10821.65075662977,"decision":"ALLOW_CAPPED","cert_hash":"da69ff74c254fd774e1c82830aa9d8bc378aa15fe08633115b7e41ac01418d7c","prev_hash":"11d003e5592178f6a4e20dbc0561c171216dd22d375a9343e1262e6f29cba443","record_hash":"2fce2e688fb6a3fce8187263fe07a82399d5a6a5234e2a75e39df5869bbe5c75","signature_hex":"f16f6cf09554e04b2e09701d9429d3118335dacae348967a70644e4af9abf7a2053002f53a57b9c84a2b1f1086764652b6baaaf19bc7705a5caf08daced88e05","public_key_hex":"c2f8243b0d573587f285c830a868acd19249d17d59ecbf9329e796dfed6fb630"}
{"seq":106,"ts":1781622000000,"agent_id":"baseline-momentum","symbol":"BTCUSDT","side":"sell","price":65814.75096669,"quantity":0.030388324359264612,"notional_usd":2000.0,"fee_usd":1.2,"balance_before_usd":10813.676132248525,"balance_after_usd":10811.875992218518,"decision":"ALLOW_CAPPED","cert_hash":"8f9b6ff82fb7b04d1141a6181822907422c8804764e01f12ed25bcc81796aa57","prev_hash":"2fce2e688fb6a3fce8187263fe07a82399d5a6a5234e2a75e39df5869bbe5c75","record_hash":"82ded09e9f70f8915919af38630ad56f29f2de78c6bc1a20d667c0dcd5f0f185","signature_hex":"d3822915752c14e3feda305eda434f051e26691bdc61673c7c0779a9a61b2ffcaf2bd75375aefb039204b045b95e29b8f010bf6efc14b263250aed276dfb190d","public_key_hex":"c2f8243b0d573587f285c830a868acd19249d17d59ecbf9329e796dfed6fb630"}
{"seq":107,"ts":1781625600000,"agent_id":"baseline-momentum","symbol":"BTCUSDT","side":"sell","price":65717.05677142693,"quantity":0.01295235459981964,"notional_usd":851.19062256,"fee_usd":0.5107143735359999,"balance_before_usd":10819.014888326477,"balance_after_usd":10818.297671602997,"decision":"ALLOW","cert_hash":"26c6b8358656a7cdd20016242cd58d624ade997606cccef1737a1a9f1ff95f32","prev_hash":"82ded09e9f70f8915919af38630ad56f29f2de78c6bc1a20d667c0dcd5f0f185","record_hash":"6496b015a83f9a812bdd8b4d0ae5e9cbb4c1a56f8458825b5ca258e2c1851a24","signature_hex":"79fa41f2a7f56320b1fa1f3e6115885eb223bd6a0d1158b6f082dfc763d8b89e3c9dac3cbb17b22c2cb3aa5280d8f934e2a075ad62886e86d67e442ed8f48f0c","public_key_hex":"c2f8243b0d573587f285c830a868acd19249d17d59ecbf9329e796dfed6fb630"}
{"seq":108,"ts":1781755200000,"agent_id":"baseline-momentum","symbol":"BTCUSDT","side":"sell","price":63836.189605036576,"quantity":0.0036368098213005328,"notional_usd":232.16008131,"fee_usd":0.139296048786,"balance_before_usd":10973.76329073788,"balance_after_usd":10973.574859952001,"decision":"ALLOW","cert_hash":"55c5fcc289a3d2cb4fb89e0291beb9c0db10c9d43a844809d6fdc4776f5c4acb","prev_hash":"6496b015a83f9a812bdd8b4d0ae5e9cbb4c1a56f8458825b5ca258e2c1851a24","record_hash":"71f3dcbe3e321cc16375f7451c3e3ef0a6d0cc2e03e47de4c2f5919db76546c7","signature_hex":"449a458126f967a6fdf11aee9249f6c0aec3de7c694cabd51a204d284a05d2105ef3b2bd41b8fea86d346c25e729bae67379e19278a440edb53c340c7d5adf02","public_key_hex":"c2f8243b0d573587f285c830a868acd19249d17d59ecbf9329e796dfed6fb630"}
{"seq":109,"ts":1781874000000,"agent_id":"baseline-momentum","symbol":"BTCUSDT","side":"buy","price":63192.95346348,"quantity":0.03164909836277592,"notional_usd":2000.0,"fee_usd":1.2,"balance_before_usd":11032.151744200804,"balance_after_usd":11030.351884170808,"decision":"ALLOW_CAPPED","cert_hash":"3c589ab3da6aa22441ad14cd1f0421e05e5e1dc50fac7e3b8a645f1dc8ec141d","prev_hash":"71f3dcbe3e321cc16375f7451c3e3ef0a6d0cc2e03e47de4c2f5919db76546c7","record_hash":"bf380103f0d16b2f56c5d8a17b39739fca8502259109c3ea4f8c535b1e7b665d","signature_hex":"4aaa1f34e8d2edc17f6557fd6fba7471efd807f4e39bbf6d51fecb845136400d095d1e8aca9164c2ccc79ef190f6c0d4b2b6595bd64168597e4e1ab6c91e210c","public_key_hex":"c2f8243b0d573587f285c830a868acd19249d17d59ecbf9329e796dfed6fb630"}
{"seq":110,"ts":1781877600000,"agent_id":"baseline-momentum","symbol":"BTCUSDT","side":"buy","price":63188.252053386,"quantity":0.03165145315794233,"notional_usd":2000.0,"fee_usd":1.2,"balance_before_usd":11030.607028409835,"balance_after_usd":11028.80716837984,"decision":"ALLOW_CAPPED","cert_hash":"1dda0a2582d315e90f12a0b624a66543813f3f810b01be492867ece8058b324a","prev_hash":"bf380103f0d16b2f56c5d8a17b39739fca8502259109c3ea4f8c535b1e7b665d","record_hash":"df0599da232397405ef7a138701c482443f8c1d5c488d64ca4250334bcdcdded","signature_hex":"33b52fc3a180839abe98e1a427ad236f39dc729625fd64d59eb864d7817d7c152a359dba6c14b8909f1ec64c088db93de6fd068c392c0afdf13ccf8f72317603","public_key_hex":"c2f8243b0d573587f285c830a868acd19249d17d59ecbf9329e796dfed6fb630"}
{"seq":111,"ts":1781910000000,"agent_id":"baseline-momentum","symbol":"BTCUSDT","side":"buy","price":63531.855110256,"quantity":0.031480270748101266,"notional_usd":2000.0,"fee_usd":1.2,"balance_before_usd":11021.040746414323,"balance_after_usd":11019.240886384328,"decision":"ALLOW_CAPPED","cert_hash":"f41a1d5e622419d64e3154cc3656f2184b54023fadd83a26f7a95fa631f50491","prev_hash":"df0599da232397405ef7a138701c482443f8c1d5c488d64ca4250334bcdcdded","record_hash":"da8cf38c153664de34ff08072815b4b7695559a913176e1d572a316712a9be99","signature_hex":"e1798e2f3ad63fa01d34e8638c6c2e500fc7cdadc54dcfb19d0f338ae8466bd1f4a58e552c1bec97ae30ee461afd6d10a874adb9fcdebec4bf7e4af5bd9d8102","public_key_hex":"c2f8243b0d573587f285c830a868acd19249d17d59ecbf9329e796dfed6fb630"}
{"seq":112,"ts":1781913600000,"agent_id":"baseline-momentum","symbol":"BTCUSDT","side":"buy","price":63509.948539818,"quantity":0.03149112927947165,"notional_usd":2000.0,"fee_usd":1.2,"balance_before_usd":11019.038179253517,"balance_after_usd":11017.238319223523,"decision":"ALLOW_CAPPED","cert_hash":"429210f230367c6b728b1407bc57a425e4b983da99c98680e42ad28341ad2054","prev_hash":"da8cf38c153664de34ff08072815b4b7695559a913176e1d572a316712a9be99","record_hash":"890b54018dfaeab11304a19266aaa3b66de3fd1241bf471232554f8c190a6943","signature_hex":"2ab9a75bfa871e75acc0163b173f65f50baa0343cfb43883a0abcd99a363a672bed96a40ea79de3f4a16e81aadf0419188f3577caffb24125932006d7f76c50b","public_key_hex":"c2f8243b0d573587f285c830a868acd19249d17d59ecbf9329e796dfed6fb630"}
{"seq":113,"ts":1781917200000,"agent_id":"baseline-momentum","symbol":"BTCUSDT","side":"buy","price":63564.865010916,"quantity":0.03146392271353899,"notional_usd":2000.0,"fee_usd":1.2,"balance_before_usd":11019.452812007545,"balance_after_usd":11017.65295197755,"decision":"ALLOW_CAPPED","cert_hash":"1dce2ef17f28a5a50ce5a5d3cc289da19abb7e8deb134ce8efc5319c728b7813","prev_hash":"890b54018dfaeab11304a19266aaa3b66de3fd1241bf471232554f8c190a6943","record_hash":"fbe953a28e1c6813f84b7370b02860c3822579e433c6f17d27072131fbd1ca16","signature_hex":"224b8a31e0d101f40c32321c6d68ae5f74e8a15953b761cabe89318df643055aa48bd545674df204aa14ee2bb595c2d1f418ec42650454025f6ad9ae60b1aa04","public_key_hex":"c2f8243b0d573587f285c830a868acd19249d17d59ecbf9329e796dfed6fb630"}
{"seq":114,"ts":1781924400000,"agent_id":"baseline-momentum","symbol":"BTCUSDT","side":"buy","price":63454.702162518195,"quantity":0.01497167880603757,"notional_usd":950.02341951,"fee_usd":0.5700140517060001,"balance_before_usd":11009.984629998347,"balance_after_usd":11009.179528212859,"decision":"ALLOW","cert_hash":"7058bffdd33ae1d9f1fc96b3027c1983e52e03b6ef5f47d2f8dd34f6cdc06949","prev_hash":"fbe953a28e1c6813f84b7370b02860c3822579e433c6f17d27072131fbd1ca16","record_hash":"6178a782905d809cf9a8bd6b2d3f5746a0c9bae94146dfbc1969f27930dece4f","signature_hex":"13a9bcda7fc4f7325204b751f66d1f007998d1f493f468efd9a5ed836f8f9a2a77e51f9ef4b656f5bbd94db98a8dac6b34a41517b6047e0387f0b28312d41007","public_key_hex":"c2f8243b0d573587f285c830a868acd19249d17d59ecbf9329e796dfed6fb630"}
