{"seq":0,"ts":1778536800000,"agent_id":"baseline-momentum","symbol":"BTCUSDT","side":"buy","price":81806.03608563,"quantity":0.024448073708234826,"notional_usd":2000.0,"fee_usd":1.2,"balance_before_usd":10000.0,"balance_after_usd":9998.200139970006,"decision":"ALLOW_CAPPED","cert_hash":"099358e984e5012d939e0298b3ed70d7d7abb48e75897a0fb999234316a6990d","prev_hash":"0000000000000000000000000000000000000000000000000000000000000000","record_hash":"a482ed1e5a7caee9a7b880e1ee2cf91b876f15b352787f197b792d1f9196489e","signature_hex":"230d0fe5aad54f85a7b3b42c7d4ac24375391e91b05e8dcd779273398ada06320d1dd0886ba6cc2f246a887e21f81c71ab33997b671885cc6ac94a1976ff1207","public_key_hex":"c2f8243b0d573587f285c830a868acd19249d17d59ecbf9329e796dfed6fb630"}
{"seq":1,"ts":1778540400000,"agent_id":"baseline-momentum","symbol":"BTCUSDT","side":"buy","price":81713.808423786,"quantity":0.02447566743710628,"notional_usd":2000.0,"fee_usd":1.2,"balance_before_usd":9995.946027574108,"balance_after_usd":9994.146167544113,"decision":"ALLOW_CAPPED","cert_hash":"db03b1a9e5ff374de60cda6bd3abb67f9285446293c261b16df5cd3baa288d3d","prev_hash":"a482ed1e5a7caee9a7b880e1ee2cf91b876f15b352787f197b792d1f9196489e","record_hash":"b438926f5936509940969f54b0d406ed4537794da4b0053222cd0b1fd39d8846","signature_hex":"23aec6635a79e3b12f2890a8bcf101a3f3d29dc773ff9c7bacd533455bbedbd84f1c9e3778337614ea3b03e4f9455267d9be8fa8b1ed2f1e6c90cad67673fe07","public_key_hex":"c2f8243b0d573587f285c830a868acd19249d17d59ecbf9329e796dfed6fb630"}
{"seq":2,"ts":1778544000000,"agent_id":"baseline-momentum","symbol":"BTCUSDT","side":"buy","price":81524.3986564851,"quantity":0.012330775711769494,"notional_usd":1005.25907487,"fee_usd":0.603155444922,"balance_before_usd":9985.479346369713,"balance_after_usd":9984.624659666853,"decision":"ALLOW","cert_hash":"8ec6f4f1083d973109f0eba71ac985deecbe10a0314a82b5d964bb0878f5393f","prev_hash":"b438926f5936509940969f54b0d406ed4537794da4b0053222cd0b1fd39d8846","record_hash":"a6e217dd3c8df16cd5c78d1a88494a8d014187b810c9e0c26b567f6f08a100f6","signature_hex":"8c5ee6fd77b4c2b22dd76ba0450aa391d44f4610857bd59c82f24040685819b62d8634ee885a06a5a047dc952230664898d0cebf58dd4ee9a06280aeb6175102","public_key_hex":"c2f8243b0d573587f285c830a868acd19249d17d59ecbf9329e796dfed6fb630"}
{"seq":3,"ts":1778583600000,"agent_id":"baseline-momentum","symbol":"BTCUSDT","side":"sell","price":80728.475805054,"quantity":0.024774405562043203,"notional_usd":2000.0,"fee_usd":1.2,"balance_before_usd":9938.213068733501,"balance_after_usd":9936.412928703494,"decision":"ALLOW_CAPPED","cert_hash":"4c456961b329db2516f29f64e5ef7f077fc8316479ec6c71fa8d85214bfbe61a","prev_hash":"a6e217dd3c8df16cd5c78d1a88494a8d014187b810c9e0c26b567f6f08a100f6","record_hash":"5b73b854117a747e26582cc27f9637a7b07608b6eeda27f5d53675618e1beaba","signature_hex":"63d94d4c268768a3f3275200833658e1dae25e9e5f91733dfdec971a5cd484303ecf213f2146cc7877cdecb3e785ed05cf8ed6a01c0af9773373cbf095c72c0a","public_key_hex":"c2f8243b0d573587f285c830a868acd19249d17d59ecbf9329e796dfed6fb630"}
{"seq":4,"ts":1778587200000,"agent_id":"baseline-momentum","symbol":"BTCUSDT","side":"sell","price":80818.348836852,"quantity":0.024746855494875302,"notional_usd":2000.0,"fee_usd":1.2,"balance_before_usd":9939.692490708921,"balance_after_usd":9937.892350678914,"decision":"ALLOW_CAPPED","cert_hash":"2e36f369010b05a2cd1f995c2259f31e10863a42f9175e429803e52aeebc5778","prev_hash":"5b73b854117a747e26582cc27f9637a7b07608b6eeda27f5d53675618e1beaba","record_hash":"aef864cad6095893a18969063e5becca955aefb8477d9e5841cd68b1a85bc526","signature_hex":"97133bb610ca50b6475ed4a1067395621896781e726b2dc7be47efcde2edf49167bd4f7938ff60f30b929e091a0a78a4e024d8c0e950d5a1236a2e815008c10c","public_key_hex":"c2f8243b0d573587f285c830a868acd19249d17d59ecbf9329e796dfed6fb630"}
{"seq":5,"ts":1778590800000,"agent_id":"baseline-momentum","symbol":"BTCUSDT","side":"sell","price":80407.87200864,"quantity":0.024873186543042648,"notional_usd":2000.0,"fee_usd":1.2,"balance_before_usd":9933.074675847354,"balance_after_usd":9931.274535817347,"decision":"ALLOW_CAPPED","cert_hash":"65f756b3d58762560429fe67a1fc1a7ba32fda026d9edd53e133133c31901767","prev_hash":"aef864cad6095893a18969063e5becca955aefb8477d9e5841cd68b1a85bc526","record_hash":"4ed90ae2747999cb18d48b19fc5da8f57c24eaa6b297f4129c22e6567c07241e","signature_hex":"cf5b21fec95afe457a33ef286b8e33cc84db2bac33321dc34f7231eb00b39a2463e4829e2481ed0514347ed38d6be6acba895837f90f30d8c7f6edb18d460702","public_key_hex":"c2f8243b0d573587f285c830a868acd19249d17d59ecbf9329e796dfed6fb630"}
{"seq":6,"ts":1778594400000,"agent_id":"baseline-momentum","symbol":"BTCUSDT","side":"sell","price":80484.14912016601,"quantity":0.02484961351848202,"notional_usd":2000.0,"fee_usd":1.2,"balance_before_usd":9930.271959101668,"balance_after_usd":9928.471819071661,"decision":"ALLOW_CAPPED","cert_hash":"e196e2059d5ea36dec80c2f9f9ac1fb8f18433382fa0fa5330734cc6eb1ea1fa","prev_hash":"4ed90ae2747999cb18d48b19fc5da8f57c24eaa6b297f4129c22e6567c07241e","record_hash":"9c32b419b0a20460b7232b4761af092a8cfadd106f216a64e108c2d5a42748ba","signature_hex":"61174a16ec4f248d48aab803b2701246760e1df718cd314d88643ce3e24b244c232d4101a25fb3330ea26d9b13a5c18e51c6692ba976aa8327d392acf2dced07","public_key_hex":"c2f8243b0d573587f285c830a868acd19249d17d59ecbf9329e796dfed6fb630"}
{"seq":7,"ts":1778598000000,"agent_id":"baseline-momentum","symbol":"BTCUSDT","side":"sell","price":80276.34227327276,"quantity":0.02388781506040859,"notional_usd":1917.62641795,"fee_usd":1.1505758507700001,"balance_before_usd":9936.381242186872,"balance_after_usd":9934.663146153784,"decision":"ALLOW","cert_hash":"5ea6ad2a9d2e106f60c574dc6eecf6a83f44342c40e6ce1a467b44e3eded2888","prev_hash":"9c32b419b0a20460b7232b4761af092a8cfadd106f216a64e108c2d5a42748ba","record_hash":"60d14b7a4cf96ed75d936011856afebaad17d7b6837330ea35e7fdc89c747d63","signature_hex":"391a8ad59aaa513caaf8fa504e01c2a056bceb007b1428ffa2084687c1e50d3c266acb3c76cc2c9ac34afc07629d357122900e6eb8b00e7c993cfcabe75b8a0d","public_key_hex":"c2f8243b0d573587f285c830a868acd19249d17d59ecbf9329e796dfed6fb630"}
{"seq":8,"ts":1778662800000,"agent_id":"baseline-momentum","symbol":"BTCUSDT","side":"buy","price":81274.276594998,"quantity":0.024608032009516397,"notional_usd":2000.0,"fee_usd":1.2,"balance_before_usd":9875.66035420942,"balance_after_usd":9873.860494179424,"decision":"ALLOW_CAPPED","cert_hash":"dd27d17bf253ea0c5f3095619bbe1326e0165b514bb2cb262bc08c697149edb6","prev_hash":"60d14b7a4cf96ed75d936011856afebaad17d7b6837330ea35e7fdc89c747d63","record_hash":"b7a568d17b404afa04ec7c72f0ab1c6200c5743cdd0fbd61664459507e13af62","signature_hex":"30f7fd8e04de90de909251e4c00b9a89c86d4853c16b95ffb814e90a3deddc4aabb79f9154c2986b79aed1fad1bf8ec3be166b7582bec5b044ca35938d70ad0b","public_key_hex":"c2f8243b0d573587f285c830a868acd19249d17d59ecbf9329e796dfed6fb630"}
{"seq":9,"ts":1778677200000,"agent_id":"baseline-momentum","symbol":"BTCUSDT","side":"sell","price":79609.11490834536,"quantity":0.025112605449786583,"notional_usd":1999.1922929,"fee_usd":1.19951537574,"balance_before_usd":9934.12126951056,"balance_after_usd":9932.321937251963,"decision":"ALLOW","cert_hash":"5aa586a7eaae518e0a3a9fd04ecca7fde3dccdc8c138a80bb5956a347d4cd71c","prev_hash":"b7a568d17b404afa04ec7c72f0ab1c6200c5743cdd0fbd61664459507e13af62","record_hash":"7a6900df0d704b12e7b27d33fc1bae0eb52fa6e25e81c89fa09d67a6b659c476","signature_hex":"359d93a738997e2cae64620253a3bace39cf4c8e8b5ca0cfc93eb158a6c13a687b1a0163aa839713a1b63629a8472fca76163051a0235db9cab538c202be0200","public_key_hex":"c2f8243b0d573587f285c830a868acd19249d17d59ecbf9329e796dfed6fb630"}
{"seq":10,"ts":1778760000000,"agent_id":"baseline-momentum","symbol":"BTCUSDT","side":"buy","price":79755.42104463,"quantity":0.025076665307563587,"notional_usd":2000.0,"fee_usd":1.2,"balance_before_usd":9926.923232217363,"balance_after_usd":9925.123372187367,"decision":"ALLOW_CAPPED","cert_hash":"d228888b7f68bce8f1f77f0606f820ae3c98f98f0a652cdd3f342cd741802c4e","prev_hash":"7a6900df0d704b12e7b27d33fc1bae0eb52fa6e25e81c89fa09d67a6b659c476","record_hash":"1cf22adcd927b15139cd67e0c67d18f61f1a11ebf92dcf26d715b0dfa372b2ad","signature_hex":"e0071fac6cff8018574b7646756009355b6c6f0c32663f28b371577790fd3a7499c5a1003b85f71e3967f10d70c84839f7828b13a9e94123af0c038f1c83ee06","public_key_hex":"c2f8243b0d573587f285c830a868acd19249d17d59ecbf9329e796dfed6fb630"}
{"seq":11,"ts":1778767200000,"agent_id":"baseline-momentum","symbol":"BTCUSDT","side":"buy","price":80932.874198172,"quantity":0.024711837060213702,"notional_usd":2000.0,"fee_usd":1.2,"balance_before_usd":9881.211341866736,"balance_after_usd":9879.411481836742,"decision":"ALLOW_CAPPED","cert_hash":"a1aa84721d94dd4ddd80106105025d63f43989dbcd7661cabf7386cf91a455d0","prev_hash":"1cf22adcd927b15139cd67e0c67d18f61f1a11ebf92dcf26d715b0dfa372b2ad","record_hash":"dbc2b7296833009966974bf4c2ff53977d9a5d02a9f702072c3424a4319724e7","signature_hex":"22059b2139d5dc69ffe9376d388ef1ce5d4e76fc586f0110d153811a8fe5c6ad700d5e3f5776ecf917d6cf6d96b078c218b2392cf6b3ace454af5d85ba835e0e","public_key_hex":"c2f8243b0d573587f285c830a868acd19249d17d59ecbf9329e796dfed6fb630"}
{"seq":12,"ts":1778770800000,"agent_id":"baseline-momentum","symbol":"BTCUSDT","side":"buy","price":81256.87137465,"quantity":0.024613303049518434,"notional_usd":2000.0,"fee_usd":1.2,"balance_before_usd":9875.33246973205,"balance_after_usd":9873.532609702055,"decision":"ALLOW_CAPPED","cert_hash":"f8b824155ac64febf072da3b75e608c3dd644aa7cfbf5e4c39ad59c7fd5939ab","prev_hash":"dbc2b7296833009966974bf4c2ff53977d9a5d02a9f702072c3424a4319724e7","record_hash":"6bb9ed4c96d7225f5e0ee97be640c94d6111be528e09c127481f6936363631df","signature_hex":"dcbc9180c20cb4870a4b836da3842a995d5df162460924b4f98cf3fbea69325625e7a87852dbe71a6a5343c058346f3a95884bca3cb03b7d373cdd033dd7820a","public_key_hex":"c2f8243b0d573587f285c830a868acd19249d17d59ecbf9329e796dfed6fb630"}
{"seq":13,"ts":1778774400000,"agent_id":"baseline-momentum","symbol":"BTCUSDT","side":"buy","price":81853.75039658399,"quantity":0.024433822400439044,"notional_usd":2000.0,"fee_usd":1.2,"balance_before_usd":9880.757980849892,"balance_after_usd":9878.958120819898,"decision":"ALLOW_CAPPED","cert_hash":"47365e5acd3836e919ef24bb7183892bed34b322a547ec8fa28366a8aac1190b","prev_hash":"6bb9ed4c96d7225f5e0ee97be640c94d6111be528e09c127481f6936363631df","record_hash":"44b52e6b0caafdd15a79142855f69bb1f400619a5d6b7b0ae8d919580c62671a","signature_hex":"d90588f0aa715d31afd3b3918b19e921656fe6208dba2b9f2c5add3c096e1955e17f2ef8d522b025d469634e242c5fa1dabb9422415922827c81dc6c759dad0c","public_key_hex":"c2f8243b0d573587f285c830a868acd19249d17d59ecbf9329e796dfed6fb630"}
{"seq":14,"ts":1778778000000,"agent_id":"baseline-momentum","symbol":"BTCUSDT","side":"buy","price":81652.42747486662,"quantity":0.02400624006669438,"notional_usd":1960.16777599,"fee_usd":1.176100665594,"balance_before_usd":9871.627282744194,"balance_after_usd":9869.867170876734,"decision":"ALLOW","cert_hash":"74d75a7603303afb50baa4d12dea2f19434787e9b7a3f247f1a0c0100ea016be","prev_hash":"44b52e6b0caafdd15a79142855f69bb1f400619a5d6b7b0ae8d919580c62671a","record_hash":"5efe06efe47fdc51c72ca51f48a6801b6d9d297fc7c2c11438d63fbd215ce832","signature_hex":"3b15482c34feb039bd00f7950f3b76bf3763819948b5bff467db65dd9bf8ed14dec30f16926ac6a49023b1d25a70ba84c99a7c84ebadb188e2a64c3fc5fea800","public_key_hex":"c2f8243b0d573587f285c830a868acd19249d17d59ecbf9329e796dfed6fb630"}
{"seq":15,"ts":1778842800000,"agent_id":"baseline-momentum","symbol":"BTCUSDT","side":"sell","price":80565.72464179799,"quantity":0.02482445244416492,"notional_usd":2000.0,"fee_usd":1.2,"balance_before_usd":9806.85656108036,"balance_after_usd":9805.056421050354,"decision":"ALLOW_CAPPED","cert_hash":"ff101c3666c31cd61a0dc7aebb54a801a772268d0ada7168b973ffbf462b4af3","prev_hash":"5efe06efe47fdc51c72ca51f48a6801b6d9d297fc7c2c11438d63fbd215ce832","record_hash":"17ae65246f2151a2152b9518a9808755dd92693f2b98a409ff2c48c241616a6c","signature_hex":"0bb48c3b666f66c9157e58efc5262aee918b1ba47308672c5cabb385aa7c1edbd71d7cf27bcf593426ac32a086389076ba866c5e2f3ff59d7ec6fae7acca4e01","public_key_hex":"c2f8243b0d573587f285c830a868acd19249d17d59ecbf9329e796dfed6fb630"}
{"seq":16,"ts":1778846400000,"agent_id":"baseline-momentum","symbol":"BTCUSDT","side":"sell","price":80325.69666699601,"quantity":0.0248986324798569,"notional_usd":2000.0,"fee_usd":1.2,"balance_before_usd":9796.500341659306,"balance_after_usd":9794.700201629299,"decision":"ALLOW_CAPPED","cert_hash":"aff993a659b3eae3912b24755c46f01ccd0a0af3e935ffefa4f6bbae112f4168","prev_hash":"17ae65246f2151a2152b9518a9808755dd92693f2b98a409ff2c48c241616a6c","record_hash":"fe28c7d1c5d3ff447368cb785bed292c2ba47f735cc713c99d521321071b4dc5","signature_hex":"e45be8b12fe53ff46f0060dfd8dda5c44860f951d9651555a6a6294e35d84cf7b990b7d260cf605632acf65d35ca201c9176c5b3bcc953f4d11cae0a57822c0c","public_key_hex":"c2f8243b0d573587f285c830a868acd19249d17d59ecbf9329e796dfed6fb630"}
{"seq":17,"ts":1778850000000,"agent_id":"baseline-momentum","symbol":"BTCUSDT","side":"sell","price":78707.88212463,"quantity":0.025410415653582187,"notional_usd":2000.0,"fee_usd":1.2,"balance_before_usd":9777.324756953236,"balance_after_usd":9775.524616923229,"decision":"ALLOW_CAPPED","cert_hash":"6834f0c99ec5dd1fa275450802ac03fc9a90d283b7b49d4f33028ed8a0a203e6","prev_hash":"fe28c7d1c5d3ff447368cb785bed292c2ba47f735cc713c99d521321071b4dc5","record_hash":"46a30637dc7a2cc55d22929e6c9054c4c387d93f716960fa0046e2a976e120d8","signature_hex":"235ed9d16275fedf671f3e021206c0417fc1b42824f47ca46539c10f82954b7cd424287ae1ec6e6a2e6251c6e18b25ba2478b5e623451d12ed23ea7b91cbda02","public_key_hex":"c2f8243b0d573587f285c830a868acd19249d17d59ecbf9329e796dfed6fb630"}
{"seq":18,"ts":1778853600000,"agent_id":"baseline-momentum","symbol":"BTCUSDT","side":"sell","price":79098.66486244799,"quantity":0.025284876849413145,"notional_usd":2000.0,"fee_usd":1.2,"balance_before_usd":9769.788720186796,"balance_after_usd":9767.988580156789,"decision":"ALLOW_CAPPED","cert_hash":"7738f296a3ca910ee0534268a2246c4775083199bdb98882971a59ce5f7a359d","prev_hash":"46a30637dc7a2cc55d22929e6c9054c4c387d93f716960fa0046e2a976e120d8","record_hash":"1d3826aee171c27178f0cbabf858aa98307b7f63f1fc4a8662a42ef39a17bcc0","signature_hex":"de073e1252985f66fe0e3d63428a5f6d9846ee7617b6ff31dd34f7855eb6d7871026bb934743e021765768e1771dcd20813672507d0cff2a925c088589ab980d","public_key_hex":"c2f8243b0d573587f285c830a868acd19249d17d59ecbf9329e796dfed6fb630"}
{"seq":19,"ts":1778857200000,"agent_id":"baseline-momentum","symbol":"BTCUSDT","side":"sell","price":79108.06261867342,"quantity":0.021766288985865634,"notional_usd":1721.88895207,"fee_usd":1.033133371242,"balance_before_usd":9767.656925085661,"balance_after_usd":9766.13105993058,"decision":"ALLOW","cert_hash":"a12aac45e56e0cc17639eebcb21316c9a96ac4574c312476394d67bd248bc573","prev_hash":"1d3826aee171c27178f0cbabf858aa98307b7f63f1fc4a8662a42ef39a17bcc0","record_hash":"332d665def3c080649b1ffc534a97995456abfffefa899f20335e62ba8e8e0da","signature_hex":"5051a52bf694ad1ef98bbbd28f660a44947684681ee0abcec14a1b89c15501ad5b488e480b7cc274b7205493aae6e1953110827a547c483e5cfc2be1541ade0c","public_key_hex":"c2f8243b0d573587f285c830a868acd19249d17d59ecbf9329e796dfed6fb630"}
{"seq":20,"ts":1779051600000,"agent_id":"baseline-momentum","symbol":"BTCUSDT","side":"buy","price":78394.51286742001,"quantity":0.02551198963864192,"notional_usd":2000.0,"fee_usd":1.2,"balance_before_usd":9816.20949881421,"balance_after_usd":9814.409638784215,"decision":"ALLOW_CAPPED","cert_hash":"ff8ab510ca88d8ad374a8792a0c76bf135bdae867b29a7a626620858e43bcafc","prev_hash":"332d665def3c080649b1ffc534a97995456abfffefa899f20335e62ba8e8e0da","record_hash":"47bd74406b2910e0b4312c600e791a183c93ae626729d39bd711da216c8242d2","signature_hex":"2c59988800fe0558dca15191a624014a2d18f74096cf8eafe10bc9c38081229d679e7df879e9c20b747051e1c0c6350ae0de0082432adc45170c9e6ed4f98007","public_key_hex":"c2f8243b0d573587f285c830a868acd19249d17d59ecbf9329e796dfed6fb630"}
{"seq":21,"ts":1779062400000,"agent_id":"baseline-momentum","symbol":"BTCUSDT","side":"sell","price":77157.047483604,"quantity":0.025921157758466633,"notional_usd":2000.0,"fee_usd":1.2,"balance_before_usd":9857.791697861028,"balance_after_usd":9855.991557831021,"decision":"ALLOW_CAPPED","cert_hash":"965cfd1d417b76ff5b3c2c60e339aa7579f68b591fbda37593b8649202d29992","prev_hash":"47bd74406b2910e0b4312c600e791a183c93ae626729d39bd711da216c8242d2","record_hash":"5986e904ea8f1825fa05f58459e7cdf5c06adeee9b536e87fe0f0bcf83de1d60","signature_hex":"0284925ee36fc977a7bcc28c9f772f57c26881911f0fb0c0ec28e4a2e2be4f51b298a90b8840289cd2151b3975f5aafb8db064b086842ad0f553e50a95cff704","public_key_hex":"c2f8243b0d573587f285c830a868acd19249d17d59ecbf9329e796dfed6fb630"}
{"seq":22,"ts":1779112800000,"agent_id":"baseline-momentum","symbol":"BTCUSDT","side":"sell","price":76357.13214590817,"quantity":0.0027232731458883526,"notional_usd":207.94132747,"fee_usd":0.12476479648199999,"balance_before_usd":9906.612107814482,"balance_after_usd":9906.443585862438,"decision":"ALLOW","cert_hash":"87e0fb48e9edd7071ecfbbeb76113639ede806e6017f3fca424ffc799fea74f1","prev_hash":"5986e904ea8f1825fa05f58459e7cdf5c06adeee9b536e87fe0f0bcf83de1d60","record_hash":"f79d09e26fa504621b6771f4363cbd1278b00bd9fbb96110cc20d1c61294fd8c","signature_hex":"a207a1932b50b6ae68faf4f4d14a6d7b929e79f84af4cbc454c25587726cceb70e1698b6fa53bfc5b14690fa1530d95db33d787b86a0e65aa4d4c56309dd3a07","public_key_hex":"c2f8243b0d573587f285c830a868acd19249d17d59ecbf9329e796dfed6fb630"}
{"seq":23,"ts":1779184800000,"agent_id":"baseline-momentum","symbol":"BTCUSDT","side":"buy","price":77031.504060168,"quantity":0.02596340321276648,"notional_usd":2000.0,"fee_usd":1.2,"balance_before_usd":9866.176548218984,"balance_after_usd":9864.37668818899,"decision":"ALLOW_CAPPED","cert_hash":"4565238e4a5f4d116bfbc57425407e8b4169f1ddfcaf85604ac61e8d3b02d99f","prev_hash":"f79d09e26fa504621b6771f4363cbd1278b00bd9fbb96110cc20d1c61294fd8c","record_hash":"7bcee5891a0a06f6cfe7747b5792e6d7cc079fe03a4c3c400c6457668f3f1c95","signature_hex":"12e6038c983c9a2bc20dec01b7ebf0d6a13a0bcb526fbaa74cbe78b24b566f5bd4eeb3e0005da972e0a0ae2aa08e111a13267a6e3db13acf3ee1da2b6e0de00a","public_key_hex":"c2f8243b0d573587f285c830a868acd19249d17d59ecbf9329e796dfed6fb630"}
{"seq":24,"ts":1779267600000,"agent_id":"baseline-momentum","symbol":"BTCUSDT","side":"buy","price":77469.135318918,"quantity":0.025816733228873397,"notional_usd":2000.0,"fee_usd":1.2,"balance_before_usd":9848.100027352215,"balance_after_usd":9846.30016732222,"decision":"ALLOW_CAPPED","cert_hash":"6e2e4031b2555e5f0b914781410cc64775f216ed6d6908b4120d3c94dadc4aae","prev_hash":"7bcee5891a0a06f6cfe7747b5792e6d7cc079fe03a4c3c400c6457668f3f1c95","record_hash":"64596c9f731d5a3d572033668f8072f4436ea244c5eb550f3f6148204f0bdd63","signature_hex":"82085d3f2bfc00512b3f62ccac7713d834192b3591b6f89e3a65a721e75da46daf64d2955003007a7b1dd6d9c425f90239961d35bda8b4c9ffe80710c1c12100","public_key_hex":"c2f8243b0d573587f285c830a868acd19249d17d59ecbf9329e796dfed6fb630"}
{"seq":25,"ts":1779271200000,"agent_id":"baseline-momentum","symbol":"BTCUSDT","side":"buy","price":77495.043089436,"quantity":0.025808102302644395,"notional_usd":2000.0,"fee_usd":1.2,"balance_before_usd":9845.961472086854,"balance_after_usd":9844.16161205686,"decision":"ALLOW_CAPPED","cert_hash":"21b1beb3cb9d4a6091594fa63939c629e8a7a889862d9dbed30c927a4d48c94d","prev_hash":"64596c9f731d5a3d572033668f8072f4436ea244c5eb550f3f6148204f0bdd63","record_hash":"d65a296e10019a5484bbc06553c7ece3a6b3d443b49e4a19f24e7d7f99f9212f","signature_hex":"a052f261943586bd5d282b1288a40007b2edb4c520c5d02cda554db09d8757be1dae8bc6cf0a7c0c296a8bb2545f964159595b4dd71597c492597706e3d88e0d","public_key_hex":"c2f8243b0d573587f285c830a868acd19249d17d59ecbf9329e796dfed6fb630"}
{"seq":26,"ts":1779274800000,"agent_id":"baseline-momentum","symbol":"BTCUSDT","side":"buy","price":77368.105016898,"quantity":0.025850445730358513,"notional_usd":2000.0,"fee_usd":1.2,"balance_before_usd":9842.546039757588,"balance_after_usd":9840.746179727594,"decision":"ALLOW_CAPPED","cert_hash":"b5c84507fb11f39a86b6268cfbe5149a805a45006db7732693de35e2b4e911e6","prev_hash":"d65a296e10019a5484bbc06553c7ece3a6b3d443b49e4a19f24e7d7f99f9212f","record_hash":"6880b84b187f93b46cbc70027e168a4e86031e905bc77cf2e9aaa043ccf1ee0a","signature_hex":"14608122ed001c01875589503c7f385d4e41da699b6b9234f5b9d1db22ea91450319eec08bcfc7c79bd16c6d15947bb7f39487054745b87144edb85d180c740d","public_key_hex":"c2f8243b0d573587f285c830a868acd19249d17d59ecbf9329e796dfed6fb630"}
{"seq":27,"ts":1779278400000,"agent_id":"baseline-momentum","symbol":"BTCUSDT","side":"buy","price":77608.211954606,"quantity":0.024889818891199924,"notional_usd":1931.65434002,"fee_usd":1.158992604012,"balance_before_usd":9850.017317041602,"balance_after_usd":9848.285561055114,"decision":"ALLOW","cert_hash":"a3566e2eba969a2053a47bf84196c9822d18b63ac999096b30c0cd93e5ac2bf8","prev_hash":"6880b84b187f93b46cbc70027e168a4e86031e905bc77cf2e9aaa043ccf1ee0a","record_hash":"ecd1769f7692c6374b43f748dc1078dae36109995835a25495da655438e8caac","signature_hex":"b5ba7cb519e005ea011dbce2ef111611e2733275be73dbccc45d2bd477594abbd1b0ad5463139ecb102422006db2ad1784fb62896b3543abbbe4726b63e89106","public_key_hex":"c2f8243b0d573587f285c830a868acd19249d17d59ecbf9329e796dfed6fb630"}
{"seq":28,"ts":1779408000000,"agent_id":"baseline-momentum","symbol":"BTCUSDT","side":"sell","price":77319.898616862,"quantity":0.025866562628469845,"notional_usd":2000.0,"fee_usd":1.2,"balance_before_usd":9831.247960034274,"balance_after_usd":9829.447820004267,"decision":"ALLOW_CAPPED","cert_hash":"c7e010e56da4fca4c5f6ca1e1069420f33d32e983d83e3e39b93ec9b67d98458","prev_hash":"ecd1769f7692c6374b43f748dc1078dae36109995835a25495da655438e8caac","record_hash":"ca0886b7758116b7380568ad326c1e86f3f1356e1b271d04ace3739e769144d9","signature_hex":"36f8b97f5c73b1261d2794d3e2bdb496db698a277fe9c3376376b7b00ee08c7e447a47ba54b0b0f7cba0132771bebf8fa59662cac22d80c8a8b3711e238eca07","public_key_hex":"c2f8243b0d573587f285c830a868acd19249d17d59ecbf9329e796dfed6fb630"}
{"seq":29,"ts":1779458400000,"agent_id":"baseline-momentum","symbol":"BTCUSDT","side":"sell","price":76728.97593504,"quantity":0.026065772097535,"notional_usd":2000.0,"fee_usd":1.2,"balance_before_usd":9807.225450265694,"balance_after_usd":9805.425310235687,"decision":"ALLOW_CAPPED","cert_hash":"8b8c6dfedb5547643e07c8daacc67d4b417c9de0eaae6d84c842543f64284df5","prev_hash":"ca0886b7758116b7380568ad326c1e86f3f1356e1b271d04ace3739e769144d9","record_hash":"2162cea5510819cd83e9ba697d9b7c7d74e7a76d643d52e3c546b30b9b9993d9","signature_hex":"043bf3ce5a8c892158554de6b970799dd64997604771ebc7601451c7c9d2c77d4e6110bfbc3af0b00ada6270af8644b1700118a89e82f504fddbf5a87975e10a","public_key_hex":"c2f8243b0d573587f285c830a868acd19249d17d59ecbf9329e796dfed6fb630"}
{"seq":30,"ts":1779462000000,"agent_id":"baseline-momentum","symbol":"BTCUSDT","side":"sell","price":76749.06990544201,"quantity":0.026058947717074378,"notional_usd":2000.0,"fee_usd":1.2,"balance_before_usd":9805.657244056969,"balance_after_usd":9803.857104026963,"decision":"ALLOW_CAPPED","cert_hash":"e27c06bdc13c4676618e067d14b848c7323ef273bd31721ed9867a1f2788ec7e","prev_hash":"2162cea5510819cd83e9ba697d9b7c7d74e7a76d643d52e3c546b30b9b9993d9","record_hash":"86c3e8e6bc106cb8d0f44c66d0289a14f9bc34d84f8a7df58da3744bcc0f8719","signature_hex":"f02120052d3dc7c84070bab17f1178ec18c7229a18c71edca81204d423f24d3a95b351848d575559263b45ba2646be39b77a7904837694ccb0e112e0e3fb3903","public_key_hex":"c2f8243b0d573587f285c830a868acd19249d17d59ecbf9329e796dfed6fb630"}
{"seq":31,"ts":1779465600000,"agent_id":"baseline-momentum","symbol":"BTCUSDT","side":"sell","price":76900.92433848,"quantity":0.02600748973051331,"notional_usd":2000.0,"fee_usd":1.2,"balance_before_usd":9801.763216649792,"balance_after_usd":9799.963076619784,"decision":"ALLOW_CAPPED","cert_hash":"ae1afb253f6409732795ac44714e66823007c8cba2f5907471bdb6ad922f8790","prev_hash":"86c3e8e6bc106cb8d0f44c66d0289a14f9bc34d84f8a7df58da3744bcc0f8719","record_hash":"514f8aa2953f699813a9aac636a5274d3f427bce42fc138d89ce4a1becfbdf63","signature_hex":"fb6082cc11c71cc4348e955dbf80478823ddbcfb288bb509ea284540b9ba60df6dc61abeee99186cab243b2fee2eadd5a238a7b044c29ef7fea6e37f888f3d00","public_key_hex":"c2f8243b0d573587f285c830a868acd19249d17d59ecbf9329e796dfed6fb630"}
{"seq":32,"ts":1779469200000,"agent_id":"baseline-momentum","symbol":"BTCUSDT","side":"sell","price":76710.77167630511,"quantity":0.02338732503370397,"notional_usd":1794.05975078,"fee_usd":1.076435850468,"balance_before_usd":9807.703817920295,"balance_after_usd":9806.10752103862,"decision":"ALLOW","cert_hash":"3533ffe4969571f97cd29e9a68cf22e083c53c61144fe365175ab463510eded7","prev_hash":"514f8aa2953f699813a9aac636a5274d3f427bce42fc138d89ce4a1becfbdf63","record_hash":"5f707ff99a8bdb48bd4c16ca37eb7d10adedbf5978619fb6a825274feda0f2bd","signature_hex":"fb22f78288ef34cc23fd120df551a637830bf58264a2a2ed8e43144d0ca0bb4347207a86f567d32f6f39f51f57cec25cc5217e8ebde5add6a7689bacc5829a09","public_key_hex":"c2f8243b0d573587f285c830a868acd19249d17d59ecbf9329e796dfed6fb630"}
{"seq":33,"ts":1779519600000,"agent_id":"baseline-momentum","symbol":"BTCUSDT","side":"sell","price":74547.3172981722,"quantity":0.002773872398692878,"notional_usd":206.78474585,"fee_usd":0.12407084751,"balance_before_usd":9944.922945506762,"balance_after_usd":9944.755372845513,"decision":"ALLOW","cert_hash":"906e5851a51167488421c80c0060750ec849bf976f05fe24dfe84c479eec6ead","prev_hash":"5f707ff99a8bdb48bd4c16ca37eb7d10adedbf5978619fb6a825274feda0f2bd","record_hash":"3eadc84ec15b5ad2e517424ae6be0764e9cd7ffe3d0b6b944712d9a66f1fe8e1","signature_hex":"4110a58c654816f7133dae6f13a4615bc5aae51b79f95cbe62b61345b0be1a7e3f0ce08e2cc379ae75635f17d84c93b5a203fa7ab99e27f2b87c5113ff6a3601","public_key_hex":"c2f8243b0d573587f285c830a868acd19249d17d59ecbf9329e796dfed6fb630"}
{"seq":34,"ts":1779566400000,"agent_id":"baseline-momentum","symbol":"BTCUSDT","side":"buy","price":77256.07141465798,"quantity":0.025887932991898614,"notional_usd":2000.0,"fee_usd":1.2,"balance_before_usd":9766.680313458008,"balance_after_usd":9764.880453428012,"decision":"ALLOW_CAPPED","cert_hash":"144fbbbdb7fac199d7b842a09865bf3198dc3aa7711889cba8af2f285b277dd9","prev_hash":"3eadc84ec15b5ad2e517424ae6be0764e9cd7ffe3d0b6b944712d9a66f1fe8e1","record_hash":"6c6ae753d8f3cd4cdc0479c23bf4c7bf3c4d4bc20ef62841ab959de65251436c","signature_hex":"bd981dd226265af731ed06745ef5ce8ed0831a7b907f758b50cecf8cf28f81d27b5405fc1768c4a96fce939c7ead3ad3815c0c6c1b30a03ba6ed4cdadf73fa0d","public_key_hex":"c2f8243b0d573587f285c830a868acd19249d17d59ecbf9329e796dfed6fb630"}
{"seq":35,"ts":1779570000000,"agent_id":"baseline-momentum","symbol":"BTCUSDT","side":"buy","price":76789.93160533799,"quantity":0.026045081147864593,"notional_usd":2000.0,"fee_usd":1.2,"balance_before_usd":9783.893582332876,"balance_after_usd":9782.09372230288,"decision":"ALLOW_CAPPED","cert_hash":"46ba94afa652f2346abc92ae5ba8f8961b27820703a629f8eb8bad3667a35283","prev_hash":"6c6ae753d8f3cd4cdc0479c23bf4c7bf3c4d4bc20ef62841ab959de65251436c","record_hash":"670d1ea14ed45e5e49e18e744b7312742b011620a12d9a9afe444d222241abf4","signature_hex":"c7ea8e4c7dac2c86645d276b87c3a852b63d89021c3854a40924013f4b1765f9a2393c90266d61965952b0adcda714ae0c64364ca27f7eaa441459e21ff0c10c","public_key_hex":"c2f8243b0d573587f285c830a868acd19249d17d59ecbf9329e796dfed6fb630"}
{"seq":36,"ts":1779573600000,"agent_id":"baseline-momentum","symbol":"BTCUSDT","side":"buy","price":76560.062660742,"quantity":0.026123280604700285,"notional_usd":2000.0,"fee_usd":1.2,"balance_before_usd":9785.484564848957,"balance_after_usd":9783.684704818963,"decision":"ALLOW_CAPPED","cert_hash":"bfb1a5c97ce375698c6258815ba4b48802fe1b12908a563fa571e7d56d808109","prev_hash":"670d1ea14ed45e5e49e18e744b7312742b011620a12d9a9afe444d222241abf4","record_hash":"75d2c269bdd79da910379072615a79c306f63da8fd788aca0caf1e96c0a8f9a1","signature_hex":"ccc1b46d6e05d1e117a36ea738356fd092da38bee07ba3c24d92cf4d018690cf54666986bd32c3991fef18860aa99066a2378b4a6b3f72fd1b123e74a2db6002","public_key_hex":"c2f8243b0d573587f285c830a868acd19249d17d59ecbf9329e796dfed6fb630"}
{"seq":37,"ts":1779577200000,"agent_id":"baseline-momentum","symbol":"BTCUSDT","side":"buy","price":76724.411954028,"quantity":0.026067322629965115,"notional_usd":2000.0,"fee_usd":1.2,"balance_before_usd":9785.552410691242,"balance_after_usd":9783.75255066125,"decision":"ALLOW_CAPPED","cert_hash":"8cfdaac9630416ac163b459d5c7099281cf2a5f2ee61b22121220151512ca61a","prev_hash":"75d2c269bdd79da910379072615a79c306f63da8fd788aca0caf1e96c0a8f9a1","record_hash":"873823d66cf1fc0331457d7312d1053291312f8113339da52a98615e6210728b","signature_hex":"c7b9cb96683fe94caf8a27bcfa01a461729d7ed39fcd2a864355b46cbcad6a0eb25c48bd1f0d69ba4e6380f4d253f8d6cb1ecd45980aa83d3bd0a7d615f54e06","public_key_hex":"c2f8243b0d573587f285c830a868acd19249d17d59ecbf9329e796dfed6fb630"}
{"seq":38,"ts":1779580800000,"agent_id":"baseline-momentum","symbol":"BTCUSDT","side":"buy","price":76819.940605938,"quantity":0.026034906877361017,"notional_usd":2000.0,"fee_usd":1.2,"balance_before_usd":9787.620829926707,"balance_after_usd":9785.820969896715,"decision":"ALLOW_CAPPED","cert_hash":"3cc6e854a3e293fbe249aa19b3b2648d53c9e772e46d731279aec3bda8a082dc","prev_hash":"873823d66cf1fc0331457d7312d1053291312f8113339da52a98615e6210728b","record_hash":"37cd0a0e1b0a3c4eb08ca7745d47830465a685b9bfaca14974a2ba1536b616fb","signature_hex":"74b1c8e042b8dd3b5a965659c347f971d5ea31eb0be2fd12db2dcf81ee05cc57aed5735e1520a1d54ed67cfa68b53181738bc51ea5652a74a3bdcf81b1abab0e","public_key_hex":"c2f8243b0d573587f285c830a868acd19249d17d59ecbf9329e796dfed6fb630"}
{"seq":39,"ts":1779638400000,"agent_id":"baseline-momentum","symbol":"BTCUSDT","side":"sell","price":76618.709022834,"quantity":0.02610328502668921,"notional_usd":2000.0,"fee_usd":1.2,"balance_before_usd":9776.341004806156,"balance_after_usd":9774.540864776149,"decision":"ALLOW_CAPPED","cert_hash":"11a4098005e3e5bff709e76956ccd52cd76fa4a3094bb15525aa329f43a1f9d3","prev_hash":"37cd0a0e1b0a3c4eb08ca7745d47830465a685b9bfaca14974a2ba1536b616fb","record_hash":"9520334ba965525cfa1d6ed7f57602a0476285b35f84acf12a8fdadffbe17d75","signature_hex":"19445b0888b8be21390858d52448b2fd935a972842c6a5f5244aaf62a49c5029a2f35f6e6950e08f25106fef3ec79911dbf9bf78d1135a73667bc9312190690b","public_key_hex":"c2f8243b0d573587f285c830a868acd19249d17d59ecbf9329e796dfed6fb630"}
{"seq":40,"ts":1779656400000,"agent_id":"baseline-momentum","symbol":"BTCUSDT","side":"sell","price":76076.17182198001,"quantity":0.026289440597511215,"notional_usd":2000.0,"fee_usd":1.2,"balance_before_usd":9754.262010723452,"balance_after_usd":9752.461870693447,"decision":"ALLOW_CAPPED","cert_hash":"24f9894445b84c436196e165da00f1b9468c731a0cc7e88ce06586af69981610","prev_hash":"9520334ba965525cfa1d6ed7f57602a0476285b35f84acf12a8fdadffbe17d75","record_hash":"c5cb892186c9294b24fa4f574ac4b365a7aa77e913ddf2e89c9482826a4f94d6","signature_hex":"386ca34a1e5c83ecda24ea2dfe95767c3d7b3f89b98a1e71df73937b3c1b84206603eda1f836300f07a88d4be80aa5d00cb200f3f727ed97b3a79420c723af02","public_key_hex":"c2f8243b0d573587f285c830a868acd19249d17d59ecbf9329e796dfed6fb630"}
{"seq":41,"ts":1779699600000,"agent_id":"baseline-momentum","symbol":"BTCUSDT","side":"buy","price":77577.967961094,"quantity":0.025780515429368,"notional_usd":2000.0,"fee_usd":1.2,"balance_before_usd":9768.652975011912,"balance_after_usd":9766.853114981917,"decision":"ALLOW_CAPPED","cert_hash":"7a4b855e1bc4a7943a30514e34864b6ded3dfffac88fdac564c74289be629bac","prev_hash":"c5cb892186c9294b24fa4f574ac4b365a7aa77e913ddf2e89c9482826a4f94d6","record_hash":"465db31880fcb0e5073b02c9b98db305ff851b2705d7aca18b8e6c3120a5d761","signature_hex":"1659859465a92653c89194fc9264525371efa7983094d808ece0589c5ff76ebac0eeeda2917e04ec710f0a8c8a9a00662016e38836af847c1c47e4768547e10d","public_key_hex":"c2f8243b0d573587f285c830a868acd19249d17d59ecbf9329e796dfed6fb630"}
{"seq":42,"ts":1779703200000,"agent_id":"baseline-momentum","symbol":"BTCUSDT","side":"buy","price":77513.348579802,"quantity":0.025802007481859054,"notional_usd":2000.0,"fee_usd":1.2,"balance_before_usd":9764.472109160082,"balance_after_usd":9762.672249130088,"decision":"ALLOW_CAPPED","cert_hash":"8cf88a0cd26e43a4feca047794716613834bd4bda0f3883fee87b3530c044de7","prev_hash":"465db31880fcb0e5073b02c9b98db305ff851b2705d7aca18b8e6c3120a5d761","record_hash":"0c256236098558feaf954a3c38e422442fe5e9230aa8cbe2d297e2620dc46157","signature_hex":"9da00a3f5a2d043eafa0759c0bfe2b52d65c1747fbf30cfbd1aa8a02a00bd5ff3e84093e19a7d1ee2f742ba6af066703d34a283a9a65282ea5da580aa81f5007","public_key_hex":"c2f8243b0d573587f285c830a868acd19249d17d59ecbf9329e796dfed6fb630"}
{"seq":43,"ts":1779753600000,"agent_id":"baseline-momentum","symbol":"BTCUSDT","side":"sell","price":76731.57515509201,"quantity":0.026064889140585787,"notional_usd":2000.0,"fee_usd":1.2,"balance_before_usd":9717.192094618595,"balance_after_usd":9715.39195458859,"decision":"ALLOW_CAPPED","cert_hash":"0e06a8904a7ad064f57bd397cd8caccb0edc712794a7a4e577955a7fc08e9e0d","prev_hash":"0c256236098558feaf954a3c38e422442fe5e9230aa8cbe2d297e2620dc46157","record_hash":"d636ad1a26cd73496f36c54319f4a59ceea614629b3b2cf43727b95c11b0b3e8","signature_hex":"08d02063017ff8635d0a40e45479fbabfc35feff823b48542cacde312d6d62a7bfb7b078078f50ed302bddf184e2f3fdb6d08277b802baa38c13c0659c7ad407","public_key_hex":"c2f8243b0d573587f285c830a868acd19249d17d59ecbf9329e796dfed6fb630"}
{"seq":44,"ts":1779757200000,"agent_id":"baseline-momentum","symbol":"BTCUSDT","side":"sell","price":76699.084904442,"quantity":0.026075930403755974,"notional_usd":2000.0,"fee_usd":1.2,"balance_before_usd":9714.202623796526,"balance_after_usd":9712.40248376652,"decision":"ALLOW_CAPPED","cert_hash":"a8a2511464649cc7d4f93e7cbc14fa8945b214976e07f6986a5f03c12c357846","prev_hash":"d636ad1a26cd73496f36c54319f4a59ceea614629b3b2cf43727b95c11b0b3e8","record_hash":"1474418c2eab9618083b9c3623b1bc1842db8ab6dfd9a3ddeba3100719ab447d","signature_hex":"1a5c722c2959b422e96d37b8ef3d776676f02f2497aaef4849250d6348692e8f10b4c3e6cb6a3a896af596adb34927ac36b3c370a0869e8251f3443239eade0c","public_key_hex":"c2f8243b0d573587f285c830a868acd19249d17d59ecbf9329e796dfed6fb630"}
{"seq":45,"ts":1779760800000,"agent_id":"baseline-momentum","symbol":"BTCUSDT","side":"sell","price":76606.912562598,"quantity":0.026107304590375382,"notional_usd":2000.0,"fee_usd":1.2,"balance_before_usd":9711.43264457965,"balance_after_usd":9709.632504549643,"decision":"ALLOW_CAPPED","cert_hash":"d8a9c3f16f04bd8933d237bc69e5f5435406b7e6baef6d3d18a431c3933aa7f5","prev_hash":"1474418c2eab9618083b9c3623b1bc1842db8ab6dfd9a3ddeba3100719ab447d","record_hash":"e33fb113e540aa4e85499c3fb964d4e9cd86a1f2834bc6136f1dd316869e2458","signature_hex":"d4b41dafe9e1e8abe8dc1870841e76406a65ab548f9a0ece66aaf1689a7400aaf18d1127c377ca775981a14f693495e7fed9b73da69538d36f991b69d67b7901","public_key_hex":"c2f8243b0d573587f285c830a868acd19249d17d59ecbf9329e796dfed6fb630"}
{"seq":46,"ts":1779764400000,"agent_id":"baseline-momentum","symbol":"BTCUSDT","side":"sell","price":76606.412712588,"quantity":0.026107474938209176,"notional_usd":2000.0,"fee_usd":1.2,"balance_before_usd":9709.640298770339,"balance_after_usd":9707.840158740331,"decision":"ALLOW_CAPPED","cert_hash":"e54e24c83e8a2cc3e5c9f13e9771faf6a54a7a924ad1a45d8b9734077c83e406","prev_hash":"e33fb113e540aa4e85499c3fb964d4e9cd86a1f2834bc6136f1dd316869e2458","record_hash":"07a205f35cf9d014baf953e099121d5ac6b86edb11da403aaecea621102cd829","signature_hex":"e0f77d39b9f7a1d6bf887b30c08a4462c01a3ebf8a870946f134ce0346296b46395051d6a992f094295959c1128df7b0e3c9153fc43b411c20995e99f7ee530f","public_key_hex":"c2f8243b0d573587f285c830a868acd19249d17d59ecbf9329e796dfed6fb630"}
{"seq":47,"ts":1779768000000,"agent_id":"baseline-momentum","symbol":"BTCUSDT","side":"sell","price":76692.81626607744,"quantity":0.021559575267955784,"notional_usd":1653.4645448,"fee_usd":0.9920787268800001,"balance_before_usd":9704.291836260612,"balance_after_usd":9702.832265440138,"decision":"ALLOW","cert_hash":"6b2f8a7e58723c2d324bebd939c39d27b23d857aa94104c81766e379b41b7963","prev_hash":"07a205f35cf9d014baf953e099121d5ac6b86edb11da403aaecea621102cd829","record_hash":"f0f364b13552e51d3d96ead5f1076b1a9705893df017f0acb9391e2d9452d671","signature_hex":"2ea1a461139cd8864dd93355222bfbe5c54ff7881592d67303b898366a2ae4c3e8d0d9118d7e8040779169ce7779d9887c50c3880323973768720db366baa405","public_key_hex":"c2f8243b0d573587f285c830a868acd19249d17d59ecbf9329e796dfed6fb630"}
{"seq":48,"ts":1779915600000,"agent_id":"baseline-momentum","symbol":"BTCUSDT","side":"sell","price":74429.21222491052,"quantity":0.002886257000018359,"notional_usd":214.82183479,"fee_usd":0.128893100874,"balance_before_usd":9847.741162559294,"balance_after_usd":9847.566990507752,"decision":"ALLOW","cert_hash":"ecd7a7a9c539b47096a4dafa641666360aece6b6af0f11e6a56924b19ec07daf","prev_hash":"f0f364b13552e51d3d96ead5f1076b1a9705893df017f0acb9391e2d9452d671","record_hash":"8c321298075971309e02712a704cc40625a47e44b9c1ce2a5db9bbd16559a8cd","signature_hex":"25f9fcf489e1c0041dd098eead3463b2c99b256889ea4dca29540b883d90bbef49d36d591509f07525fe97497a61edbd87393de051f170d7a68469e18e873f03","public_key_hex":"c2f8243b0d573587f285c830a868acd19249d17d59ecbf9329e796dfed6fb630"}
{"seq":49,"ts":1780016400000,"agent_id":"baseline-momentum","symbol":"BTCUSDT","side":"buy","price":73575.46749106799,"quantity":0.027182973730242335,"notional_usd":2000.0,"fee_usd":1.2,"balance_before_usd":9908.034966364585,"balance_after_usd":9906.23510633459,"decision":"ALLOW_CAPPED","cert_hash":"9000b6755164688d570eb5ee2bbca6693624f3a2308a25e1010782daa254c17c","prev_hash":"8c321298075971309e02712a704cc40625a47e44b9c1ce2a5db9bbd16559a8cd","record_hash":"3550168c6083b75d3b0df3f593df497a6c302a9d62fa9d1cc3537ea5242c0514","signature_hex":"e6354c73c695b96ce85b9451d4aa4bbddf9dd3312f5510e97309a2aed4b8fa12b94994ead8127cb6078d654bcb91378bd128976f10423f5ae97db5117e5fb607","public_key_hex":"c2f8243b0d573587f285c830a868acd19249d17d59ecbf9329e796dfed6fb630"}
{"seq":50,"ts":1780045200000,"agent_id":"baseline-momentum","symbol":"BTCUSDT","side":"buy","price":73723.61192403,"quantity":0.027128350711586684,"notional_usd":2000.0,"fee_usd":1.2,"balance_before_usd":9900.493993187712,"balance_after_usd":9898.694133157718,"decision":"ALLOW_CAPPED","cert_hash":"a2770d0b92ff15f2e43128450e4b11a5a49154c98a5d34f0cb9e417636b574b6","prev_hash":"3550168c6083b75d3b0df3f593df497a6c302a9d62fa9d1cc3537ea5242c0514","record_hash":"0df2b047e404634cebe2430602f20261469057656510da2db2bdd1614329c976","signature_hex":"dd8d605b6fdd115adb99a63f377d771895fff4620031bc8947328cf58d4f0d4cf48d52cb5338d59301c76f7b39b570735e61fe5daac6a476184ef85ca0692d0a","public_key_hex":"c2f8243b0d573587f285c830a868acd19249d17d59ecbf9329e796dfed6fb630"}
{"seq":51,"ts":1780048800000,"agent_id":"baseline-momentum","symbol":"BTCUSDT","side":"buy","price":73621.08117198,"quantity":0.027166131876384274,"notional_usd":2000.0,"fee_usd":1.2,"balance_before_usd":9899.906751633767,"balance_after_usd":9898.106891603773,"decision":"ALLOW_CAPPED","cert_hash":"c03f2ae3ec4616d8c80288b69fa636e3b5c26ccc03bf40cd67fa915e4a384c7f","prev_hash":"0df2b047e404634cebe2430602f20261469057656510da2db2bdd1614329c976","record_hash":"ea8201755ff7b62b6890e30647416d4868b9482329480230722cb014333274e6","signature_hex":"a10947e5ea6108a6cab9a817f15148270ae5a668355c4de904f89fcbb5dc6855efa1daf5136aa8be02db10a016feb85edbd7ee678f05cd77243b137d97e13103","public_key_hex":"c2f8243b0d573587f285c830a868acd19249d17d59ecbf9329e796dfed6fb630"}
{"seq":52,"ts":1780063200000,"agent_id":"baseline-momentum","symbol":"BTCUSDT","side":"sell","price":73044.58151133,"quantity":0.027380538824632438,"notional_usd":2000.0,"fee_usd":1.2,"balance_before_usd":9889.940627242977,"balance_after_usd":9888.140487212971,"decision":"ALLOW_CAPPED","cert_hash":"9b2b3e82e639c5b7de6be1a34a19434a9590796e534119380239a52f797b4e15","prev_hash":"ea8201755ff7b62b6890e30647416d4868b9482329480230722cb014333274e6","record_hash":"6d67e6a9c28299bd3efc71d593deb24fc3594e259c33292729fc09d567cc52ff","signature_hex":"a2f7481d948ca0d67d1efc2c77843ea259d9380e0d13836877342999e15a1218af0bfcb1ee47110293f7da991dd12f8926c5887ea72c058dc649eee2179a4604","public_key_hex":"c2f8243b0d573587f285c830a868acd19249d17d59ecbf9329e796dfed6fb630"}
{"seq":53,"ts":1780160400000,"agent_id":"baseline-momentum","symbol":"BTCUSDT","side":"buy","price":73997.1939795,"quantity":0.0270280519090234,"notional_usd":2000.0,"fee_usd":1.2,"balance_before_usd":9877.344014297356,"balance_after_usd":9875.544154267362,"decision":"ALLOW_CAPPED","cert_hash":"aa386c4c552c5e875efe111d940a4be10f9cbbe45c6e66bd07150cba620d980a","prev_hash":"6d67e6a9c28299bd3efc71d593deb24fc3594e259c33292729fc09d567cc52ff","record_hash":"fc04885d84568bb1e8a519885878b9ff095763e76ebe68f35467888ffd8d1176","signature_hex":"903e3390a656857b011ec8a01d4970f5633c333493fe73a6da85ed143be51f1190dcb7607e38a546b57a1968d270ef82f302bdf9f756d1e1a32aac9b2d34ae0d","public_key_hex":"c2f8243b0d573587f285c830a868acd19249d17d59ecbf9329e796dfed6fb630"}
{"seq":54,"ts":1780185600000,"agent_id":"baseline-momentum","symbol":"BTCUSDT","side":"buy","price":74016.79985989201,"quantity":0.027020892605271275,"notional_usd":2000.0,"fee_usd":1.2,"balance_before_usd":9875.882172492327,"balance_after_usd":9874.082312462335,"decision":"ALLOW_CAPPED","cert_hash":"8b4750d7dfc53d56e2dbd9ee7c7ed7efd49ef67c0fde3acdb34e3b572c8e68de","prev_hash":"fc04885d84568bb1e8a519885878b9ff095763e76ebe68f35467888ffd8d1176","record_hash":"ec2be36669705df4b57736fa23702bb94993c9a570e2eb9e804d068408a797b5","signature_hex":"fa4f5db26223fcab2b51871fc572c0a7c50336be0680b6ada19377d582acd9fe607a59cfc748e9ce21803c704ee47c44a57401c136ca21a8e7fd0113c04fed03","public_key_hex":"c2f8243b0d573587f285c830a868acd19249d17d59ecbf9329e796dfed6fb630"}
{"seq":55,"ts":1780196400000,"agent_id":"baseline-momentum","symbol":"BTCUSDT","side":"buy","price":74123.08984674935,"quantity":0.024644391782058316,"notional_usd":1826.71846628,"fee_usd":1.096031079768,"balance_before_usd":9878.572552185806,"balance_after_usd":9876.944452464231,"decision":"ALLOW","cert_hash":"57034036737a2f88a8175b53712afdaf3fa4b334d6a1851bf8cb5bc74c7d14b1","prev_hash":"ec2be36669705df4b57736fa23702bb94993c9a570e2eb9e804d068408a797b5","record_hash":"6c1944dba37ba97873f25821c26499ac776aa12c60228a9f5994012aca0f8d5c","signature_hex":"39f5584e01eaf75a946914b973cef8405a09c270287be77e3e6b99e699abf1d9808f2e73fdde23de2f982424ae326b9abffe30333bc9e86b2dd496fd6458e308","public_key_hex":"c2f8243b0d573587f285c830a868acd19249d17d59ecbf9329e796dfed6fb630"}
{"seq":56,"ts":1780275600000,"agent_id":"baseline-momentum","symbol":"BTCUSDT","side":"sell","price":73249.02016542,"quantity":0.02730411950198586,"notional_usd":2000.0,"fee_usd":1.2,"balance_before_usd":9820.925482776292,"balance_after_usd":9819.125342746287,"decision":"ALLOW_CAPPED","cert_hash":"0273692be3da8f643262e4fa63be385779241f2a5a66f73ecd9da41f2b0e646b","prev_hash":"6c1944dba37ba97873f25821c26499ac776aa12c60228a9f5994012aca0f8d5c","record_hash":"37d4a9ef9fe8d0965e2023582e669d37132f258d76cdce2ebd0e08b7ea839cfe","signature_hex":"62905ecad7c7144736c797024a4b3ac6f94b7490439b9645f415ba0ba9b04339581045fe71f4fae48dc824eda63e87800a0fb6ba8181deb3cb7c30315a789d0c","public_key_hex":"c2f8243b0d573587f285c830a868acd19249d17d59ecbf9329e796dfed6fb630"}
{"seq":57,"ts":1780293600000,"agent_id":"baseline-momentum","symbol":"BTCUSDT","side":"sell","price":73090.267802244,"quantity":0.02736342416217822,"notional_usd":2000.0,"fee_usd":1.2,"balance_before_usd":9812.877454298789,"balance_after_usd":9811.077314268781,"decision":"ALLOW_CAPPED","cert_hash":"281d63597e4066d520cc4d527abbe88ebf271350912685b3735de5d36a774d1f","prev_hash":"37d4a9ef9fe8d0965e2023582e669d37132f258d76cdce2ebd0e08b7ea839cfe","record_hash":"5f4580918cbec0f65a1b589a023340b4c96c2548d73e20f086da064460c36057","signature_hex":"cad8debb5a4630ca196c074c6b64e10470c28d13fa9da5d926f36b44f1a31494d155660cb85ad2bf85dfcede05c95fca9ca990ee5f244cec333e7d43f0484c08","public_key_hex":"c2f8243b0d573587f285c830a868acd19249d17d59ecbf9329e796dfed6fb630"}
{"seq":58,"ts":1780297200000,"agent_id":"baseline-momentum","symbol":"BTCUSDT","side":"sell","price":72763.465865706,"quantity":0.027486321276823836,"notional_usd":2000.0,"fee_usd":1.2,"balance_before_usd":9807.160737945487,"balance_after_usd":9805.36059791548,"decision":"ALLOW_CAPPED","cert_hash":"b3b6525189f781ca4fa368a2014b62db5ed4cb06a8927cea91a67f9096e07d62","prev_hash":"5f4580918cbec0f65a1b589a023340b4c96c2548d73e20f086da064460c36057","record_hash":"0fc4fedfb8407f682f42631b2014a6bd35597ed5b3bcde1a80a6542fb29fdd53","signature_hex":"1ec962c306bf702c75888f7379ee5d0d49022d4d615fe8461213f2974ed13ee40b34d9ba307c1f9a468530028c0238a812fab79b429730f1cc64f1082aebf704","public_key_hex":"c2f8243b0d573587f285c830a868acd19249d17d59ecbf9329e796dfed6fb630"}
{"seq":59,"ts":1780300800000,"agent_id":"baseline-momentum","symbol":"BTCUSDT","side":"sell","price":72863.23592770202,"quantity":0.027448684848206367,"notional_usd":2000.0,"fee_usd":1.2,"balance_before_usd":9803.926173982072,"balance_after_usd":9802.126033952065,"decision":"ALLOW_CAPPED","cert_hash":"e8f7e9acaee1d172716c7028cc17c343630f75e95f50c47e9361c73bda2381b2","prev_hash":"0fc4fedfb8407f682f42631b2014a6bd35597ed5b3bcde1a80a6542fb29fdd53","record_hash":"c87b5132c521551edb879a3134ba44f2a22f66c914ee744fcc602c4078bde353","signature_hex":"94bab50dd180e51f4b0a3d81c9ed814d15190f838c12075afeae8e61e2ce05400e501e0903a5542e10dbd837da6993b164170bbda481f909880beb8175f68d00","public_key_hex":"c2f8243b0d573587f285c830a868acd19249d17d59ecbf9329e796dfed6fb630"}
{"seq":60,"ts":1780304400000,"agent_id":"baseline-momentum","symbol":"BTCUSDT","side":"sell","price":72847.47362820483,"quantity":0.024316872618272197,"notional_usd":1771.42273678,"fee_usd":1.0628536420680001,"balance_before_usd":9802.839071092387,"balance_after_usd":9801.26492184575,"decision":"ALLOW","cert_hash":"060058fb29051d277ba2aad37408573bf78018557aad087ab2e495105f2167a3","prev_hash":"c87b5132c521551edb879a3134ba44f2a22f66c914ee744fcc602c4078bde353","record_hash":"710e31ef19fd43c57aa4916d506024952aefd3c3d697448324cb4318db83be8a","signature_hex":"0a51de60e8ea0f70515988206440f50d6098b12db26ba9c9023fd7cf23b64fb34a154cdbec322a7fa447318da8f1d57a85067213698e5a4fed166f387bff770d","public_key_hex":"c2f8243b0d573587f285c830a868acd19249d17d59ecbf9329e796dfed6fb630"}
{"seq":61,"ts":1780362000000,"agent_id":"baseline-momentum","symbol":"BTCUSDT","side":"sell","price":70613.47975092684,"quantity":0.003189510022228353,"notional_usd":225.22240137,"fee_usd":0.13513344082200002,"balance_before_usd":9952.919301721737,"balance_after_usd":9952.736579996963,"decision":"ALLOW","cert_hash":"820aacad48c2b797f31576df7a5e325e9f10e4b9bbab87ad34ad2e4cd88fca06","prev_hash":"710e31ef19fd43c57aa4916d506024952aefd3c3d697448324cb4318db83be8a","record_hash":"e8188eba654826d06a3f7e9b3ca0501f72a9b21af58e91b3e36ba91c59a36a47","signature_hex":"27a142819d2eb7d67802d1fc72e175536b53b67119a70c1f9813f2edfa2708e4d6869e8ea3fe3c5430a984fc5cf3143e41ecb072791bd2cca1edc5e01f8b690a","public_key_hex":"c2f8243b0d573587f285c830a868acd19249d17d59ecbf9329e796dfed6fb630"}
{"seq":62,"ts":1780408800000,"agent_id":"baseline-momentum","symbol":"BTCUSDT","side":"sell","price":67981.95539107942,"quantity":0.004093353486071026,"notional_usd":278.27417409,"fee_usd":0.166964504454,"balance_before_usd":10138.67322957125,"balance_after_usd":10138.446728841167,"decision":"ALLOW","cert_hash":"2e5ccba1f481d5fb8453da6c2df132dc776fa0e2fc3184e54eefcac5bd920c58","prev_hash":"e8188eba654826d06a3f7e9b3ca0501f72a9b21af58e91b3e36ba91c59a36a47","record_hash":"7f19c8243e543af55e13d2c4d58e804d312aa7c4f79d23ef5c43ea412598dfbe","signature_hex":"dadf5e1e6725d620814d26710de78ff8cf11366036d77483f9206df3349c6230a1a8b56e75f3f338a9485df2fbdb80eb5e01701680bb9d9b9596402ba96ca904","public_key_hex":"c2f8243b0d573587f285c830a868acd19249d17d59ecbf9329e796dfed6fb630"}
{"seq":63,"ts":1780455600000,"agent_id":"baseline-momentum","symbol":"BTCUSDT","side":"sell","price":65809.53539080129,"quantity":0.0036965922691197706,"notional_usd":243.27101976,"fee_usd":0.145962611856,"balance_before_usd":10301.32361051656,"balance_after_usd":10301.126026438298,"decision":"ALLOW","cert_hash":"b80f43908a32eedde3fca08aee4f3de74d7d6577e602f21288e5fa15a5c605fe","prev_hash":"7f19c8243e543af55e13d2c4d58e804d312aa7c4f79d23ef5c43ea412598dfbe","record_hash":"0142acd1662aa918b6850a57f143eb21e98d9dbeab47b1ea3f00c5702d122fa7","signature_hex":"ace639c0a905a7df7bc7e877b233fcf7817cd430a4c57691e3a7fe59b3b32c3c8733f091ae09f586ef952dc1990997872daa139a416f03c57d931a51b33b8a0f","public_key_hex":"c2f8243b0d573587f285c830a868acd19249d17d59ecbf9329e796dfed6fb630"}
{"seq":64,"ts":1780531200000,"agent_id":"baseline-momentum","symbol":"BTCUSDT","side":"sell","price":63302.204662554184,"quantity":0.004655174522449403,"notional_usd":294.68281036,"fee_usd":0.176809686216,"balance_before_usd":10498.335553458717,"balance_after_usd":10498.095455104001,"decision":"ALLOW","cert_hash":"2ff36ec298a654975f9177d55523c38d560c123512c8a29b208de0441da53c0b","prev_hash":"0142acd1662aa918b6850a57f143eb21e98d9dbeab47b1ea3f00c5702d122fa7","record_hash":"b5512a6b8d4e6a389d75268dde8078506586f3e9dcadb174e304f03b97b328fa","signature_hex":"8bf87b1d5252433f8fcab943363a472c327e6e58abf04af5bc58c142f4fa78e4e77695af21ced1b4b99523d6e5e7bfbe914e2d5c0ab6c2e5a517c6738728f60e","public_key_hex":"c2f8243b0d573587f285c830a868acd19249d17d59ecbf9329e796dfed6fb630"}
{"seq":65,"ts":1780606800000,"agent_id":"baseline-momentum","symbol":"BTCUSDT","side":"buy","price":63269.876535018,"quantity":0.03161061961126255,"notional_usd":2000.0,"fee_usd":1.2,"balance_before_usd":10503.365154844385,"balance_after_usd":10501.56529481439,"decision":"ALLOW_CAPPED","cert_hash":"d84250c63fc5926ea2b933ce33f73d79e9c2510d47860e89e51b6642efe2b76d","prev_hash":"b5512a6b8d4e6a389d75268dde8078506586f3e9dcadb174e304f03b97b328fa","record_hash":"4c3b2ff7e11a23ab88ab2ca1f354bab254b5e26bcaaa548bedd7b1bc3073ecb7","signature_hex":"92cd4d7b6b5cf58b6d1e044fd7c355ab88c8e9a34bf6388304328c94700313d8bad1f26e346523beb0dba39df793ac3a60ad4a03a4eb5b368c582d7a8ca2e20b","public_key_hex":"c2f8243b0d573587f285c830a868acd19249d17d59ecbf9329e796dfed6fb630"}
{"seq":66,"ts":1780610400000,"agent_id":"baseline-momentum","symbol":"BTCUSDT","side":"buy","price":63722.412264066,"quantity":0.031386131330245155,"notional_usd":2000.0,"fee_usd":1.2,"balance_before_usd":10478.359469430374,"balance_after_usd":10476.55960940038,"decision":"ALLOW_CAPPED","cert_hash":"27133ca3c8cb39dbb77b83f8377cc1be9e06d54300f5ca32d0bb1dd150c7c54d","prev_hash":"4c3b2ff7e11a23ab88ab2ca1f354bab254b5e26bcaaa548bedd7b1bc3073ecb7","record_hash":"c054261395089a9dda0a187daf85622c294735a7da48f8844024eee8a0995bea","signature_hex":"83c39551a6271fe187f69b45c18d5d9dbf4bc8f96af72e2af61d2fe7e8c0a75bb9be3d2730dc5f1752fa325d826580548836415dadce1565b0d3e5338db2f201","public_key_hex":"c2f8243b0d573587f285c830a868acd19249d17d59ecbf9329e796dfed6fb630"}
{"seq":67,"ts":1780617600000,"agent_id":"baseline-momentum","symbol":"BTCUSDT","side":"sell","price":63374.283277866,"quantity":0.03155854230699468,"notional_usd":2000.0,"fee_usd":1.2,"balance_before_usd":10482.757840109005,"balance_after_usd":10480.957700078998,"decision":"ALLOW_CAPPED","cert_hash":"d640caefc3f9f1ba26ec47897e0d5f3021027fd5c2a1f4529a991965dc16d9e0","prev_hash":"c054261395089a9dda0a187daf85622c294735a7da48f8844024eee8a0995bea","record_hash":"89a623f7247a1c7f0f46774555d6941ebfe788fc6eaa911fe027745f6ce1c343","signature_hex":"50943f491c719230e4d604491845d1def27012cc6a4561916d5c5a9c4f0ccb14474b2e470e4ec124ff2d8b53c0059dc6561dcd4c633a79e3d600a2596713eb08","public_key_hex":"c2f8243b0d573587f285c830a868acd19249d17d59ecbf9329e796dfed6fb630"}
{"seq":68,"ts":1780621200000,"agent_id":"baseline-momentum","symbol":"BTCUSDT","side":"sell","price":63324.756352619486,"quantity":0.03129303104011119,"notional_usd":1981.62356615,"fee_usd":1.18897413969,"balance_before_usd":10483.510480087512,"balance_after_usd":10481.72870180233,"decision":"ALLOW","cert_hash":"86655b2bfccab5309f63b533716b6872820825a2907daf270a2c9c0c67c14c66","prev_hash":"89a623f7247a1c7f0f46774555d6941ebfe788fc6eaa911fe027745f6ce1c343","record_hash":"172fd9d7eda556d2482b9bde3ddce369ec7d5396bec763ab4e90f32675a3289e","signature_hex":"52194e21b81a948c1c9f427b0b8ec999a41c2ddbed2a47f4a34ad43283ff33b39021873be2042d5ea342b8a3531f06f8dd55bed5f12bbc4860c268fe6fce0f0c","public_key_hex":"c2f8243b0d573587f285c830a868acd19249d17d59ecbf9329e796dfed6fb630"}
{"seq":69,"ts":1780642800000,"agent_id":"baseline-momentum","symbol":"BTCUSDT","side":"buy","price":63088.822231398,"quantity":0.03170133677031367,"notional_usd":2000.0,"fee_usd":1.2,"balance_before_usd":10504.388491086811,"balance_after_usd":10502.588631056817,"decision":"ALLOW_CAPPED","cert_hash":"98f6ac62a406ed67a14ba8c358c1a13fa4b55ff366b3ffdfb30734a7e8e6396f","prev_hash":"172fd9d7eda556d2482b9bde3ddce369ec7d5396bec763ab4e90f32675a3289e","record_hash":"58f0a6345053305aa4e368c21b79876c373526dcb1da8b000f46448dae7df088","signature_hex":"db5653f474355b0df99d9116bf6519777f9136663aebbf23e73e0358f93ff0b7d4f067f85e59c4001bba32825b6b16b2ea1a1ac67c71c20344c8d4db2d41160f","public_key_hex":"c2f8243b0d573587f285c830a868acd19249d17d59ecbf9329e796dfed6fb630"}
{"seq":70,"ts":1780646400000,"agent_id":"baseline-momentum","symbol":"BTCUSDT","side":"sell","price":62406.17377849801,"quantity":0.03204811125095925,"notional_usd":2000.0,"fee_usd":1.2,"balance_before_usd":10535.6396395757,"balance_after_usd":10533.839499545693,"decision":"ALLOW_CAPPED","cert_hash":"82cd2f7cbf2bb1182da8d7d96d71728cccb000defb7e2201a69e59aa110bb583","prev_hash":"58f0a6345053305aa4e368c21b79876c373526dcb1da8b000f46448dae7df088","record_hash":"d087032443d56f81c08cce4bbe1bd9dbe982437c141321055f1a0a5487394545","signature_hex":"b9fe8f4c2d06d9ea19b9937cdfb1b6082b9200fd8959b259ba03294cebfab32b40abd875ee5399c0939898b842078b12d714ad1a01790c5f568e1b8f5323d10b","public_key_hex":"c2f8243b0d573587f285c830a868acd19249d17d59ecbf9329e796dfed6fb630"}
{"seq":71,"ts":1780664400000,"agent_id":"baseline-momentum","symbol":"BTCUSDT","side":"sell","price":60686.9684309883,"quantity":0.0048443982103723,"notional_usd":293.99184126,"fee_usd":0.176395104756,"balance_before_usd":10677.191012924795,"balance_after_usd":10676.951487710441,"decision":"ALLOW","cert_hash":"eef4d96ef3e96635cb044087a969fe3f6613a2f6f2a14986ec3908f1516f3001","prev_hash":"d087032443d56f81c08cce4bbe1bd9dbe982437c141321055f1a0a5487394545","record_hash":"77625c433e26d78e3d71bc712ab5008f032313107d7de72cdcdfdc334963d061","signature_hex":"cd3bf82cdf73d2468ea3d30d2915429522499c5573ef5fdc443a91f19c3ebf9e373e6007f85276e53f442a91af4f478c0f6a391f969b904a6662adf413d94f0b","public_key_hex":"c2f8243b0d573587f285c830a868acd19249d17d59ecbf9329e796dfed6fb630"}
{"seq":72,"ts":1780754400000,"agent_id":"baseline-momentum","symbol":"BTCUSDT","side":"buy","price":60779.72966523,"quantity":0.03290570739646003,"notional_usd":2000.0,"fee_usd":1.2,"balance_before_usd":10671.59128422652,"balance_after_usd":10669.791424196526,"decision":"ALLOW_CAPPED","cert_hash":"501e86993f37e8c491dada7746160c8a160abf95820a210b6fee0c8dca5428c0","prev_hash":"77625c433e26d78e3d71bc712ab5008f032313107d7de72cdcdfdc334963d061","record_hash":"b599bf7bb187ba2b82503a443f6d258d52f6abe211f9a80ea7569b6cc961ac4d","signature_hex":"36a055e18ee310eff8cce6ddde53f18c02b0d8cdb5da03de34e74fd9b7b65a0a4d92e713221734be6d0bea7129462074290e76ccd2ffb8d500126b4a6a9f370f","public_key_hex":"c2f8243b0d573587f285c830a868acd19249d17d59ecbf9329e796dfed6fb630"}
{"seq":73,"ts":1780758000000,"agent_id":"baseline-momentum","symbol":"BTCUSDT","side":"buy","price":60768.026154996,"quantity":0.03291204481282253,"notional_usd":2000.0,"fee_usd":1.2,"balance_before_usd":10670.435460468552,"balance_after_usd":10668.635600438558,"decision":"ALLOW_CAPPED","cert_hash":"696bc2060d862ca2cc68c2ab7a212bcab7ee736d0cfe00992217a9f0a015595b","prev_hash":"b599bf7bb187ba2b82503a443f6d258d52f6abe211f9a80ea7569b6cc961ac4d","record_hash":"2de76fa7f80f837637ffa2c7a888044a53d4fd9f7789f89268bf82155b2b289f","signature_hex":"a8b31f6b6ff1961e7d307b33babb1eb5d33edaf6ed5fda36347932189329b30c05476920488e0f71e7589a9f48f052c527257c1110d5c6e838157e5002174702","public_key_hex":"c2f8243b0d573587f285c830a868acd19249d17d59ecbf9329e796dfed6fb630"}
{"seq":74,"ts":1780761600000,"agent_id":"baseline-momentum","symbol":"BTCUSDT","side":"sell","price":60732.076125006,"quantity":0.03293152692299472,"notional_usd":2000.0,"fee_usd":1.2,"balance_before_usd":10668.5761267047,"balance_after_usd":10666.775986674693,"decision":"ALLOW_CAPPED","cert_hash":"2e90801501e2524a6a864c8dd9ef5682fa416fb3b40bf9eb4082f00fc4d1744b","prev_hash":"2de76fa7f80f837637ffa2c7a888044a53d4fd9f7789f89268bf82155b2b289f","record_hash":"04c7ba6cbef1b768a5126fd298891185d728a0cd9cebabb7b97a019f24a18cb5","signature_hex":"3319f3586fc18dba542ae70e0038a330ccb02d4caa9edd3b0a62519ccdad81e777f5cbfa30061645f7a9439dd73d9bb2a7e9ff409d028e61a661c7a09678ee05","public_key_hex":"c2f8243b0d573587f285c830a868acd19249d17d59ecbf9329e796dfed6fb630"}
{"seq":75,"ts":1780765200000,"agent_id":"baseline-momentum","symbol":"BTCUSDT","side":"sell","price":60532.33606101,"quantity":0.03304019190642532,"notional_usd":2000.0,"fee_usd":1.2,"balance_before_usd":10677.778037076456,"balance_after_usd":10675.97789704645,"decision":"ALLOW_CAPPED","cert_hash":"a540fccd6dd9d8993fa0699b98c0d81002598e1a0814f261ed8b8c7d5e511d45","prev_hash":"04c7ba6cbef1b768a5126fd298891185d728a0cd9cebabb7b97a019f24a18cb5","record_hash":"4fb8da09a53b9c8b06c86118c06493657f4af3b8e83275ed4ea039fbd71256c6","signature_hex":"7b85e6e95d0ebdc8eb4863b4cbe546ca2bfbebff28b2fc3eeebe0a277775d48b93fdc4bcd3e7e743768a59f66e7d2f61102179af580e564d667a0be65e112502","public_key_hex":"c2f8243b0d573587f285c830a868acd19249d17d59ecbf9329e796dfed6fb630"}
{"seq":76,"ts":1780790400000,"agent_id":"baseline-momentum","symbol":"BTCUSDT","side":"buy","price":60768.226214999995,"quantity":0.03291193646041163,"notional_usd":2000.0,"fee_usd":1.2,"balance_before_usd":10658.497191328897,"balance_after_usd":10656.697331298903,"decision":"ALLOW_CAPPED","cert_hash":"0014a6b35ca7c0808998805ad5dffd749b576e7bfc2ced56621f5d38de42fe9a","prev_hash":"4fb8da09a53b9c8b06c86118c06493657f4af3b8e83275ed4ea039fbd71256c6","record_hash":"b067850f1c4015f98c209dbfe6e48c454e13b7100ad00562b48f18bdd540bf1a","signature_hex":"608db78aec5630aeb993bb9f2200f08020c232c4474f1ec6bdd2f2ae096a1b53a32395e41fc3e1f96b7bb74c668be580a789c211fefaf22521a253f3a3246a0d","public_key_hex":"c2f8243b0d573587f285c830a868acd19249d17d59ecbf9329e796dfed6fb630"}
{"seq":77,"ts":1780794000000,"agent_id":"baseline-momentum","symbol":"BTCUSDT","side":"buy","price":61463.834848908,"quantity":0.03253946007300801,"notional_usd":2000.0,"fee_usd":1.2,"balance_before_usd":10618.315720793149,"balance_after_usd":10616.515860763155,"decision":"ALLOW_CAPPED","cert_hash":"43e2eb123bbd6aa79fe7a7ca04f26a3d90cb04ed10d9bd5781f34fe6d2d8d069","prev_hash":"b067850f1c4015f98c209dbfe6e48c454e13b7100ad00562b48f18bdd540bf1a","record_hash":"5649ce44ce33e9fb9ae33defa9a7b6ac918b47aebc8ec4e13c5712a95a2558b3","signature_hex":"f23954bde29353856335ce8311fff64fff40e443286393839b7cb0ddfed21a1483006c1f64826ae3240e93cf34d1c69f7dd2939171f00af2f745627311483b06","public_key_hex":"c2f8243b0d573587f285c830a868acd19249d17d59ecbf9329e796dfed6fb630"}
{"seq":78,"ts":1780797600000,"agent_id":"baseline-momentum","symbol":"BTCUSDT","side":"buy","price":61484.841149328,"quantity":0.03252834296412359,"notional_usd":2000.0,"fee_usd":1.2,"balance_before_usd":10616.040124396473,"balance_after_usd":10614.24026436648,"decision":"ALLOW_CAPPED","cert_hash":"645ac1d87ee8e3700be88b561a6d50ddbd1ab22b5f82ac72be93d2f84661597d","prev_hash":"5649ce44ce33e9fb9ae33defa9a7b6ac918b47aebc8ec4e13c5712a95a2558b3","record_hash":"3e712fae0ee0244ef7d54148bc40af8549a58bda2ad3f42dd7243f418faeac0e","signature_hex":"79e6a38cf242408d95980b51706d1159cc864fa9c15fe2c295ef39f63228df26d141af592eacecd977d6b6afd0467eaa45d120ef607fef14f878bc0c19405e09","public_key_hex":"c2f8243b0d573587f285c830a868acd19249d17d59ecbf9329e796dfed6fb630"}
{"seq":79,"ts":1780801200000,"agent_id":"baseline-momentum","symbol":"BTCUSDT","side":"buy","price":61684.50103332,"quantity":0.03242305549200542,"notional_usd":2000.0,"fee_usd":1.2,"balance_before_usd":10616.211160727367,"balance_after_usd":10614.411300697375,"decision":"ALLOW_CAPPED","cert_hash":"7e9e69a10adf5c077bf7c6a27de723f0a45e6f4d31609d41ab11c2f812b7e513","prev_hash":"3e712fae0ee0244ef7d54148bc40af8549a58bda2ad3f42dd7243f418faeac0e","record_hash":"83d6950b531b432fe2d4f7db04af2b582cf93510f1f7135dc5d0191d9468da05","signature_hex":"733159d7df765987066075f335ed0cd9b9f43ccb9429330a5509cc8d15810dc3f811ad289e5d20c8b2e08872a33fff41457434375fb15ff31a06afc9cb095e02","public_key_hex":"c2f8243b0d573587f285c830a868acd19249d17d59ecbf9329e796dfed6fb630"}
{"seq":80,"ts":1780804800000,"agent_id":"baseline-momentum","symbol":"BTCUSDT","side":"buy","price":61869.55653702,"quantity":0.032326076214935995,"notional_usd":2000.0,"fee_usd":1.2,"balance_before_usd":10622.236298562417,"balance_after_usd":10620.436438532422,"decision":"ALLOW_CAPPED","cert_hash":"8f36e2a7c848193c4fb75b2ccf6bc401fa61c64520ecbeebaa3781fec50dc218","prev_hash":"83d6950b531b432fe2d4f7db04af2b582cf93510f1f7135dc5d0191d9468da05","record_hash":"10d2a83e1db89eb9826d01a1af74c2175ade7aed607a8e8dd88ebb05fdd50f5d","signature_hex":"1af5c3608abccbbf507424207c9c71e01c5ac4e34a3006e84865628844ac18ae2f2188ebe88b504800c8dc43dbbdeb1ae939abb91b46edb4857cc92db9d8a602","public_key_hex":"c2f8243b0d573587f285c830a868acd19249d17d59ecbf9329e796dfed6fb630"}
{"seq":81,"ts":1780808400000,"agent_id":"baseline-momentum","symbol":"BTCUSDT","side":"buy","price":61725.602659435004,"quantity":0.011339031649017301,"notional_usd":699.90856211,"fee_usd":0.41994513726599997,"balance_before_usd":10609.996630192552,"balance_after_usd":10609.412238940957,"decision":"ALLOW","cert_hash":"bf09e5edcaf87cdb35c757610c23a6349a0f7d9e1bfda59f344afedeb6e39afd","prev_hash":"10d2a83e1db89eb9826d01a1af74c2175ade7aed607a8e8dd88ebb05fdd50f5d","record_hash":"06a8bac328148dbb5a09ed41d5d8fc0fb609a90d3d28c1438c413d95ca046d17","signature_hex":"4b174918f5688a4ab1e611e1f28e738aad14ececcefb25aa2080fa25204471b760acf0b1756acbf36e122eb9e5b19c3ae156e16b8d0caad843505a485cb4b80b","public_key_hex":"c2f8243b0d573587f285c830a868acd19249d17d59ecbf9329e796dfed6fb630"}
{"seq":82,"ts":1780992000000,"agent_id":"baseline-momentum","symbol":"BTCUSDT","side":"sell","price":62801.555136408,"quantity":0.031846345136770954,"notional_usd":2000.0,"fee_usd":1.2,"balance_before_usd":10704.589753904533,"balance_after_usd":10702.789613874527,"decision":"ALLOW_CAPPED","cert_hash":"865c723accc69213b30d66571e0be902550e89ce30ad7f11af41e13e80c13015","prev_hash":"06a8bac328148dbb5a09ed41d5d8fc0fb609a90d3d28c1438c413d95ca046d17","record_hash":"52e321c9ae8411fe19887311c7bbf7db6c29251cd671a2a1c17753ff9702f392","signature_hex":"7c3d27abee8d31aad1ae6c76b00bba7202ca54a11a0689f80806b887498a66482f8ea0a79a5b02189b7b7c3ab3fd3ed6e52a6990333c0bade77b67dc12c22d05","public_key_hex":"c2f8243b0d573587f285c830a868acd19249d17d59ecbf9329e796dfed6fb630"}
{"seq":83,"ts":1780995600000,"agent_id":"baseline-momentum","symbol":"BTCUSDT","side":"sell","price":62670.294523782,"quantity":0.03191304612811487,"notional_usd":2000.0,"fee_usd":1.2,"balance_before_usd":10695.684176708555,"balance_after_usd":10693.884036678548,"decision":"ALLOW_CAPPED","cert_hash":"98f8884bc31bcd13dad21876c7809a870370707d4cc5726922aec1921acae962","prev_hash":"52e321c9ae8411fe19887311c7bbf7db6c29251cd671a2a1c17753ff9702f392","record_hash":"b3009a3cf2d227e8040efb88da2a386d73fe1e65efb4e86909a9f3388f391955","signature_hex":"c9ac941357f66bdc177a72917e8b76633632c7d934c1c25c29aac1ff8e1d940e52962c84fa77e05b97723069f4556f61228bc10332ea9c43468141d888b37208","public_key_hex":"c2f8243b0d573587f285c830a868acd19249d17d59ecbf9329e796dfed6fb630"}
{"seq":84,"ts":1780999200000,"agent_id":"baseline-momentum","symbol":"BTCUSDT","side":"sell","price":62731.276225002,"quantity":0.031882023136696296,"notional_usd":2000.0,"fee_usd":1.2,"balance_before_usd":10695.238419822266,"balance_after_usd":10693.438279792259,"decision":"ALLOW_CAPPED","cert_hash":"26382822d4d0b40925bc7cc36e7cded93e20bad1bb66b26b5d818c8d2ec507f1","prev_hash":"b3009a3cf2d227e8040efb88da2a386d73fe1e65efb4e86909a9f3388f391955","record_hash":"0dd635a7ec285e17abee5ab430483d0886ae3895fa87d85012adf4a5ce834819","signature_hex":"e34b6b58620b4e8d21dbe41d8b95d9feb2784080d49c5079ac1bbcb5784d87d98bce4eff58f5ef54d9d1bced7d9247633220d26efd596da2bdd9705cdfacfd0d","public_key_hex":"c2f8243b0d573587f285c830a868acd19249d17d59ecbf9329e796dfed6fb630"}
{"seq":85,"ts":1781002800000,"agent_id":"baseline-momentum","symbol":"BTCUSDT","side":"sell","price":62665.296023682,"quantity":0.03191559167364621,"notional_usd":2000.0,"fee_usd":1.2,"balance_before_usd":10694.077095163782,"balance_after_usd":10692.276955133775,"decision":"ALLOW_CAPPED","cert_hash":"6218bbd0a14d237c0251a25f4228c50c83e314710d49ec73babb444dd612c52d","prev_hash":"0dd635a7ec285e17abee5ab430483d0886ae3895fa87d85012adf4a5ce834819","record_hash":"2d8205c1bcffb97fcce14c293d4d0993ac0a1d7758e023e73fcb4da74067d96c","signature_hex":"afd4aedb138516aaaf129f461c3d25c4d8ebe6b6fe2dd44767c7bb2e2b9db918bed550ec9d08544b839c4be686c3d2ca83b8670ca81ff3952ffb079cb9dd2505","public_key_hex":"c2f8243b0d573587f285c830a868acd19249d17d59ecbf9329e796dfed6fb630"}
{"seq":86,"ts":1781006400000,"agent_id":"baseline-momentum","symbol":"BTCUSDT","side":"sell","price":62595.117082278004,"quantity":0.031951374056399716,"notional_usd":2000.0,"fee_usd":1.2,"balance_before_usd":10695.196896928066,"balance_after_usd":10693.396756898059,"decision":"ALLOW_CAPPED","cert_hash":"066ed0211316b373c7e6fccb133d5e9f29ab063c485402286c8593d4e5ad6662","prev_hash":"2d8205c1bcffb97fcce14c293d4d0993ac0a1d7758e023e73fcb4da74067d96c","record_hash":"320bccc4aaf1693f460a78e491ab62087989bb3d0db508e6ae260c6aaa8c28f9","signature_hex":"6992b956261c9b8408807278660a392b002ef442c95473c6c7c84ceea1ed158f2133c3cef910520222d68f4a0cba8fa781025efe15c4fe6b33c4b1c2c6dc6b05","public_key_hex":"c2f8243b0d573587f285c830a868acd19249d17d59ecbf9329e796dfed6fb630"}
{"seq":87,"ts":1781010000000,"agent_id":"baseline-momentum","symbol":"BTCUSDT","side":"sell","price":62232.51711031964,"quantity":0.012567854813963554,"notional_usd":782.12923975,"fee_usd":0.46927754385,"balance_before_usd":10720.351360954228,"balance_after_usd":10719.695037413661,"decision":"ALLOW","cert_hash":"2f63794c68af8209de16d77b4ab94cdfd88bcee766879edfd229f69aaf012d21","prev_hash":"320bccc4aaf1693f460a78e491ab62087989bb3d0db508e6ae260c6aaa8c28f9","record_hash":"a39682de4ea59fb3cea887027665a89686584965d5399fc47fe8b8b5c1ce056a","signature_hex":"8f86de6bab44315d78391797b6e83df238afdcb5399c3b1cd28eee9023b33950086a700bdb81a90ae34d69c570838cb79ac1e2289c43e8d6e44589d050320001","public_key_hex":"c2f8243b0d573587f285c830a868acd19249d17d59ecbf9329e796dfed6fb630"}
{"seq":88,"ts":1781103600000,"agent_id":"baseline-momentum","symbol":"BTCUSDT","side":"buy","price":62616.48056195399,"quantity":0.03194047289229487,"notional_usd":2000.0,"fee_usd":1.2,"balance_before_usd":10689.534575660255,"balance_after_usd":10687.73471563026,"decision":"ALLOW_CAPPED","cert_hash":"79cfcb1cdf5ae9e351b73f343d5febf9e4135fb46ddc17ca920f3ab7c840f1a1","prev_hash":"a39682de4ea59fb3cea887027665a89686584965d5399fc47fe8b8b5c1ce056a","record_hash":"c71ba568ed3d5de574797b2628e84dacb9578c714266c257ebec3fd3b262eac6","signature_hex":"9a70e7115cc289ef547789ff01f924fd8cdb23e0d94715d8c79c7dfbe6f10fb92799ac2bbed729a56d8502e415f19d1b529180778dc2c77d4bdb751a05ddac01","public_key_hex":"c2f8243b0d573587f285c830a868acd19249d17d59ecbf9329e796dfed6fb630"}
{"seq":89,"ts":1781136000000,"agent_id":"baseline-momentum","symbol":"BTCUSDT","side":"buy","price":61815.04018593,"quantity":0.032354585453383385,"notional_usd":2000.0,"fee_usd":1.2,"balance_before_usd":10731.201769118274,"balance_after_usd":10729.40190908828,"decision":"ALLOW_CAPPED","cert_hash":"dd619551e1ec87d705a186be6c0cd1ebb50e842e774b8e0dbfe82379fa7337df","prev_hash":"c71ba568ed3d5de574797b2628e84dacb9578c714266c257ebec3fd3b262eac6","record_hash":"76dd7dcb3e0c6cc129370d3c3b82ad69ee8ab7ff8079f819f08174823eb577aa","signature_hex":"7f1b75fde1de18b387cae57c0b087ba373c743cd52fa979e457d381f694a80828bd62e172be5ad7beddf2ff65a8063148417885d6410be4bf16b7542b11d790a","public_key_hex":"c2f8243b0d573587f285c830a868acd19249d17d59ecbf9329e796dfed6fb630"}
{"seq":90,"ts":1781139600000,"agent_id":"baseline-momentum","symbol":"BTCUSDT","side":"buy","price":62195.65434354,"quantity":0.03215658748363553,"notional_usd":2000.0,"fee_usd":1.2,"balance_before_usd":10721.09986216478,"balance_after_usd":10719.300002134785,"decision":"ALLOW_CAPPED","cert_hash":"718c15e739b387e771d1bba8475b6307f8d2306d083e6501d844eb6d3002ea66","prev_hash":"76dd7dcb3e0c6cc129370d3c3b82ad69ee8ab7ff8079f819f08174823eb577aa","record_hash":"088881ef91b90ba55573f57b176ba7b3890115b7751c072adb1b655ed2c1faf3","signature_hex":"acccfe6b21d3fdf302d3e3bf51ac89f7cd47a80f1bda4fda3eed36378ad74295c2843f74904aa0914f577cd2d87382ad1b90a0ddd43a8cabe2dc7e7aac2f4a0e","public_key_hex":"c2f8243b0d573587f285c830a868acd19249d17d59ecbf9329e796dfed6fb630"}
{"seq":91,"ts":1781143200000,"agent_id":"baseline-momentum","symbol":"BTCUSDT","side":"buy","price":62131.935232266,"quantity":0.03218956551930112,"notional_usd":2000.0,"fee_usd":1.2,"balance_before_usd":10718.641483987838,"balance_after_usd":10716.841623957844,"decision":"ALLOW_CAPPED","cert_hash":"543382aeee0378d46f642ac2acf7f4addfd4c14e41c6518d0cf6d9dfb8e04554","prev_hash":"088881ef91b90ba55573f57b176ba7b3890115b7751c072adb1b655ed2c1faf3","record_hash":"fb661602db5f5a4162a096b2b674220f9138fa0d13a31e4285820998eed5d0ce","signature_hex":"5e32093865f721e98811777a50616939548811a07809be9db7d96a25692972cb6c5fb612d456d87af198b84d4b0e86411516920686758b4f58414dab1f488207","public_key_hex":"c2f8243b0d573587f285c830a868acd19249d17d59ecbf9329e796dfed6fb630"}
{"seq":92,"ts":1781146800000,"agent_id":"baseline-momentum","symbol":"BTCUSDT","side":"buy","price":62670.496763033996,"quantity":0.03191294314392117,"notional_usd":2000.0,"fee_usd":1.2,"balance_before_usd":10739.738359978744,"balance_after_usd":10737.938499948752,"decision":"ALLOW_CAPPED","cert_hash":"dcd9e489ef5671f2a52552072c07fb068a139693fda91f447d453ecebd0c347e","prev_hash":"fb661602db5f5a4162a096b2b674220f9138fa0d13a31e4285820998eed5d0ce","record_hash":"f15bdb3fa0aaccc8e4f0e859792392e539881926ea1d050fdc8f633586a655c0","signature_hex":"8491bfee89797aaea3de3931514b40af62b7a5b02a9c179dfd58649cec24c3d07e256c37903dc0f2ef2d16b00259b2e7b80e2c66fc87bcbaddf3deb576203401","public_key_hex":"c2f8243b0d573587f285c830a868acd19249d17d59ecbf9329e796dfed6fb630"}
{"seq":93,"ts":1781150400000,"agent_id":"baseline-momentum","symbol":"BTCUSDT","side":"buy","price":62698.24392355583,"quantity":0.011227961684992523,"notional_usd":703.97348049,"fee_usd":0.42238408829400004,"balance_before_usd":10740.305701907491,"balance_after_usd":10739.717773610424,"decision":"ALLOW","cert_hash":"3c16e3f2a71952766464e715fa80fe74d8cedb964441358fe9a1a39ad0e163ec","prev_hash":"f15bdb3fa0aaccc8e4f0e859792392e539881926ea1d050fdc8f633586a655c0","record_hash":"ae1e0964b0d46f21cd17f442b93b1c38b7a98a241b540c96593dedc3c3e39ad0","signature_hex":"7a79d13f2950f34df7df52abb1c87ce0b6655a44838cde81b8cf07294d3fad977ac8a5a319c0a04486c69571f7516aca33e21a1571b367af01ea2a8efbcb620c","public_key_hex":"c2f8243b0d573587f285c830a868acd19249d17d59ecbf9329e796dfed6fb630"}
{"seq":94,"ts":1781456400000,"agent_id":"baseline-momentum","symbol":"BTCUSDT","side":"sell","price":63685.689834096,"quantity":0.03140422919513139,"notional_usd":2000.0,"fee_usd":1.2,"balance_before_usd":10828.152624331786,"balance_after_usd":10826.35248430178,"decision":"ALLOW_CAPPED","cert_hash":"ace0c94a6ce498edfe0528ae648a0284a393c086ec2c50f21274e8e6da5061f9","prev_hash":"ae1e0964b0d46f21cd17f442b93b1c38b7a98a241b540c96593dedc3c3e39ad0","record_hash":"3448ffd10966dac16ebb0bd844fcdbb79ba0c0e87faddaad79a46b292208d35d","signature_hex":"81db7e66c2f587a5eee82a0015a6bf326a2565d848672496c351730737d42fb54bc0f37971020a353c6b061498f70f2a65b942204afd84db4cdff3eb7d496a01","public_key_hex":"c2f8243b0d573587f285c830a868acd19249d17d59ecbf9329e796dfed6fb630"}
{"seq":95,"ts":1781460000000,"agent_id":"baseline-momentum","symbol":"BTCUSDT","side":"sell","price":63768.464995752,"quantity":0.03136346468639683,"notional_usd":2000.0,"fee_usd":1.2,"balance_before_usd":10830.84554728224,"balance_after_usd":10829.045407252235,"decision":"ALLOW_CAPPED","cert_hash":"66da539f9ba7e327fb9ec733540c3a56d5894b4530247415ae7f8890a7a61aad","prev_hash":"3448ffd10966dac16ebb0bd844fcdbb79ba0c0e87faddaad79a46b292208d35d","record_hash":"bb3e32ef2bb732233bcd9a4cbfc2e1892eddc92c73a566f21571865cf6aa0f92","signature_hex":"37241f6d12125e852698513594aefabd9e1a1b2642661f42fd6edfbe0874ab72cd09ec14c45b17b2ca5dda894b5b5b14f3c05c60b6211615a3eccb1dc1e67508","public_key_hex":"c2f8243b0d573587f285c830a868acd19249d17d59ecbf9329e796dfed6fb630"}
{"seq":96,"ts":1781463600000,"agent_id":"baseline-momentum","symbol":"BTCUSDT","side":"sell","price":63765.265955688,"quantity":0.03136503816027126,"notional_usd":2000.0,"fee_usd":1.2,"balance_before_usd":10828.972125393127,"balance_after_usd":10827.17198536312,"decision":"ALLOW_CAPPED","cert_hash":"fd8c5c11d74e2066fd8e226e1851337233ee42e7dd4e938609813ee0eaf4e5d8","prev_hash":"bb3e32ef2bb732233bcd9a4cbfc2e1892eddc92c73a566f21571865cf6aa0f92","record_hash":"66d52d0e540afac3875135cdbe792bb2e5057a91d80663b10ad94bc9bc05b217","signature_hex":"0bf3bdf05cc825b31e38471b31af3e9ee05b4f36773bf12de3d2b3e7b33e95c4445c08b9d890f6ba642405c7268dbfa0eb6d1399a00da229a5e71c61fe895c00","public_key_hex":"c2f8243b0d573587f285c830a868acd19249d17d59ecbf9329e796dfed6fb630"}
{"seq":97,"ts":1781467200000,"agent_id":"baseline-momentum","symbol":"BTCUSDT","side":"sell","price":63961.30712961,"quantity":0.03126890443228806,"notional_usd":2000.0,"fee_usd":1.2,"balance_before_usd":10825.512105308371,"balance_after_usd":10823.711965278364,"decision":"ALLOW_CAPPED","cert_hash":"bd0b788fd8bd327f9e0e7a8b99421bfc1e264cd722b566a91b9d0f6f0ec2c240","prev_hash":"66d52d0e540afac3875135cdbe792bb2e5057a91d80663b10ad94bc9bc05b217","record_hash":"407db98f4880abd597c16b20336457144695a89b50022efe7aa0b26974056b86","signature_hex":"1d971bf96082680cee3562e4fa8924461136f500b01504ab097dacb982fe6ac1b2227397f8ea42e024cff94553386117288b8fa16e9219813bfa6d1a5d35a90a","public_key_hex":"c2f8243b0d573587f285c830a868acd19249d17d59ecbf9329e796dfed6fb630"}
{"seq":98,"ts":1781470800000,"agent_id":"baseline-momentum","symbol":"BTCUSDT","side":"buy","price":65301.885995646,"quantity":0.0306269867938171,"notional_usd":2000.0,"fee_usd":1.2,"balance_before_usd":10771.98707511987,"balance_after_usd":10770.187215089876,"decision":"ALLOW_CAPPED","cert_hash":"e6ef83f63ff3891dfc541bfb9ae46f2a1443dddf13baef0a2615f0adcd3a889b","prev_hash":"407db98f4880abd597c16b20336457144695a89b50022efe7aa0b26974056b86","record_hash":"88d2ddb5201e1b6951b063c1c5996db32e0ccc398e4c5bffbfca1aa2d0dd9a02","signature_hex":"92e7582307b646bca7c1acda7d291f82603f02dc387f7bf7e3604518563fc37fa81a6a196345a9377832e0792ced6a0c5a10d952d7fcb59a902bd7a14ab4c40e","public_key_hex":"c2f8243b0d573587f285c830a868acd19249d17d59ecbf9329e796dfed6fb630"}
{"seq":99,"ts":1781474400000,"agent_id":"baseline-momentum","symbol":"BTCUSDT","side":"buy","price":65404.916897705996,"quantity":0.03057874078684362,"notional_usd":2000.0,"fee_usd":1.2,"balance_before_usd":10769.249258482654,"balance_after_usd":10767.44939845266,"decision":"ALLOW_CAPPED","cert_hash":"312903fd82848ad27ac181b16268a0406cc66fe2d88026984058f71fbcde1516","prev_hash":"88d2ddb5201e1b6951b063c1c5996db32e0ccc398e4c5bffbfca1aa2d0dd9a02","record_hash":"db3f9327862f36ccb4114ecea38db4a5ed55d41c820e89df76511e4597d2c710","signature_hex":"b3a57530e8f3eb5359eaad0c159c4c4969e4c50f5a281f68a76eb6304eaff4ba26083a97f60d84a39f4e8691703308e7d3e7c7f091ac5ebdcc879c25ce5c7903","public_key_hex":"c2f8243b0d573587f285c830a868acd19249d17d59ecbf9329e796dfed6fb630"}
{"seq":100,"ts":1781478000000,"agent_id":"baseline-momentum","symbol":"BTCUSDT","side":"buy","price":65722.012004046,"quantity":0.030431204691007865,"notional_usd":2000.0,"fee_usd":1.2,"balance_before_usd":10774.256138461806,"balance_after_usd":10772.456278431811,"decision":"ALLOW_CAPPED","cert_hash":"4003c6d2507c76cefecd69e9d2bd2fdabda7d51f1166d689b81193ba789e8e43","prev_hash":"db3f9327862f36ccb4114ecea38db4a5ed55d41c820e89df76511e4597d2c710","record_hash":"ef8dae263f3004b94db6f7731066685989975a2b8b15f94b1fbe3aef431299f9","signature_hex":"ef887934e94c7dba1f2ba14ea1176edc5eee1003eefc1c33d3e15a5e300898a1fbfd279afdae475598b7d36aee7cce6d998fd1458d86c2cdb260915fb0bdab07","public_key_hex":"c2f8243b0d573587f285c830a868acd19249d17d59ecbf9329e796dfed6fb630"}
{"seq":101,"ts":1781481600000,"agent_id":"baseline-momentum","symbol":"BTCUSDT","side":"buy","price":65611.30955694211,"quantity":0.030160685831039338,"notional_usd":1978.88209451,"fee_usd":1.1873292567059999,"balance_before_usd":10766.651059092605,"balance_after_usd":10764.872292149681,"decision":"ALLOW","cert_hash":"2dba13f7abff4c207164f7cff8b4660afb7ce1ea568efa0bca5c0c4da6e1fbe0","prev_hash":"ef8dae263f3004b94db6f7731066685989975a2b8b15f94b1fbe3aef431299f9","record_hash":"bd23e08c88d7a826224b35db88a231d4089b1b021c9999e06fc3887e71d98957","signature_hex":"ce32906661e44c3ac63a6037e2c572a0c5b10f2f29f6718aeb3b99e7675ce536017046b3129b52d0e9f682ff0d00d63490c847eb72976efe5fca44c7f7f48206","public_key_hex":"c2f8243b0d573587f285c830a868acd19249d17d59ecbf9329e796dfed6fb630"}
{"seq":102,"ts":1781607600000,"agent_id":"baseline-momentum","symbol":"BTCUSDT","side":"sell","price":66435.964559118,"quantity":0.030104176454310395,"notional_usd":2000.0,"fee_usd":1.2,"balance_before_usd":10836.885449266716,"balance_after_usd":10835.08530923671,"decision":"ALLOW_CAPPED","cert_hash":"041c2fca30983ddfd19946d2a84ad465b66c68f04e0c014572ea1a9927b307fb","prev_hash":"bd23e08c88d7a826224b35db88a231d4089b1b021c9999e06fc3887e71d98957","record_hash":"748b7dff8f82223e6a49564dceafa0ac7eb083e1dd596c5b25798cf3b292340e","signature_hex":"007c038e1b6ca07369d929928c61636027c06e54f92868dd55c04369c03a6943aab844edc66077795bf4870190b28ed34c5bdc41fe817a09a063afd176574a04","public_key_hex":"c2f8243b0d573587f285c830a868acd19249d17d59ecbf9329e796dfed6fb630"}
{"seq":103,"ts":1781611200000,"agent_id":"baseline-momentum","symbol":"BTCUSDT","side":"sell","price":66375.0828279,"quantity":0.030131789141200484,"notional_usd":2000.0,"fee_usd":1.2,"balance_before_usd":10831.920940363056,"balance_after_usd":10830.120800333048,"decision":"ALLOW_CAPPED","cert_hash":"ca991fca309e7b5d713415ddda6b5e1e1d0d946865ce9f86a87b0741d12cad93","prev_hash":"748b7dff8f82223e6a49564dceafa0ac7eb083e1dd596c5b25798cf3b292340e","record_hash":"6caddd7fb87ca55b9ce3c2533535ea0b44d38638b388a174ebc0e3e340bb3482","signature_hex":"8cd874c5248cde44df0752768a2c25b603a7cc45b682a8d7446e0f2978ff760b8f5cfaa229984407453a7039bcf2f9942a1829d628be07f64240a3b23e9b6108","public_key_hex":"c2f8243b0d573587f285c830a868acd19249d17d59ecbf9329e796dfed6fb630"}
{"seq":104,"ts":1781614800000,"agent_id":"baseline-momentum","symbol":"BTCUSDT","side":"sell","price":66000.49523040601,"quantity":0.030302802926221267,"notional_usd":2000.0,"fee_usd":1.2,"balance_before_usd":10821.941739738071,"balance_after_usd":10820.141599708064,"decision":"ALLOW_CAPPED","cert_hash":"cb9a16ab5ab3d0872d9e5949ba3f1bb31a2c8f6093d7a68e51dc3e8aac9f95ca","prev_hash":"6caddd7fb87ca55b9ce3c2533535ea0b44d38638b388a174ebc0e3e340bb3482","record_hash":"c3080ec83be03a5483f89f0feb744a86da264056e40dea0ff9dcde36582f06cf","signature_hex":"ca88e81f2efeb345fcca5c7173032943ed87414e0d6f909444e7f94daee78952388d96230cfec6e62a1c53a0ceadbeb22ea959c76bdf8afccda2ce4225306d04","public_key_hex":"c2f8243b0d573587f285c830a868acd19249d17d59ecbf9329e796dfed6fb630"}
{"seq":105,"ts":1781618400000,"agent_id":"baseline-momentum","symbol":"BTCUSDT","side":"sell","price":65610.112372596,"quantity":0.03048310584566776,"notional_usd":2000.0,"fee_usd":1.2,"balance_before_usd":10823.450896659777,"balance_after_usd":10821.65075662977,"decision":"ALLOW_CAPPED","cert_hash":"777178b81f81ec7939703a4201049544cca0b9d72ef4b79d433462de02e11176","prev_hash":"c3080ec83be03a5483f89f0feb744a86da264056e40dea0ff9dcde36582f06cf","record_hash":"42bbd01c180014256d8d7395be0fa11f377c34abd02b9908f9f40cece9a6d30a","signature_hex":"278932c1826c03afa9b3f90085cd508ecaaf80eebb09cf2eaf257e7000850a564b5df2dc801f3945d00916e800ee95655bc0728e538e54f5e46b9a7851eeb007","public_key_hex":"c2f8243b0d573587f285c830a868acd19249d17d59ecbf9329e796dfed6fb630"}
{"seq":106,"ts":1781622000000,"agent_id":"baseline-momentum","symbol":"BTCUSDT","side":"sell","price":65814.75096669,"quantity":0.030388324359264612,"notional_usd":2000.0,"fee_usd":1.2,"balance_before_usd":10813.676132248525,"balance_after_usd":10811.875992218518,"decision":"ALLOW_CAPPED","cert_hash":"efff98e1e07cd9341ec9929d55a85d70b9fe2cc82f67df09527f3d712f703865","prev_hash":"42bbd01c180014256d8d7395be0fa11f377c34abd02b9908f9f40cece9a6d30a","record_hash":"d96c8271452b2b4ff41fcb7609e8e359ff18e7ec86f02bdeb60f0d833e2430db","signature_hex":"721cec47fa72d65686b9bae5c8e7360689511d1474550edf039362a01dc12006fc8222d649b032833814e460c49bd8022d6d8b773811dd116838f620c1911208","public_key_hex":"c2f8243b0d573587f285c830a868acd19249d17d59ecbf9329e796dfed6fb630"}
{"seq":107,"ts":1781625600000,"agent_id":"baseline-momentum","symbol":"BTCUSDT","side":"sell","price":65717.05677142693,"quantity":0.01295235459981964,"notional_usd":851.19062256,"fee_usd":0.5107143735359999,"balance_before_usd":10819.014888326477,"balance_after_usd":10818.297671602997,"decision":"ALLOW","cert_hash":"8332eb5a6d4ed0052c2ece490d540ff4f535b220178576d8023055cd8f4242b9","prev_hash":"d96c8271452b2b4ff41fcb7609e8e359ff18e7ec86f02bdeb60f0d833e2430db","record_hash":"ea37801b8eba8975b2308efe80310f23d02069ff8fe42e5b9b8acb4045e2895c","signature_hex":"d146e4b2f2908fb408ffb5b125f92ed437673ca81d73f1d72981151d60eba1734e29314da26dc558eaddaa087ed006aa7689ccfc918e8b892a9a63b1e031af02","public_key_hex":"c2f8243b0d573587f285c830a868acd19249d17d59ecbf9329e796dfed6fb630"}
{"seq":108,"ts":1781755200000,"agent_id":"baseline-momentum","symbol":"BTCUSDT","side":"sell","price":63836.189605036576,"quantity":0.0036368098213005328,"notional_usd":232.16008131,"fee_usd":0.139296048786,"balance_before_usd":10973.76329073788,"balance_after_usd":10973.574859952001,"decision":"ALLOW","cert_hash":"6e9dfc3caf86ab946ff7c0c10f106a39d83b0429cf1eb49722df628c87f6e780","prev_hash":"ea37801b8eba8975b2308efe80310f23d02069ff8fe42e5b9b8acb4045e2895c","record_hash":"3304cd57c457f05f32dacb8a5aca1922950fa8cbc283f23fb9e924c8747a9506","signature_hex":"e2d54d287b71b90ae55b20fd279a2dd24402b326153da07236b3a46cefdbde0dbcdbb6273dba6996bd05acc3406c722e518aa51756e6eca5082cec7e51fcd006","public_key_hex":"c2f8243b0d573587f285c830a868acd19249d17d59ecbf9329e796dfed6fb630"}
{"seq":109,"ts":1781874000000,"agent_id":"baseline-momentum","symbol":"BTCUSDT","side":"buy","price":63192.95346348,"quantity":0.03164909836277592,"notional_usd":2000.0,"fee_usd":1.2,"balance_before_usd":11032.151744200804,"balance_after_usd":11030.351884170808,"decision":"ALLOW_CAPPED","cert_hash":"9186a9640f7609640e2aa6e04027b17fcaa0824fbd854e1d287c057cd9cec755","prev_hash":"3304cd57c457f05f32dacb8a5aca1922950fa8cbc283f23fb9e924c8747a9506","record_hash":"32f6dba3503b5b347f29f08ca4c7a92820ac53c61647d0d8a6e2304f367ea060","signature_hex":"21d3e8308b4a5c5187777ff269c7ac090c0853114ecadfb07a96929d5dab630770e74bb72847221efdb851a2a617fac12338a143e0dcdf7edb45b42691be3a08","public_key_hex":"c2f8243b0d573587f285c830a868acd19249d17d59ecbf9329e796dfed6fb630"}
{"seq":110,"ts":1781877600000,"agent_id":"baseline-momentum","symbol":"BTCUSDT","side":"buy","price":63188.252053386,"quantity":0.03165145315794233,"notional_usd":2000.0,"fee_usd":1.2,"balance_before_usd":11030.607028409835,"balance_after_usd":11028.80716837984,"decision":"ALLOW_CAPPED","cert_hash":"0451d1a117f0e6bf7e51ab030dddab93268bb0fec603f4b1567174586f5d3634","prev_hash":"32f6dba3503b5b347f29f08ca4c7a92820ac53c61647d0d8a6e2304f367ea060","record_hash":"3fae3712e9b20fb2089c5c9bc9141493f7ef89d0b17a9a4119cd9e863e7955ef","signature_hex":"d653c08c86bfd067e511a27377315149238741e9746e57c44973a4983d3ccf00d16dfc2f7595f7c566272dc08f42704b03108abfff2c34056f26f4cc3e572d0c","public_key_hex":"c2f8243b0d573587f285c830a868acd19249d17d59ecbf9329e796dfed6fb630"}
{"seq":111,"ts":1781910000000,"agent_id":"baseline-momentum","symbol":"BTCUSDT","side":"buy","price":63531.855110256,"quantity":0.031480270748101266,"notional_usd":2000.0,"fee_usd":1.2,"balance_before_usd":11021.040746414323,"balance_after_usd":11019.240886384328,"decision":"ALLOW_CAPPED","cert_hash":"d7bf18ca4d3c576bd9d646d1ed9282a68a6a69c63b3790898a8b39ca3fc30d10","prev_hash":"3fae3712e9b20fb2089c5c9bc9141493f7ef89d0b17a9a4119cd9e863e7955ef","record_hash":"0ea3cc679a38555d970d30ead24b109804db459041cadf631ce3fabf315707dc","signature_hex":"4c38afd3738e398ada3bf7b1958220a87f549816e2d68bc1e0edd465a106b51819246a1b2af42e598dc41e6a1a684619c81d6a83b7619a4b867ffcac15fdf104","public_key_hex":"c2f8243b0d573587f285c830a868acd19249d17d59ecbf9329e796dfed6fb630"}
{"seq":112,"ts":1781913600000,"agent_id":"baseline-momentum","symbol":"BTCUSDT","side":"buy","price":63509.948539818,"quantity":0.03149112927947165,"notional_usd":2000.0,"fee_usd":1.2,"balance_before_usd":11019.038179253517,"balance_after_usd":11017.238319223523,"decision":"ALLOW_CAPPED","cert_hash":"cca5bce052c21c55b2497bacfd33015191ddd419f837a54bd4f1eb4fa1076dd4","prev_hash":"0ea3cc679a38555d970d30ead24b109804db459041cadf631ce3fabf315707dc","record_hash":"ec999a41b19bb08138c47e246e137b1beb12a481f4ed3af139491fbdda68ac1b","signature_hex":"5564158067299cbe35224a1cf17433cab5729ad7ae23adfa57a90f52349f9ed96c483eaa33bb4d97e985f680e87fcadc2da6e365d3aa9b772d0728b8a21ae30a","public_key_hex":"c2f8243b0d573587f285c830a868acd19249d17d59ecbf9329e796dfed6fb630"}
{"seq":113,"ts":1781917200000,"agent_id":"baseline-momentum","symbol":"BTCUSDT","side":"buy","price":63564.865010916,"quantity":0.03146392271353899,"notional_usd":2000.0,"fee_usd":1.2,"balance_before_usd":11019.452812007545,"balance_after_usd":11017.65295197755,"decision":"ALLOW_CAPPED","cert_hash":"d3a3e30af2e0b863faf4e0da047b4e75778b2b0d3e2ef4324c1fcd0c98e7b4e8","prev_hash":"ec999a41b19bb08138c47e246e137b1beb12a481f4ed3af139491fbdda68ac1b","record_hash":"5517edb72629ed10f54a4c5308d92c73113489d44a06c775e7b8f7b22fea0844","signature_hex":"4f3ca59e48ea1169c2694d363001a5a7552f312ead7592f5cb6a685820e4841b3eb532633cd43e0df38d4f501ef441c79fa9242005f685ff04b907c1322c310a","public_key_hex":"c2f8243b0d573587f285c830a868acd19249d17d59ecbf9329e796dfed6fb630"}
{"seq":114,"ts":1781924400000,"agent_id":"baseline-momentum","symbol":"BTCUSDT","side":"buy","price":63454.702162518195,"quantity":0.01497167880603757,"notional_usd":950.02341951,"fee_usd":0.5700140517060001,"balance_before_usd":11009.984629998347,"balance_after_usd":11009.179528212859,"decision":"ALLOW","cert_hash":"00081b3d3f6b17f5d13fa8323b18339ee40323635501957fc04dd0a96df805a5","prev_hash":"5517edb72629ed10f54a4c5308d92c73113489d44a06c775e7b8f7b22fea0844","record_hash":"94f402ce9f8e6d2d241587d1e3900d10ad280c6b56bf388a002b39d31cb695a2","signature_hex":"35db19cf8aabd0535f54aa59a61d74bc4b64eae3562680e50942566ca4b36780b56edcfa6062532b59dd4a3f11e80f5adc8100882e8413d4371a3d988c5cfd03","public_key_hex":"c2f8243b0d573587f285c830a868acd19249d17d59ecbf9329e796dfed6fb630"}
