{"seq":0,"ts":1778486400000,"agent_id":"funding-carry","symbol":"BTCUSDT","side":"sell","price":80696.58537441601,"quantity":0.024784196143125513,"notional_usd":2000.0,"fee_usd":1.2,"balance_before_usd":10000.0,"balance_after_usd":9998.199859969993,"decision":"ALLOW_CAPPED","cert_hash":"a9cee0d4e60ec335e0af332476b631a890123adeebfe239908a3ac3bb8ac736d","prev_hash":"0000000000000000000000000000000000000000000000000000000000000000","record_hash":"f7b261ce6d6897563b8faeb159594fd2dcb2bc87326b78719993d1affe6cce9d","signature_hex":"e2b5bbf476e1c2d4f45596533cfb44e16961f14932479636d3139daf311d4de3b8869081c87a297193d53cdfa3a56c72b0df748f881967ada419eaac05a8eb06","public_key_hex":"c2f8243b0d573587f285c830a868acd19249d17d59ecbf9329e796dfed6fb630"}
{"seq":1,"ts":1778490000000,"agent_id":"funding-carry","symbol":"BTCUSDT","side":"sell","price":80901.323938512,"quantity":0.0247214742928073,"notional_usd":2000.0,"fee_usd":1.2,"balance_before_usd":9993.124056599881,"balance_after_usd":9991.323916569874,"decision":"ALLOW_CAPPED","cert_hash":"2ffe885cda2e8eeeff28ce4208ed4b02a12d3f1ff73e98a8faab414b82e707be","prev_hash":"f7b261ce6d6897563b8faeb159594fd2dcb2bc87326b78719993d1affe6cce9d","record_hash":"1372e79cc9624db7fc7aa02b45c82422b5bd94d6d8d6fba72fa3b370265924dd","signature_hex":"186c5572b2b59e9d3cc0eb407279712c21cf3955f579e4061f44b9bfd981cd668a9d730f8bb39a447ef54474eaa7478ab8956132e27d079046deb9fa554d2209","public_key_hex":"c2f8243b0d573587f285c830a868acd19249d17d59ecbf9329e796dfed6fb630"}
{"seq":2,"ts":1778493600000,"agent_id":"funding-carry","symbol":"BTCUSDT","side":"sell","price":80880.91151037534,"quantity":0.012255119158898809,"notional_usd":991.20520824,"fee_usd":0.594723124944,"balance_before_usd":9992.536805495554,"balance_after_usd":9991.69467002462,"decision":"ALLOW","cert_hash":"f53d5c416c31025a435a14fe6a74fd0c133c7276019b5f40f3be81256e096ac9","prev_hash":"1372e79cc9624db7fc7aa02b45c82422b5bd94d6d8d6fba72fa3b370265924dd","record_hash":"d1997384d612938f851ee8d7e91c2e73f447a37eb12c447b0d792f61b0d86250","signature_hex":"0fedfb95cc34d4b4a9c1465252b17036d1416dea8d96a2eadfcf47e1923ba1fd90d015a9eff4311ae069b1819b306c1e1d0e8b6550869c0349bcedb9a2235f04","public_key_hex":"c2f8243b0d573587f285c830a868acd19249d17d59ecbf9329e796dfed6fb630"}
{"seq":3,"ts":1778515200000,"agent_id":"funding-carry","symbol":"BTCUSDT","side":"buy","price":81544.4576304,"quantity":0.0245264982822621,"notional_usd":2000.0,"fee_usd":1.2,"balance_before_usd":9953.49609104222,"balance_after_usd":9951.696231012225,"decision":"ALLOW_CAPPED","cert_hash":"7e10a7327efe996883b14b55591f927cb35b67f09b7e314d9cbcd7dec5124768","prev_hash":"d1997384d612938f851ee8d7e91c2e73f447a37eb12c447b0d792f61b0d86250","record_hash":"4bfa72ed414824c59da0ead5435d847dd0e9efdbbe296f2c2f32a6239130ac76","signature_hex":"61ae5451fadfae106536ef735716fc6f04d1ac2569ec0c5a6cb2ded41d2e49d818437d08b78956734a08694e9fcd11cbd8b585071bf1ccce345f28f8b8ef130d","public_key_hex":"c2f8243b0d573587f285c830a868acd19249d17d59ecbf9329e796dfed6fb630"}
{"seq":4,"ts":1778518800000,"agent_id":"funding-carry","symbol":"BTCUSDT","side":"buy","price":81913.16821777199,"quantity":0.024416098699574867,"notional_usd":2000.0,"fee_usd":1.2,"balance_before_usd":9937.97167123441,"balance_after_usd":9936.171811204416,"decision":"ALLOW_CAPPED","cert_hash":"6f8b09fcea28db470239060312a95c9ab1b486c3eaec23f1b7103829ba614f8c","prev_hash":"4bfa72ed414824c59da0ead5435d847dd0e9efdbbe296f2c2f32a6239130ac76","record_hash":"626e23cae149f0eb5bc1aef7d7494c1d97037789f1723e2d59eb23155fa31520","signature_hex":"d55f1b50b316f6482085cd508ae5a55739db2c6df246fa40bfa0de3778994edd15128b14274247fb61775a6adfa0dc73c0c3b20ef6cc8d884530a4e0cc3cec0c","public_key_hex":"c2f8243b0d573587f285c830a868acd19249d17d59ecbf9329e796dfed6fb630"}
{"seq":5,"ts":1778522400000,"agent_id":"funding-carry","symbol":"BTCUSDT","side":"buy","price":81830.1526233592,"quantity":0.012814957505904159,"notional_usd":1048.64992857,"fee_usd":0.6291899571419999,"balance_before_usd":9937.185730240106,"balance_after_usd":9936.29187779223,"decision":"ALLOW","cert_hash":"b8920548661a4560f56b87dbb7632f9224d3f21fdd78b2b304c894f424788914","prev_hash":"626e23cae149f0eb5bc1aef7d7494c1d97037789f1723e2d59eb23155fa31520","record_hash":"a72041d23cde9c12dbb2da6d23044cab3a53cc55b8cbad79057fc4a6dd1f4bdb","signature_hex":"6387b86b8f1621db32c9188ecad5560ec681dd7599cb8a4f55f5c24ea9a15ce48c5072cfbdd1251553e28756652b3959099ac22b9450bb0e077890e64425b60c","public_key_hex":"c2f8243b0d573587f285c830a868acd19249d17d59ecbf9329e796dfed6fb630"}
{"seq":6,"ts":1778544000000,"agent_id":"funding-carry","symbol":"BTCUSDT","side":"buy","price":81528.45283008,"quantity":0.024531313064021475,"notional_usd":2000.0,"fee_usd":1.2,"balance_before_usd":9936.292839750029,"balance_after_usd":9934.492979720035,"decision":"ALLOW_CAPPED","cert_hash":"74f258df4b8f9e0bba01b426219d901d3b63464d004113becb31aebfb7b2cec0","prev_hash":"a72041d23cde9c12dbb2da6d23044cab3a53cc55b8cbad79057fc4a6dd1f4bdb","record_hash":"e8ee79b042e6d5dff84d7385229182073d47812a92494a220329b56127350239","signature_hex":"a6ccb35fcee03b06fa573d9073cbce378abf6e4264e74cec5438131187d17c81af4e24586b2f2127f0a2b943530ad8024c7588448de8d838936373ff8023f60a","public_key_hex":"c2f8243b0d573587f285c830a868acd19249d17d59ecbf9329e796dfed6fb630"}
{"seq":7,"ts":1778547600000,"agent_id":"funding-carry","symbol":"BTCUSDT","side":"buy","price":81182.148963156,"quantity":0.024635957849646076,"notional_usd":2000.0,"fee_usd":1.2,"balance_before_usd":9926.001359131345,"balance_after_usd":9924.201499101353,"decision":"ALLOW_CAPPED","cert_hash":"736d7e1e2c61db8a016183095bc5c212aba2b469b0eb8a4d3344df463b4d7a8d","prev_hash":"e8ee79b042e6d5dff84d7385229182073d47812a92494a220329b56127350239","record_hash":"6345009da85e4c4a9cc67232bed7c5036f9800a0a4c196e2e483f80c33108fbf","signature_hex":"06339a5453387447ad808978b3a8e585c86905eb9517a8a6d277f574ef4c08e5f5ec34bf1be2ee51abdf3ad4b9a7b6fe95d18984af11dc00304e0969fd244605","public_key_hex":"c2f8243b0d573587f285c830a868acd19249d17d59ecbf9329e796dfed6fb630"}
{"seq":8,"ts":1778551200000,"agent_id":"funding-carry","symbol":"BTCUSDT","side":"buy","price":81244.48715491778,"quantity":0.011944454253610978,"notional_usd":970.42106018,"fee_usd":0.582252636108,"balance_before_usd":9927.47090748249,"balance_after_usd":9926.647530297956,"decision":"ALLOW","cert_hash":"fb00693219917dcba00f6b9a962d381809147c17074bbd63374340efac12d10e","prev_hash":"6345009da85e4c4a9cc67232bed7c5036f9800a0a4c196e2e483f80c33108fbf","record_hash":"f03417379be9eb83c449e5bf7e578c3e01b16ccbe1425fd31b55aec59bb29a1c","signature_hex":"bd191da20e3170d8bd0f1ae60f4376391f26463384c921e4092e537ad14667bb85dbe5e63808623878e9866ef5a5c201038f7c96be3d4024e187928f1a81c30a","public_key_hex":"c2f8243b0d573587f285c830a868acd19249d17d59ecbf9329e796dfed6fb630"}
{"seq":9,"ts":1778572800000,"agent_id":"funding-carry","symbol":"BTCUSDT","side":"sell","price":80790.7571163,"quantity":0.02475530705970434,"notional_usd":2000.0,"fee_usd":1.2,"balance_before_usd":9901.245685189006,"balance_after_usd":9899.445545159,"decision":"ALLOW_CAPPED","cert_hash":"850143148e9e5989eb9d25b6b5793df9b45dffc8abeea0c639a9f7e7913b77f1","prev_hash":"f03417379be9eb83c449e5bf7e578c3e01b16ccbe1425fd31b55aec59bb29a1c","record_hash":"7517c26b57297c4e1f391e8ccd920c710fbf16ba2cc6febd784073f5077745b9","signature_hex":"b08ca9c37e0c7aa8ed1ce505d55b454e8b643c3208398a1b9680d28881579c9c6508339ac26e6883d77abe1806657929984494637680a16e5ca488b969119905","public_key_hex":"c2f8243b0d573587f285c830a868acd19249d17d59ecbf9329e796dfed6fb630"}
{"seq":10,"ts":1778576400000,"agent_id":"funding-carry","symbol":"BTCUSDT","side":"sell","price":80786.25846621001,"quantity":0.024756685579596784,"notional_usd":2000.0,"fee_usd":1.2,"balance_before_usd":9899.281955835499,"balance_after_usd":9897.481815805491,"decision":"ALLOW_CAPPED","cert_hash":"cc16bd6a62e51ac10792a6656308678fa0988cb733868b89d9b0bce26080f736","prev_hash":"7517c26b57297c4e1f391e8ccd920c710fbf16ba2cc6febd784073f5077745b9","record_hash":"7b96ebfe1d328d76fb7b5c44c8eac7673a88f97a1c8e2c32a410dc12df578f8d","signature_hex":"bbc7ebc792a44c09b214038a06f859f0500fb0a41ad0c14a8a55376f8f3b9210c44609f18d146a041b9fae9c75d5562136d47f13d216e394bc1d06b573fa3b01","public_key_hex":"c2f8243b0d573587f285c830a868acd19249d17d59ecbf9329e796dfed6fb630"}
{"seq":11,"ts":1778580000000,"agent_id":"funding-carry","symbol":"BTCUSDT","side":"sell","price":80627.90040341658,"quantity":0.011599359527168956,"notional_usd":935.2320047,"fee_usd":0.56113920282,"balance_before_usd":9895.595065675114,"balance_after_usd":9894.803103897077,"decision":"ALLOW","cert_hash":"0a817331c05350fa5ddf70c20a4417aa38df11cd45bc51e0d3a0439733844b3a","prev_hash":"7b96ebfe1d328d76fb7b5c44c8eac7673a88f97a1c8e2c32a410dc12df578f8d","record_hash":"c07830bd4c8ab39e0200d4db96ea1eb99a9f90c3237b48e2ee64ceb24c397d16","signature_hex":"e896cd1b169862111f53c95e7e831555d3bc37684216491711110c3bfe96ec06fe2365d5f011df748be9928a5b62a0684f517983a440717e3834e03e9a0ca108","public_key_hex":"c2f8243b0d573587f285c830a868acd19249d17d59ecbf9329e796dfed6fb630"}
{"seq":12,"ts":1778659200000,"agent_id":"funding-carry","symbol":"BTCUSDT","side":"buy","price":81174.346623,"quantity":0.024638325816019793,"notional_usd":2000.0,"fee_usd":1.2,"balance_before_usd":9894.801655831243,"balance_after_usd":9893.001795801249,"decision":"ALLOW_CAPPED","cert_hash":"631d996d434ff24d5ef3b467d4b095ac644013bf3e73bf7923ea64b1c08632c2","prev_hash":"c07830bd4c8ab39e0200d4db96ea1eb99a9f90c3237b48e2ee64ceb24c397d16","record_hash":"aae4ee29a65647da2968901d34f273d3b53e0a0de0f5a6220628b1524a35d5c2","signature_hex":"ecd98b521733e4d6f037398de96194929f07dea8af86997c8ebafac20709cef70e2eba9eb5c8a777966de485d6be00cd2070b5fea47cde0d6ccbe29ea8de7407","public_key_hex":"c2f8243b0d573587f285c830a868acd19249d17d59ecbf9329e796dfed6fb630"}
{"seq":13,"ts":1778662800000,"agent_id":"funding-carry","symbol":"BTCUSDT","side":"buy","price":81274.276594998,"quantity":0.024608032009516397,"notional_usd":2000.0,"fee_usd":1.2,"balance_before_usd":9895.46287862585,"balance_after_usd":9893.663018595857,"decision":"ALLOW_CAPPED","cert_hash":"34b4bc78b8c6e8d33190e181d178002e0b353ee888ef986cc67bd1f3a940005b","prev_hash":"aae4ee29a65647da2968901d34f273d3b53e0a0de0f5a6220628b1524a35d5c2","record_hash":"6a2b172cd1b2885813ecc6a69168012993c2cf19d449e5fca8aa528b776e8ed6","signature_hex":"913a7c7ea1f48f75b8de6426b893957a040775d1a546a9b5c3b07f8c764ae5357665b2053f70c0e39292fd7a9d5121ee48de5e3f7a6bdac05e3d21e148e5f500","public_key_hex":"c2f8243b0d573587f285c830a868acd19249d17d59ecbf9329e796dfed6fb630"}
{"seq":14,"ts":1778666400000,"agent_id":"funding-carry","symbol":"BTCUSDT","side":"buy","price":80800.02402066019,"quantity":0.011848661895635135,"notional_usd":957.37216578,"fee_usd":0.574423299468,"balance_before_usd":9870.52349995738,"balance_after_usd":9869.711818807318,"decision":"ALLOW","cert_hash":"ef4c3dbd32dd62503c8b903f88e3a13c5fb95ee862ba2891528398e6bb9b8096","prev_hash":"6a2b172cd1b2885813ecc6a69168012993c2cf19d449e5fca8aa528b776e8ed6","record_hash":"e0efb0799ea2a3bd20b511d1baef6804f053cdd89222dabf04e1b4698db764b5","signature_hex":"eb7f2a2b118ac9e81d33164d9e54d9d97f9affded9d029cae3cd9c0dafff96da6d95e9ba4b3d881ec31bf176d659aa71f2122bdfc1a0b64dd9bc5f4423d30a0d","public_key_hex":"c2f8243b0d573587f285c830a868acd19249d17d59ecbf9329e796dfed6fb630"}
{"seq":15,"ts":1778688000000,"agent_id":"funding-carry","symbol":"BTCUSDT","side":"sell","price":79082.969572134,"quantity":0.02528989504087525,"notional_usd":2000.0,"fee_usd":1.2,"balance_before_usd":9767.003031571843,"balance_after_usd":9765.202891541838,"decision":"ALLOW_CAPPED","cert_hash":"20c38cc182905970af94acdefc6581e0bd502bfb4d55fe5ea8b1cb507ff3771a","prev_hash":"e0efb0799ea2a3bd20b511d1baef6804f053cdd89222dabf04e1b4698db764b5","record_hash":"e79d6e81b52cd60a2a3303035877daf48f8b7db91cbdeea88156110462154e4f","signature_hex":"5bf322dcffd89be1b4078fe935df472426a14757f237cbe98f10e1dae7465ee91a09458b71329a8b98a529bbf2681bbf207af628c6ecde654e293acea3d24900","public_key_hex":"c2f8243b0d573587f285c830a868acd19249d17d59ecbf9329e796dfed6fb630"}
{"seq":16,"ts":1778691600000,"agent_id":"funding-carry","symbol":"BTCUSDT","side":"sell","price":79480.15039008,"quantity":0.02516351554676502,"notional_usd":2000.0,"fee_usd":1.2,"balance_before_usd":9779.427130462494,"balance_after_usd":9777.626990432487,"decision":"ALLOW_CAPPED","cert_hash":"ea31ed5526cf0dbc0084ec1eca2e9b1908f50881adc95a7b89e3f65bce21fabc","prev_hash":"e79d6e81b52cd60a2a3303035877daf48f8b7db91cbdeea88156110462154e4f","record_hash":"186acedf6e186653675e1438395139cbd16b3cfcb72af62fba529d152058a2ca","signature_hex":"b370b98fc4a5bf7af534fa78eb3e67c1b5e85804adda88e01c22f4e9455b0e991799d8faa4437145b6d1d674636f4fd6a16ada59604e25111a113b7147cdb500","public_key_hex":"c2f8243b0d573587f285c830a868acd19249d17d59ecbf9329e796dfed6fb630"}
{"seq":17,"ts":1778695200000,"agent_id":"funding-carry","symbol":"BTCUSDT","side":"sell","price":79544.431101366,"quantity":0.025143180638897727,"notional_usd":2000.0,"fee_usd":1.2,"balance_before_usd":9778.31106186634,"balance_after_usd":9776.510921836332,"decision":"ALLOW_CAPPED","cert_hash":"30a5ff46e981b2eb880706bdd70b7c491c1ec9b8e452b00aac63e3e4c807b713","prev_hash":"186acedf6e186653675e1438395139cbd16b3cfcb72af62fba529d152058a2ca","record_hash":"3dece72a0e8be623c1f794282b08e006cb2272f7ece51bc1d8556261cd1b4acd","signature_hex":"4c21b0ff4a9c567a05c9515c05440e17fdd82f0b631013f7562d75c351eea0d8db78833a5cc1b3325605ffe5345c7026dceb8cc772aa06be55d8a97bbdc05409","public_key_hex":"c2f8243b0d573587f285c830a868acd19249d17d59ecbf9329e796dfed6fb630"}
{"seq":18,"ts":1778698800000,"agent_id":"funding-carry","symbol":"BTCUSDT","side":"sell","price":79592.716612332,"quantity":0.02512792734216239,"notional_usd":2000.0,"fee_usd":1.2,"balance_before_usd":9775.81035769289,"balance_after_usd":9774.010217662882,"decision":"ALLOW_CAPPED","cert_hash":"db2a1168ec10f7f9b262c098b5cc5d5e21d34ab993ae2054c0b11c2f44547b1f","prev_hash":"3dece72a0e8be623c1f794282b08e006cb2272f7ece51bc1d8556261cd1b4acd","record_hash":"d8b4602f77ba76efad43b3e91742047deac80127fe8a8881051672996b17a76b","signature_hex":"5b76ede1cdd0506bd38159d88a73b6a9722da7342853ec9b24ae2b7286320db9bb5c6d9ceca3780fa6362c081dbd66e44ae492638d770365620ae3dcec530609","public_key_hex":"c2f8243b0d573587f285c830a868acd19249d17d59ecbf9329e796dfed6fb630"}
{"seq":19,"ts":1778702400000,"agent_id":"funding-carry","symbol":"BTCUSDT","side":"sell","price":79649.0821632632,"quantity":0.021699230279104965,"notional_usd":1728.32377538,"fee_usd":1.0369942652279998,"balance_before_usd":9771.818548102137,"balance_after_usd":9770.286424343087,"decision":"ALLOW","cert_hash":"d7003e285c40a01f2a8b96038472e9bfac836a5d6ef3085378c95b73f850ee15","prev_hash":"d8b4602f77ba76efad43b3e91742047deac80127fe8a8881051672996b17a76b","record_hash":"137ad0d2a5ef654da1238a0a6601e3af3a3ffad6aba35f8ab8a872c8839d1139","signature_hex":"7cbcf905bc64320d1ffa3c0aad367474061c465650336724b890fbafbdcc348b13100b3b27e2f685e38b0a10af6e6bb30f576a8eb58f847133d66135370e060a","public_key_hex":"c2f8243b0d573587f285c830a868acd19249d17d59ecbf9329e796dfed6fb630"}
{"seq":20,"ts":1778716800000,"agent_id":"funding-carry","symbol":"BTCUSDT","side":"buy","price":79560.062450724,"quantity":0.025138240700083813,"notional_usd":2000.0,"fee_usd":1.2,"balance_before_usd":9779.057904790403,"balance_after_usd":9777.258044760409,"decision":"ALLOW_CAPPED","cert_hash":"b289821421a5bc021ae93da5ef23d9388ae502b43d4aae3be59293e43960b83d","prev_hash":"137ad0d2a5ef654da1238a0a6601e3af3a3ffad6aba35f8ab8a872c8839d1139","record_hash":"9286478a897f6f166e7704f2df3d79174a73b576caa7ff65ff1d75d505e81939","signature_hex":"f22916392a9d8805255d2eabed19c819ff20a60f105b759ed4fd21211d9e97ce1a3f856033f3083d7d19b15d471f02fb18a9412b9be4ebf33afc0bbbf817640c","public_key_hex":"c2f8243b0d573587f285c830a868acd19249d17d59ecbf9329e796dfed6fb630"}
{"seq":21,"ts":1778720400000,"agent_id":"funding-carry","symbol":"BTCUSDT","side":"buy","price":79583.8695912,"quantity":0.0251307207135496,"notional_usd":2000.0,"fee_usd":1.2,"balance_before_usd":9776.396643017728,"balance_after_usd":9774.596782987732,"decision":"ALLOW_CAPPED","cert_hash":"112db7d6e47d9b5faa183115389d7acaef9408fa79d41b5f7896f3a49400f6ef","prev_hash":"9286478a897f6f166e7704f2df3d79174a73b576caa7ff65ff1d75d505e81939","record_hash":"dabb7094615731adf84110a2655356ebcdc34244a27f3d2e960f8ce6e456ca67","signature_hex":"85477075d52a0e0bdde6b2a05ab4ef12ed80855ba05ae73c88144762a6a43f203521b86bf1ee750bf36ea98eafda95ef161bb56c04de8a47c411abab05f1a904","public_key_hex":"c2f8243b0d573587f285c830a868acd19249d17d59ecbf9329e796dfed6fb630"}
{"seq":22,"ts":1778724000000,"agent_id":"funding-carry","symbol":"BTCUSDT","side":"buy","price":79351.24868232783,"quantity":0.011059932353092926,"notional_usd":877.61944256,"fee_usd":0.526571665536,"balance_before_usd":9777.120168849511,"balance_after_usd":9776.379602066307,"decision":"ALLOW","cert_hash":"2cf2c0a54dfc99036e2917726233f18b7fa5eb320e63b266e265fa9b8a47bf71","prev_hash":"dabb7094615731adf84110a2655356ebcdc34244a27f3d2e960f8ce6e456ca67","record_hash":"9d9949ea3f40ee15f4d559afee5858cb34314812b9eed90aa7174761332c2b18","signature_hex":"e5282e22bf93af17b162e97f084130b6d5b4ea422034496a27606491a3e3a2fe9cedf908c6bc6fc173466f512676ea4256da6992820153fe03e95d4f21329605","public_key_hex":"c2f8243b0d573587f285c830a868acd19249d17d59ecbf9329e796dfed6fb630"}
{"seq":23,"ts":1778832000000,"agent_id":"funding-carry","symbol":"BTCUSDT","side":"sell","price":80589.81741228,"quantity":0.024817031037164837,"notional_usd":2000.0,"fee_usd":1.2,"balance_before_usd":9776.376133659713,"balance_after_usd":9774.575993629705,"decision":"ALLOW_CAPPED","cert_hash":"bcb83bcae6dccad275add7db7809e144e218c952adcb06c542119b8937f6130e","prev_hash":"9d9949ea3f40ee15f4d559afee5858cb34314812b9eed90aa7174761332c2b18","record_hash":"054d53ced89d3fa04f28a1f2480c53e8662b6cfe94283fd67fd115319c4821d0","signature_hex":"a83b5fea5f80588a38db2b56199296686a7ff232bdbcbf2febf762a70b46066bc4ccf0bd80d4854b15f329484671541557f5e56770a01d6f3b77e7afc198da0a","public_key_hex":"c2f8243b0d573587f285c830a868acd19249d17d59ecbf9329e796dfed6fb630"}
{"seq":24,"ts":1778835600000,"agent_id":"funding-carry","symbol":"BTCUSDT","side":"sell","price":80429.765439078,"quantity":0.02486641592303178,"notional_usd":2000.0,"fee_usd":1.2,"balance_before_usd":9778.549632163093,"balance_after_usd":9776.749492133085,"decision":"ALLOW_CAPPED","cert_hash":"9592025352e94b5005cbd9b5fd2c77941912bfb77c15a5b59c57fe6ed0eb3f34","prev_hash":"054d53ced89d3fa04f28a1f2480c53e8662b6cfe94283fd67fd115319c4821d0","record_hash":"12cc4bedde4307bbef7402b444491a6435c8f76c2224b896a068c991f2f76690","signature_hex":"47e5a479d77cb853539ea52ff598bc8aeb4b9ef888745b1f3e003daf813a2d39a08bc2058a87ddf2ac77baf2c43c26e9f1a9a55476c478d3fdb11075ec2fec00","public_key_hex":"c2f8243b0d573587f285c830a868acd19249d17d59ecbf9329e796dfed6fb630"}
{"seq":25,"ts":1778839200000,"agent_id":"funding-carry","symbol":"BTCUSDT","side":"sell","price":80662.1392248052,"quantity":0.010834642509223764,"notional_usd":873.94544253,"fee_usd":0.5243672655180001,"balance_before_usd":9765.426019818311,"balance_after_usd":9764.688635082102,"decision":"ALLOW","cert_hash":"434fa20c2aa9a5a8812154db46630dda02118f1c0ebe50b675cd16e6aa8b3554","prev_hash":"12cc4bedde4307bbef7402b444491a6435c8f76c2224b896a068c991f2f76690","record_hash":"641140fff2b2d08fe34ad3921c0cd366eaa066728c6b07f2ea75604f09d687d1","signature_hex":"3e484d6ab01921c8405c99466c899c41e8b053baed6209340ab98ad9471aeab840376bd08ec5b5a5632e522e9ccd789e6c2987a2a47c7818f12a22691f4a0802","public_key_hex":"c2f8243b0d573587f285c830a868acd19249d17d59ecbf9329e796dfed6fb630"}
{"seq":26,"ts":1778914800000,"agent_id":"funding-carry","symbol":"BTCUSDT","side":"sell","price":78333.50199749344,"quantity":0.0027010292889340028,"notional_usd":211.5810832,"fee_usd":0.12694864992,"balance_before_usd":9906.76947920813,"balance_after_usd":9906.597968970229,"decision":"ALLOW","cert_hash":"70aeef7494b4b8ecd90d4195c8a13a2180d09aef3c99c3112663898f8c537a67","prev_hash":"641140fff2b2d08fe34ad3921c0cd366eaa066728c6b07f2ea75604f09d687d1","record_hash":"81ef141144da4c0c62082953d39a8f3c067642cd843a25d7341dc8de4e153e29","signature_hex":"29dbdaa18a55531e1f806cc7bd867b75418864303393b89f952aed477fc50fda7a0aa34f0add94cb47d77965edae76a7db9381a3b6216ea399856e1938ba3e0a","public_key_hex":"c2f8243b0d573587f285c830a868acd19249d17d59ecbf9329e796dfed6fb630"}
{"seq":27,"ts":1779033600000,"agent_id":"funding-carry","symbol":"BTCUSDT","side":"buy","price":78023.30152999799,"quantity":0.025633367991112894,"notional_usd":2000.0,"fee_usd":1.2,"balance_before_usd":9930.994115583106,"balance_after_usd":9929.194255553111,"decision":"ALLOW_CAPPED","cert_hash":"a78b11a6f58f2866a5b8c08f4a5357f8771c0d3e0cf50bc417118f9978013b87","prev_hash":"81ef141144da4c0c62082953d39a8f3c067642cd843a25d7341dc8de4e153e29","record_hash":"14f81c336f468a8acd4c0c1e27fcb8e875380c671655dda4cf08e2759588a3e3","signature_hex":"337ff57c91e241ae7dd771cfabddb952644e08fb7fe498cea3f2e60548c6b9aa82566c79da9477f1f51d59a16de88e17ae0d3f0b4ee7f71ee8ceb8045f908704","public_key_hex":"c2f8243b0d573587f285c830a868acd19249d17d59ecbf9329e796dfed6fb630"}
{"seq":28,"ts":1779037200000,"agent_id":"funding-carry","symbol":"BTCUSDT","side":"buy","price":78077.91791109,"quantity":0.02561543716211117,"notional_usd":2000.0,"fee_usd":1.2,"balance_before_usd":9927.141926279566,"balance_after_usd":9925.342066249572,"decision":"ALLOW_CAPPED","cert_hash":"c50c5a83d288e6ce08a1b606bb3f014ed4569065ec7c770a7fa279aa976f01e6","prev_hash":"14f81c336f468a8acd4c0c1e27fcb8e875380c671655dda4cf08e2759588a3e3","record_hash":"3e8e9492680c0b1257e1c2b1d2492af6c0b50a058196e3120d108ebcf42cbf69","signature_hex":"1f7ac8ac6bc1c006d48741228e0ed36b01f09a1a744359f0c3a05a6adfde389e6ba1fd1a7d151e9434bcbdb87d60a43f2917a5eea2b80df9434a3168fcb96f0b","public_key_hex":"c2f8243b0d573587f285c830a868acd19249d17d59ecbf9329e796dfed6fb630"}
{"seq":29,"ts":1779040800000,"agent_id":"funding-carry","symbol":"BTCUSDT","side":"buy","price":78252.31173094657,"quantity":0.01197005627591661,"notional_usd":936.68457514,"fee_usd":0.562010745084,"balance_before_usd":9923.20488377334,"balance_after_usd":9922.411710522041,"decision":"ALLOW","cert_hash":"2b17b1b0e8ad392fb2d37d89389c18fec28ca0941ddf9df58513a016270a1b78","prev_hash":"3e8e9492680c0b1257e1c2b1d2492af6c0b50a058196e3120d108ebcf42cbf69","record_hash":"d96a19e84d8d3f31183068235666d93e211ec6bcbb90ffbfca6031b490c9de63","signature_hex":"f1bbad55e769afeaa29b465bb69b6cd7548fb68801919620189a08267508bb7d7428b7af6c5ae2f653bcf7ed218e8f64ada9f74bf03baa4ababead1b6e64c10a","public_key_hex":"c2f8243b0d573587f285c830a868acd19249d17d59ecbf9329e796dfed6fb630"}
{"seq":30,"ts":1779091200000,"agent_id":"funding-carry","symbol":"BTCUSDT","side":"sell","price":76986.8985402,"quantity":0.025978446176210965,"notional_usd":2000.0,"fee_usd":1.2,"balance_before_usd":9922.415368200509,"balance_after_usd":9920.6152281705,"decision":"ALLOW_CAPPED","cert_hash":"303939b219374042a11b6e1be38aefbc448e110bcd990d551de9f934c936e23e","prev_hash":"d96a19e84d8d3f31183068235666d93e211ec6bcbb90ffbfca6031b490c9de63","record_hash":"64b41d490541bd34175630b2eb12edb9233f5c0dcd4a52f23153b9b4f0c55c81","signature_hex":"da402751dd08b159edef5176f275caee8cc9d14baee96a9c6d241af1e30bbd1b54739e2b438e95a69ac26a61fba55a9f662f51c549eb272bc9fe2824889afe0e","public_key_hex":"c2f8243b0d573587f285c830a868acd19249d17d59ecbf9329e796dfed6fb630"}
{"seq":31,"ts":1779094800000,"agent_id":"funding-carry","symbol":"BTCUSDT","side":"sell","price":76887.328418208,"quantity":0.026012088612593437,"notional_usd":2000.0,"fee_usd":1.2,"balance_before_usd":9923.202975707274,"balance_after_usd":9921.402835677267,"decision":"ALLOW_CAPPED","cert_hash":"375b384d0841728a0c9eb217fa93481c3c546e0536054c0b50c2288879756306","prev_hash":"64b41d490541bd34175630b2eb12edb9233f5c0dcd4a52f23153b9b4f0c55c81","record_hash":"af46688df2627d53dad9cb435948f2654171cf91a99f7708afa31a08ca335826","signature_hex":"d2d0552fc440bfaf15e8005fe0dc66b4b3ddcf8366586aefefe6f9f7c41ffb9c28ef017047feb4e0bd574c15ab75cf5ee18d8c300693e706597c8a0c98dac40b","public_key_hex":"c2f8243b0d573587f285c830a868acd19249d17d59ecbf9329e796dfed6fb630"}
{"seq":32,"ts":1779098400000,"agent_id":"funding-carry","symbol":"BTCUSDT","side":"sell","price":76728.81188667098,"quantity":0.012701027497329098,"notional_usd":974.53474961,"fee_usd":0.584720849766,"balance_before_usd":9929.8517777347,"balance_after_usd":9929.024618232672,"decision":"ALLOW","cert_hash":"011bbf34791ec9ce2d942b9155b64e2e378b61236aca2a8d3cbb64807b242550","prev_hash":"af46688df2627d53dad9cb435948f2654171cf91a99f7708afa31a08ca335826","record_hash":"357a68b41cc92f98b4a2dbf4bd5441efa03a7411869a15b5e2c9a1f8ae2c570f","signature_hex":"c95c2c97e95a06b231e2d6470fe571a9b5265710dfe01913ddac0904a01cc767712dac3e2760f531019df32ef63866b92b7049036abc27de8e7d1f09de2c1408","public_key_hex":"c2f8243b0d573587f285c830a868acd19249d17d59ecbf9329e796dfed6fb630"}
{"seq":33,"ts":1779148800000,"agent_id":"funding-carry","symbol":"BTCUSDT","side":"buy","price":77125.032112038,"quantity":0.025931917890090986,"notional_usd":2000.0,"fee_usd":1.2,"balance_before_usd":9906.821488946962,"balance_after_usd":9905.021628916968,"decision":"ALLOW_CAPPED","cert_hash":"1a2665758687a2b466b578367cbd10e30210f3915448fdb9a5bf14853e79c28c","prev_hash":"357a68b41cc92f98b4a2dbf4bd5441efa03a7411869a15b5e2c9a1f8ae2c570f","record_hash":"d67cea3077b5d1afd30aa1fba39166b0fe053d3e369a3c6ba270c24d61ef0adb","signature_hex":"069bfa093c135463543e8373a89aa83ac53dd64c3f4ba7abd9ba99d6cb4b1694a8575cf07272357674c54995ac7c83d46e7bbef72552b5ae5a693ae1af105c02","public_key_hex":"c2f8243b0d573587f285c830a868acd19249d17d59ecbf9329e796dfed6fb630"}
{"seq":34,"ts":1779152400000,"agent_id":"funding-carry","symbol":"BTCUSDT","side":"buy","price":76651.790172576,"quantity":0.026092019449214996,"notional_usd":2000.0,"fee_usd":1.2,"balance_before_usd":9923.360214594439,"balance_after_usd":9921.560354564444,"decision":"ALLOW_CAPPED","cert_hash":"9aeb0e7edb0c112ae95ae8eaaf5221116bbd4ab6f67f634b7b83960bb613092f","prev_hash":"d67cea3077b5d1afd30aa1fba39166b0fe053d3e369a3c6ba270c24d61ef0adb","record_hash":"32c54f40cc15658e0b3c1a4b6cefc31f7a6f5a5c65c86733157047e360d41b1a","signature_hex":"cdede512659051f6ab09b11bf345ced5050333965e9501c0b89324a2331149c395a44ea1dce2823ce72c95ced80ae001e78615ebf75ef8ef3a9c29634f18c50c","public_key_hex":"c2f8243b0d573587f285c830a868acd19249d17d59ecbf9329e796dfed6fb630"}
{"seq":35,"ts":1779156000000,"agent_id":"funding-carry","symbol":"BTCUSDT","side":"buy","price":76599.03246579706,"quantity":0.012667431499128443,"notional_usd":970.31299666,"fee_usd":0.582187797996,"balance_before_usd":9922.178678855866,"balance_after_usd":9921.355398601127,"decision":"ALLOW","cert_hash":"f8921a51cf066c0643db9ee755168714f8fdd45df9a502499868145afb7f9448","prev_hash":"32c54f40cc15658e0b3c1a4b6cefc31f7a6f5a5c65c86733157047e360d41b1a","record_hash":"acc2c8b76da550d3dcce4fb930092518b130549989b9b4ebabf67f3368c23fd2","signature_hex":"78b4f6511504fb89bddc02ea157c22e768f994bd666cb78c40751117b666254ea75f2dff237ede1fb11480e10c6460b58e0ec1580d51368d1e5c77800767d907","public_key_hex":"c2f8243b0d573587f285c830a868acd19249d17d59ecbf9329e796dfed6fb630"}
{"seq":36,"ts":1779206400000,"agent_id":"funding-carry","symbol":"BTCUSDT","side":"sell","price":76847.740297416,"quantity":0.02602548874253951,"notional_usd":2000.0,"fee_usd":1.2,"balance_before_usd":9921.354518445254,"balance_after_usd":9919.554378415247,"decision":"ALLOW_CAPPED","cert_hash":"f3592d205ba782b313806dcb359517b2fe136e81d6fd27f2c96cffc9d7930f02","prev_hash":"acc2c8b76da550d3dcce4fb930092518b130549989b9b4ebabf67f3368c23fd2","record_hash":"78e3089f6ebd72339fa86f417a15cdf886acf9ac497462a35ba00eb36e957c9e","signature_hex":"ee4b1251dd656fc2c56e61982301a8d3112199c9bc1f673482558dfab4fbcf1fc0b85aad894558ed6a25a62046bb1ccc8bfe66e7a357118d21337f98e016a10d","public_key_hex":"c2f8243b0d573587f285c830a868acd19249d17d59ecbf9329e796dfed6fb630"}
{"seq":37,"ts":1779210000000,"agent_id":"funding-carry","symbol":"BTCUSDT","side":"sell","price":76802.15397650399,"quantity":0.02604093630774806,"notional_usd":2000.0,"fee_usd":1.2,"balance_before_usd":9920.741284261792,"balance_after_usd":9918.941144231787,"decision":"ALLOW_CAPPED","cert_hash":"6e4b34bec5f0136216c88a88ad17e7176f68a44c520caa76ba0ba28aaa5c8a48","prev_hash":"78e3089f6ebd72339fa86f417a15cdf886acf9ac497462a35ba00eb36e957c9e","record_hash":"e53e142463e6b8014d7a572801fa14f7546eb8a1d5bf86a320761d18547639df","signature_hex":"968b6d73b8e45986a21b68e90c20a66df2dcd6d21f3112658ce7d94306b9999ed35a0a5ba450adf4c617ec5a7b79a6eec7a16bd2a5bb9a979a92949bb210a40b","public_key_hex":"c2f8243b0d573587f285c830a868acd19249d17d59ecbf9329e796dfed6fb630"}
{"seq":38,"ts":1779213600000,"agent_id":"funding-carry","symbol":"BTCUSDT","side":"sell","price":76756.74894036667,"quantity":0.012547086199133115,"notional_usd":963.07354532,"fee_usd":0.577844127192,"balance_before_usd":9921.51338115248,"balance_after_usd":9920.696501737882,"decision":"ALLOW","cert_hash":"96dabab3210a593ba96186e46fa296a652ed4a62f507aaa7926de7766d06cc94","prev_hash":"e53e142463e6b8014d7a572801fa14f7546eb8a1d5bf86a320761d18547639df","record_hash":"667f278e686a673172f5621aa9ab6e6e0914cc07ed1a26e37c07c855112c6823","signature_hex":"a9ecb35ef2a0da9ae56cec56b66cd7b64ab032c26806b0e06f9c62057cec6ad373dcc90484b68260e8c0076932b1bf22fbcc08932b4f8c08cde9c7da4e578d00","public_key_hex":"c2f8243b0d573587f285c830a868acd19249d17d59ecbf9329e796dfed6fb630"}
{"seq":39,"ts":1779235200000,"agent_id":"funding-carry","symbol":"BTCUSDT","side":"buy","price":76786.130465262,"quantity":0.026046370456247938,"notional_usd":2000.0,"fee_usd":1.2,"balance_before_usd":9921.953628721734,"balance_after_usd":9920.15376869174,"decision":"ALLOW_CAPPED","cert_hash":"7972aa7e4097afb87a8c7051b130fca1ebe4b43246a5875ce620be140fed5cca","prev_hash":"667f278e686a673172f5621aa9ab6e6e0914cc07ed1a26e37c07c855112c6823","record_hash":"9606741f1baecb0391dd0f2e2f1a07b4b2acc7dfd67be8116d94077aa885a9d2","signature_hex":"36f9cbb10d0e72756d3f61ff4e3e4f35fa3b5cc0b9d50581c79e8a1c1a9952ec7059126eab953342154297abf677075835d617247293b928b25a950379847c0b","public_key_hex":"c2f8243b0d573587f285c830a868acd19249d17d59ecbf9329e796dfed6fb630"}
{"seq":40,"ts":1779238800000,"agent_id":"funding-carry","symbol":"BTCUSDT","side":"buy","price":76809.937605738,"quantity":0.02603829741752833,"notional_usd":2000.0,"fee_usd":1.2,"balance_before_usd":9919.235795812678,"balance_after_usd":9917.435935782683,"decision":"ALLOW_CAPPED","cert_hash":"f5eb0d9eaabfde274323f18093b3f92863ea63ac10867e100466772dcd35b476","prev_hash":"9606741f1baecb0391dd0f2e2f1a07b4b2acc7dfd67be8116d94077aa885a9d2","record_hash":"3e573a0818b1d5b669b7dd4c3c3408a2bee8fe9956d9d8d93c57336c6fef9ee4","signature_hex":"1e3392cd87e443982198a9888c969124b93fae9c65c8ecc73b320f943829b498991d67fddba03956eb2e391282e95f972f914b02c64ecf95012869117bde1904","public_key_hex":"c2f8243b0d573587f285c830a868acd19249d17d59ecbf9329e796dfed6fb630"}
{"seq":41,"ts":1779242400000,"agent_id":"funding-carry","symbol":"BTCUSDT","side":"buy","price":76678.41532977982,"quantity":0.012528883834756196,"notional_usd":960.6949583,"fee_usd":0.57641697498,"balance_before_usd":9919.033764714073,"balance_after_usd":9918.2191068812,"decision":"ALLOW","cert_hash":"6ee5d29dd69b69ac79261795ce1a7d63069467bbe4055e63869be72b34ad04bb","prev_hash":"3e573a0818b1d5b669b7dd4c3c3408a2bee8fe9956d9d8d93c57336c6fef9ee4","record_hash":"d8e680a1e50e7d18e9d4a5273880d3016e93f3e174db82672d570858a8db4485","signature_hex":"abbdf6e6ee7a0347ca4e58b7d0803d6ad9cead978ceb80926b0a4d133bf62fa7aec12be35eb7da213e5f964ed3f59b159ed86c5a426e346ae0304d746daf710c","public_key_hex":"c2f8243b0d573587f285c830a868acd19249d17d59ecbf9329e796dfed6fb630"}
{"seq":42,"ts":1779321600000,"agent_id":"funding-carry","symbol":"BTCUSDT","side":"sell","price":77900.52438847799,"quantity":0.025673768125440415,"notional_usd":2000.0,"fee_usd":1.2,"balance_before_usd":9918.215235442656,"balance_after_usd":9916.415095412649,"decision":"ALLOW_CAPPED","cert_hash":"9dcea299cb5d9191c8ee9993d9ffd377b9ed51ba03d8efa14651878de6608051","prev_hash":"d8e680a1e50e7d18e9d4a5273880d3016e93f3e174db82672d570858a8db4485","record_hash":"70f4e6a740bee37e0ac854ccf8e6578d6588c752cc54d21826836bb822d16b42","signature_hex":"8e6889a2e551dc150057e6877a34d1939dd643e9434d51933fe1f439f42acf23e4a04117c1ffe0668ca7a67d0a45858ceec108aa1641ce3781e3afbe6ec75404","public_key_hex":"c2f8243b0d573587f285c830a868acd19249d17d59ecbf9329e796dfed6fb630"}
{"seq":43,"ts":1779325200000,"agent_id":"funding-carry","symbol":"BTCUSDT","side":"sell","price":77793.056636328,"quantity":0.02570923532867116,"notional_usd":2000.0,"fee_usd":1.2,"balance_before_usd":9919.175359572913,"balance_after_usd":9917.375219542908,"decision":"ALLOW_CAPPED","cert_hash":"53af72958c63e11958a894fcbc6639e2d35beb6cd3d71c2f34512f85c16905e7","prev_hash":"70f4e6a740bee37e0ac854ccf8e6578d6588c752cc54d21826836bb822d16b42","record_hash":"b40ed636427b4a4a0a6e4387eab0714f6eb72d4581d3a29771a0b8a47c080c34","signature_hex":"3ccfb505e00ebe47ccf62d2396a3bc74b9f4d0fadbfc597c08dae7cfdbaa050a1ba8fe6d09fc4c1349f61a0702c0f927cd4ee280ceb9a9216df335446fe2e106","public_key_hex":"c2f8243b0d573587f285c830a868acd19249d17d59ecbf9329e796dfed6fb630"}
{"seq":44,"ts":1779328800000,"agent_id":"funding-carry","symbol":"BTCUSDT","side":"sell","price":77890.9075641684,"quantity":0.012232177376866236,"notional_usd":952.77539737,"fee_usd":0.5716652384219999,"balance_before_usd":9912.555202308773,"balance_after_usd":9911.747548573228,"decision":"ALLOW","cert_hash":"1632492ccef8c096606157ebb08f033cfe58887fa8c20d233cd114a46596e8e4","prev_hash":"b40ed636427b4a4a0a6e4387eab0714f6eb72d4581d3a29771a0b8a47c080c34","record_hash":"705a777b9d941ab20eef999bd20a30fb8c72945d53f4f6b61c9548e159da597a","signature_hex":"d5e8978252f9dec4977183ac45e3ffe8f714fb9626aa8218bcb261e4192b96a2f91a30bc824b02466ba6a9755ddd8b12f53bbbecdca1ec17b778a6fedf977709","public_key_hex":"c2f8243b0d573587f285c830a868acd19249d17d59ecbf9329e796dfed6fb630"}
{"seq":45,"ts":1779350400000,"agent_id":"funding-carry","symbol":"BTCUSDT","side":"buy","price":77913.3685578,"quantity":0.025669535755167623,"notional_usd":2000.0,"fee_usd":1.2,"balance_before_usd":9912.988040946748,"balance_after_usd":9911.188180916753,"decision":"ALLOW_CAPPED","cert_hash":"ca0ad0a7a074473688c41df478deb74e0a00ad1cbae1c0f0ce365ab11f6bfe93","prev_hash":"705a777b9d941ab20eef999bd20a30fb8c72945d53f4f6b61c9548e159da597a","record_hash":"297fa494b29074c1b13079e8fcb1558dcd492975c94f52aed5d6210fe57bf040","signature_hex":"0fa02f7ffc423f41ebf42e4287a675ed31f4d6c7ea0e8a68a2d4c47de74b1895d45c42019d0ff6144100f5411118fe86a4e3b96e9ce51374885eb3f824615007","public_key_hex":"c2f8243b0d573587f285c830a868acd19249d17d59ecbf9329e796dfed6fb630"}
{"seq":46,"ts":1779354000000,"agent_id":"funding-carry","symbol":"BTCUSDT","side":"buy","price":77626.78260207,"quantity":0.025764303671483968,"notional_usd":2000.0,"fee_usd":1.2,"balance_before_usd":9922.060498611087,"balance_after_usd":9920.260638581092,"decision":"ALLOW_CAPPED","cert_hash":"09d07fa97ea99d8ac080c7f632c6ed41d4d54cfa1323eb0304766d0bd8976f63","prev_hash":"297fa494b29074c1b13079e8fcb1558dcd492975c94f52aed5d6210fe57bf040","record_hash":"717662e897565b7024e43deedc54f5fc3040c4098fcef1e4f957b241708012c2","signature_hex":"2f5458170777d66d1c4bcae697a3dcaa8fbe040833dbc90dc2e97c5f4fda86bd90d81c3dc15c3f8d2adbcfde6922bc97fcccd3f2ce16869309da968c041a4b00","public_key_hex":"c2f8243b0d573587f285c830a868acd19249d17d59ecbf9329e796dfed6fb630"}
{"seq":47,"ts":1779357600000,"agent_id":"funding-carry","symbol":"BTCUSDT","side":"buy","price":77199.56626907564,"quantity":0.012181439948798044,"notional_usd":940.40188058,"fee_usd":0.564241128348,"balance_before_usd":9925.41466058775,"balance_after_usd":9924.618164847609,"decision":"ALLOW","cert_hash":"428b2ac588460dc696311363b3e834462c7b7e06a6889c483bd42017de43677d","prev_hash":"717662e897565b7024e43deedc54f5fc3040c4098fcef1e4f957b241708012c2","record_hash":"254e2754517ce0a3850e7af0e6363820f7a391f4f200e66f05110fcf914b101d","signature_hex":"72910d66818396dc335b4b7ddaf818a0deec4a35b59ac635f361073a13400394a6e7f3386ae278991942aa5802c67678c26bdf0ed14b3e33ab97b804734e8109","public_key_hex":"c2f8243b0d573587f285c830a868acd19249d17d59ecbf9329e796dfed6fb630"}
{"seq":48,"ts":1779379200000,"agent_id":"funding-carry","symbol":"BTCUSDT","side":"sell","price":77146.75057339799,"quantity":0.025924617500217136,"notional_usd":2000.0,"fee_usd":1.2,"balance_before_usd":9924.61821996782,"balance_after_usd":9922.818079937813,"decision":"ALLOW_CAPPED","cert_hash":"0d53f798fd79c09befc3f1d327a3af106cca60d49b325a09d326afa7408b74dd","prev_hash":"254e2754517ce0a3850e7af0e6363820f7a391f4f200e66f05110fcf914b101d","record_hash":"162149738c861cc5a9fb9ce49414f3087df0b3120a2e27879f1e094ae68ed30b","signature_hex":"da1a0ab3ae34d30de6b96d75ad4a9160f202e27321dadb2a565f1c69ef54857dbd81c6bbd62a255ffe450d21cc40c8364f6fcca87cbd269635435d6cbe5d490f","public_key_hex":"c2f8243b0d573587f285c830a868acd19249d17d59ecbf9329e796dfed6fb630"}
{"seq":49,"ts":1779382800000,"agent_id":"funding-carry","symbol":"BTCUSDT","side":"sell","price":77811.6510567,"quantity":0.02570309166865814,"notional_usd":2000.0,"fee_usd":1.2,"balance_before_usd":9905.573615393214,"balance_after_usd":9903.773475363207,"decision":"ALLOW_CAPPED","cert_hash":"bac828bd14a83d2503b734383a1d1273ee3f69b2266aa5147c3d80938a6d04ed","prev_hash":"162149738c861cc5a9fb9ce49414f3087df0b3120a2e27879f1e094ae68ed30b","record_hash":"5f1c8f3f1bf826669ebe6fdf2082f54cf2e92666edc8efa3a2cd91c7dcbb2173","signature_hex":"455d8e86a5867cf9ee94b6a6bfd9f7057d3cf052310098c1b8129a5b86e8ec68c551d83d43a77afa6f7a4559be4b1e60f277e0ce74954e28d443a149f3fc0b02","public_key_hex":"c2f8243b0d573587f285c830a868acd19249d17d59ecbf9329e796dfed6fb630"}
{"seq":50,"ts":1779386400000,"agent_id":"funding-carry","symbol":"BTCUSDT","side":"sell","price":77337.87705372227,"quantity":0.012545227355879473,"notional_usd":970.22125086,"fee_usd":0.582132750516,"balance_before_usd":9928.44779569058,"balance_after_usd":9927.624506708558,"decision":"ALLOW","cert_hash":"ef90154f6b20701044b673e765956af166d9346555e1e7126e5a172bee014bd5","prev_hash":"5f1c8f3f1bf826669ebe6fdf2082f54cf2e92666edc8efa3a2cd91c7dcbb2173","record_hash":"69a957bb0bb80790e911c4ebd383fd95067498eda5dfd2d26a51ee76618dbd5f","signature_hex":"10951b1c82c1823a938bb0834b7937157868ec139742c58812b5e6275cef7331ae2d7414094805a0c8f7027aa647170889e436cf735d46e70e8be8c85bde520b","public_key_hex":"c2f8243b0d573587f285c830a868acd19249d17d59ecbf9329e796dfed6fb630"}
{"seq":51,"ts":1779408000000,"agent_id":"funding-carry","symbol":"BTCUSDT","side":"buy","price":77366.304476862,"quantity":0.025851047345787876,"notional_usd":2000.0,"fee_usd":1.2,"balance_before_usd":9928.850565344255,"balance_after_usd":9927.050705314261,"decision":"ALLOW_CAPPED","cert_hash":"96410efe194a2d1d910fad6883876b0b82ba6df2176951899cbba3d2db3524d0","prev_hash":"69a957bb0bb80790e911c4ebd383fd95067498eda5dfd2d26a51ee76618dbd5f","record_hash":"1eda5f66950f69c3596e6e52b493dabe2f806ba91ad3c10c5c57f5d44de14bdf","signature_hex":"b5861246dc1902ccaaa63a096f949a429ae79e391d3998c3bbb54e415189770137b240dee2aac69ec38bd348adab47d86e36a34242f88e3ddd39ab3610ae940c","public_key_hex":"c2f8243b0d573587f285c830a868acd19249d17d59ecbf9329e796dfed6fb630"}
{"seq":52,"ts":1779411600000,"agent_id":"funding-carry","symbol":"BTCUSDT","side":"buy","price":77600.27465154,"quantity":0.025773104656921588,"notional_usd":2000.0,"fee_usd":1.2,"balance_before_usd":9918.086511574176,"balance_after_usd":9916.286651544182,"decision":"ALLOW_CAPPED","cert_hash":"cff48dbe005b831c4fbabbf0f6ddbec081f4f2ae67beac05aeed9d72b9a448ad","prev_hash":"1eda5f66950f69c3596e6e52b493dabe2f806ba91ad3c10c5c57f5d44de14bdf","record_hash":"416de3d2ed4bfe7b13320448d944a5ce3b5a856186a6cdd22d6ff554f9f564fd","signature_hex":"b0e5f8451bc9c175b08d8e4aab3342bba6d06223a55b2f7f542577835a33cf5202a9655ecf1793bcb2034b6de99612242110a5990829d25cc3f6825c99b6230d","public_key_hex":"c2f8243b0d573587f285c830a868acd19249d17d59ecbf9329e796dfed6fb630"}
{"seq":53,"ts":1779415200000,"agent_id":"funding-carry","symbol":"BTCUSDT","side":"buy","price":77660.41257348999,"quantity":0.012548672384373419,"notional_usd":974.53507462,"fee_usd":0.584721044772,"balance_before_usd":9915.482081564065,"balance_after_usd":9914.65501336167,"decision":"ALLOW","cert_hash":"21b39e1eabc42e41c6f5f8e26fa7fdb568c8a1d20e3d81f4fde62b08880fb427","prev_hash":"416de3d2ed4bfe7b13320448d944a5ce3b5a856186a6cdd22d6ff554f9f564fd","record_hash":"2ac759b8c5ed8e4c4419b03ab34f4a9e7cf868e465511130e0aa818f07cf5358","signature_hex":"a3497528c95314955988b15543b9720f5815d419f44e9232a07ea83c5f6771353db1deb7921a98d3ab7739dd5fc7ffb4177e6bf656435337acc688840091d60d","public_key_hex":"c2f8243b0d573587f285c830a868acd19249d17d59ecbf9329e796dfed6fb630"}
{"seq":54,"ts":1779465600000,"agent_id":"funding-carry","symbol":"BTCUSDT","side":"sell","price":76900.92433848,"quantity":0.02600748973051331,"notional_usd":2000.0,"fee_usd":1.2,"balance_before_usd":9914.657275229982,"balance_after_usd":9912.857135199974,"decision":"ALLOW_CAPPED","cert_hash":"d1182c4ff5477318616b0614c2395253df2b31fef7e95861977efe5975a71354","prev_hash":"2ac759b8c5ed8e4c4419b03ab34f4a9e7cf868e465511130e0aa818f07cf5358","record_hash":"ba28233720c16e392f1407896a9c40905801c32d1fa241291d6085690ae906ba","signature_hex":"bbf886a1113862cbcb1e707ad035c82066ecc2aaa1f01440937bc52c0586f2699eada3435ad0f21b957c1a284a1157bb24392314bb326370337c00d62084810f","public_key_hex":"c2f8243b0d573587f285c830a868acd19249d17d59ecbf9329e796dfed6fb630"}
{"seq":55,"ts":1779469200000,"agent_id":"funding-carry","symbol":"BTCUSDT","side":"sell","price":76709.98163466001,"quantity":0.026072226291556512,"notional_usd":2000.0,"fee_usd":1.2,"balance_before_usd":9917.825161921546,"balance_after_usd":9916.025021891539,"decision":"ALLOW_CAPPED","cert_hash":"a9c2454d49998dbfdec57202e59332bf0c6b0c43c7604d55651d09908fdcf399","prev_hash":"ba28233720c16e392f1407896a9c40905801c32d1fa241291d6085690ae906ba","record_hash":"486db2fb8d03eaa4d2ddd3c91773c751ef76d8c88f68ecd891ee46fc8a1bcbf6","signature_hex":"4b8c687b8e6af399570f3f38a373b57dba3f09565a1a14d7c017b26b8aeb0e2f21307411428cf82cbf62edfe3dbcebf0eb7a576471215ca19f01f81095cd8d0b","public_key_hex":"c2f8243b0d573587f285c830a868acd19249d17d59ecbf9329e796dfed6fb630"}
{"seq":56,"ts":1779472800000,"agent_id":"funding-carry","symbol":"BTCUSDT","side":"sell","price":76482.5537021195,"quantity":0.012808386412741506,"notional_usd":979.61810165,"fee_usd":0.58777086099,"balance_before_usd":9928.076990465728,"balance_after_usd":9927.245267261755,"decision":"ALLOW","cert_hash":"97f318abb670e20bcd23cd3b22613ae7707fc6c1fe285259aee89e9e5220a0ea","prev_hash":"486db2fb8d03eaa4d2ddd3c91773c751ef76d8c88f68ecd891ee46fc8a1bcbf6","record_hash":"b7910bf54ee3f7fa0d40326b8384e1a6488185502eccce8d4277edea20fa21b0","signature_hex":"30f486927b00ec3908d4ebcc5272b51d14cfc83cc35658bab9887a9abc1fd6261368ed0509751817b38f4753d3f6a076fa27fa6a7d21d2dcd2c6d7000df82309","public_key_hex":"c2f8243b0d573587f285c830a868acd19249d17d59ecbf9329e796dfed6fb630"}
{"seq":57,"ts":1779494400000,"agent_id":"funding-carry","symbol":"BTCUSDT","side":"buy","price":75361.303116774,"quantity":0.02653881922531191,"notional_usd":2000.0,"fee_usd":1.2,"balance_before_usd":10002.829491943816,"balance_after_usd":10001.029631913822,"decision":"ALLOW_CAPPED","cert_hash":"4d87a320614ff284a0cb00c89651b7224404c0115cbe935a71c1ea7cd4af81bf","prev_hash":"b7910bf54ee3f7fa0d40326b8384e1a6488185502eccce8d4277edea20fa21b0","record_hash":"4c93be0cfbc27df1675f48a380a8c206d1b0f13876b37b19c11c31dcda5c7561","signature_hex":"e1aaaceb5e76dbb087d51b8b56ada20d3852cad6f8ff34f51396547de354f51d9be388108e810db0d7241de692f920c9b832f9bfac701749bafb5ca9c6b46c0c","public_key_hex":"c2f8243b0d573587f285c830a868acd19249d17d59ecbf9329e796dfed6fb630"}
{"seq":58,"ts":1779498000000,"agent_id":"funding-carry","symbol":"BTCUSDT","side":"buy","price":75482.53947919799,"quantity":0.026496193872109643,"notional_usd":2000.0,"fee_usd":1.2,"balance_before_usd":9996.381320477914,"balance_after_usd":9994.58146044792,"decision":"ALLOW_CAPPED","cert_hash":"df5ac172bfbccfd85744ffa5d4834edcf503fef2ad8679d0b8312ec0a473fb1e","prev_hash":"4c93be0cfbc27df1675f48a380a8c206d1b0f13876b37b19c11c31dcda5c7561","record_hash":"ceb5183e12c2bf4ea0bb79cc3e01cef2e88353278a10a44924c56453433881cb","signature_hex":"da541609b605170258554ad9195ee60ff1f4e3769420314ba5d977d18f25f22cd9950f16bddd6db1a1d86eaf3242e8ecd7da752ba8fb425f2bffc4bbe227370b","public_key_hex":"c2f8243b0d573587f285c830a868acd19249d17d59ecbf9329e796dfed6fb630"}
{"seq":59,"ts":1779501600000,"agent_id":"funding-carry","symbol":"BTCUSDT","side":"buy","price":75560.89253845267,"quantity":0.01185330906241226,"notional_usd":895.64661229,"fee_usd":0.537387967374,"balance_before_usd":9993.603323063968,"balance_after_usd":9992.846737322965,"decision":"ALLOW","cert_hash":"006c53c06a7b38d3cf8a5bae8c0dbe7d1079f5eb8961e62e9699932820fde733","prev_hash":"ceb5183e12c2bf4ea0bb79cc3e01cef2e88353278a10a44924c56453433881cb","record_hash":"3d88a6ca80f8c353b2db74371ba4906f947fa11b1de7ed3d4dd6481b0a877c0a","signature_hex":"cb87bbff4c31e29cd20f022cbf40bfcd741f14468be7d38c32e8deea8e8178093bff5c75f1d014cc4811fc3e864661dcaec9e63f06f31e4f91da2cc17f92550f","public_key_hex":"c2f8243b0d573587f285c830a868acd19249d17d59ecbf9329e796dfed6fb630"}
{"seq":60,"ts":1779580800000,"agent_id":"funding-carry","symbol":"BTCUSDT","side":"buy","price":76819.940605938,"quantity":0.026034906877361017,"notional_usd":2000.0,"fee_usd":1.2,"balance_before_usd":9992.84307346739,"balance_after_usd":9991.043213437395,"decision":"ALLOW_CAPPED","cert_hash":"05d82fb7a6407ff67dc65bd03f90af299d3d34fe5fa8d3dea5b6a36ad272ce3c","prev_hash":"3d88a6ca80f8c353b2db74371ba4906f947fa11b1de7ed3d4dd6481b0a877c0a","record_hash":"d4c04de35e945cb72ca2adad50b1d6c9a61901163ed64baee3586f6e335a385d","signature_hex":"021a29639f07343c045dee3e47dc42ec7e6a403e964798c3c9177a3fade6d3dd5a7a25efe64618fae5eca836ea853dc74bb0c857ccff2e1f7a2aeebaa9154504","public_key_hex":"c2f8243b0d573587f285c830a868acd19249d17d59ecbf9329e796dfed6fb630"}
{"seq":61,"ts":1779584400000,"agent_id":"funding-carry","symbol":"BTCUSDT","side":"buy","price":76865.154166842,"quantity":0.02601959264478725,"notional_usd":2000.0,"fee_usd":1.2,"balance_before_usd":9992.219860073574,"balance_after_usd":9990.420000043581,"decision":"ALLOW_CAPPED","cert_hash":"26a6abf8b6141ecace6599bdde0785dc17cbe05edf273c543e703fb520437980","prev_hash":"d4c04de35e945cb72ca2adad50b1d6c9a61901163ed64baee3586f6e335a385d","record_hash":"611d831d1e3edc2890b2d3fa67a854f3785e5f23f648315f0faee6941a17ada3","signature_hex":"fb59e156af885ff3c375e186d1313a27580fd0b473d5f0a2f3d01ebd047b02770b074d68aa6e49a369005ac0d0dceea1d26b9df0c42f3e317f42bfb8fd269308","public_key_hex":"c2f8243b0d573587f285c830a868acd19249d17d59ecbf9329e796dfed6fb630"}
{"seq":62,"ts":1779588000000,"agent_id":"funding-carry","symbol":"BTCUSDT","side":"buy","price":76794.98428062524,"quantity":0.012984981130617678,"notional_usd":997.18142181,"fee_usd":0.598308853086,"balance_before_usd":9986.9689791048,"balance_after_usd":9986.121562729793,"decision":"ALLOW","cert_hash":"b09fc079400e2f84140c81a7b394ff8a36ba941bfe90cdf75ffdd7e62d93290f","prev_hash":"611d831d1e3edc2890b2d3fa67a854f3785e5f23f648315f0faee6941a17ada3","record_hash":"7ae3219436c8a5699d29f95c2d044f80c1272e1cea0ce2ef612996bd1cfbbc0a","signature_hex":"eac2a77a0a4387832be381d7de9e0dcb5c8f96c78a0be53047afbe6b3029ac0d62cddb1add8df7eda29647996265f5b9fbfee04d5e8dcfb2e5177fdbc5c9db0c","public_key_hex":"c2f8243b0d573587f285c830a868acd19249d17d59ecbf9329e796dfed6fb630"}
{"seq":63,"ts":1779609600000,"agent_id":"funding-carry","symbol":"BTCUSDT","side":"sell","price":76769.86366585799,"quantity":0.02605188943287734,"notional_usd":2000.0,"fee_usd":1.2,"balance_before_usd":9987.68317950638,"balance_after_usd":9985.883039476375,"decision":"ALLOW_CAPPED","cert_hash":"821386a3a3c01b4779ec92e33ffbaa496fb99fd9bac64caa666a70ca7926b81e","prev_hash":"7ae3219436c8a5699d29f95c2d044f80c1272e1cea0ce2ef612996bd1cfbbc0a","record_hash":"4694a812e50926571743d799d6f2319249860985bc72fc1b35f37ab9996b3e07","signature_hex":"9e6656f609058d4849e7baed06ad2119c123be56d897d596497b5c71e12984b20876b180a02b6ac43d9306058a3b3a8fce99953884f63abc5655420b1435b201","public_key_hex":"c2f8243b0d573587f285c830a868acd19249d17d59ecbf9329e796dfed6fb630"}
{"seq":64,"ts":1779613200000,"agent_id":"funding-carry","symbol":"BTCUSDT","side":"sell","price":76955.90783958,"quantity":0.02598890788435815,"notional_usd":2000.0,"fee_usd":1.2,"balance_before_usd":9993.138090204928,"balance_after_usd":9991.337950174919,"decision":"ALLOW_CAPPED","cert_hash":"5aeab321abacf705a33275b191815db3de79c176612dd3a3a99b209299045676","prev_hash":"4694a812e50926571743d799d6f2319249860985bc72fc1b35f37ab9996b3e07","record_hash":"bfef4c7472dc7a77a5c7980ab00a49a9998d323de09c99c138cf88b34fe29c6e","signature_hex":"e33a45961b473a09500ade651ee8c60d8eb6529f8c076c5a2dcb6851db60b4dab3747616ea5442b0009d1f8a08fd57dacec0d1fb8ef43d1823ecf4357654fb0d","public_key_hex":"c2f8243b0d573587f285c830a868acd19249d17d59ecbf9329e796dfed6fb630"}
{"seq":65,"ts":1779616800000,"agent_id":"funding-carry","symbol":"BTCUSDT","side":"sell","price":77125.90497518299,"quantity":0.012999032911738243,"notional_usd":1002.56217712,"fee_usd":0.601537306272,"balance_before_usd":9993.497849090694,"balance_after_usd":9992.645495121793,"decision":"ALLOW","cert_hash":"d1d852017fd41da19f01f264a5af627d8381ddc63a451fdbd7e4e323effeaefb","prev_hash":"bfef4c7472dc7a77a5c7980ab00a49a9998d323de09c99c138cf88b34fe29c6e","record_hash":"7a60ce9d31f7430003c978a7692fff80810eac989a8f30cc841071d2b7e3ed2f","signature_hex":"64bc4d66b3b74f5b3308c037ecc6bbe29c40128f489a69594e11f5c00c1f70df0da5299f71c26596d89084d5131b22bd570fc1ca1a02201d5e6496e35d4b8403","public_key_hex":"c2f8243b0d573587f285c830a868acd19249d17d59ecbf9329e796dfed6fb630"}
{"seq":66,"ts":1779926400000,"agent_id":"funding-carry","symbol":"BTCUSDT","side":"sell","price":74521.13844087,"quantity":0.026838022631483716,"notional_usd":2000.0,"fee_usd":1.2,"balance_before_usd":9992.65399981682,"balance_after_usd":9990.853859786812,"decision":"ALLOW_CAPPED","cert_hash":"aae473c91b5993b1dac320676c5271e72656dc552d52231eb857903392f8d174","prev_hash":"7a60ce9d31f7430003c978a7692fff80810eac989a8f30cc841071d2b7e3ed2f","record_hash":"87c693c5fc40dbcd7c3b146be386c1a655900e4d9eec394643466f8cbcbd8bf9","signature_hex":"60787f14fa2762261a07d45ceb8253e2ce679bbbe84adbae718e5875c4ddcb80bb1d7046447d0771507385920e08361aa677ebb397fd139fe956f40e35f36f08","public_key_hex":"c2f8243b0d573587f285c830a868acd19249d17d59ecbf9329e796dfed6fb630"}
{"seq":67,"ts":1779930000000,"agent_id":"funding-carry","symbol":"BTCUSDT","side":"sell","price":74294.906326344,"quantity":0.026919745900410755,"notional_usd":2000.0,"fee_usd":1.2,"balance_before_usd":9996.928040061299,"balance_after_usd":9995.127900031292,"decision":"ALLOW_CAPPED","cert_hash":"5a265ad9d00915f16a33e31664d1b001ab8a04583ef523edef4ba907ba3fbb1a","prev_hash":"87c693c5fc40dbcd7c3b146be386c1a655900e4d9eec394643466f8cbcbd8bf9","record_hash":"c9cf44407a2c0f7e4b527d3ccfcd2aef6faa8ae6684183551828a222e4c96a61","signature_hex":"d051607ee22fd52d839dd4e7345a36f99f0d332feac6afbb9a4a55439c9e230db15a010c0cc95171f35f5bc6a9d9ef71a7f810806a24e6d3aeb3b46b65d3f00f","public_key_hex":"c2f8243b0d573587f285c830a868acd19249d17d59ecbf9329e796dfed6fb630"}
{"seq":68,"ts":1779933600000,"agent_id":"funding-carry","symbol":"BTCUSDT","side":"sell","price":74241.61084744013,"quantity":0.013561021211526077,"notional_usd":1006.79205948,"fee_usd":0.604075235688,"balance_before_usd":9998.192278157627,"balance_after_usd":9997.336115029771,"decision":"ALLOW","cert_hash":"365cf83fcd31f0cbd96b4b365fe37f643e33a1e230e33853b42664ce7ea029a9","prev_hash":"c9cf44407a2c0f7e4b527d3ccfcd2aef6faa8ae6684183551828a222e4c96a61","record_hash":"8496fa5ec4a899810ceb5e63e985beaeed31da576a0f1bcb76b8a47e540e9cbf","signature_hex":"6648db022f025df375ed0ff587d037e480a2f4b3f666db472a39d7a12d7818ba815ed9b72d8a9dbdd146ad644268fd31435dd14eb65dbd16a7efce15bf3d0d04","public_key_hex":"c2f8243b0d573587f285c830a868acd19249d17d59ecbf9329e796dfed6fb630"}
{"seq":69,"ts":1779955200000,"agent_id":"funding-carry","symbol":"BTCUSDT","side":"buy","price":73308.88753573799,"quantity":0.02728182171670526,"notional_usd":2000.0,"fee_usd":1.2,"balance_before_usd":10063.339238405017,"balance_after_usd":10061.539378375022,"decision":"ALLOW_CAPPED","cert_hash":"231a08f936d080b96a176444520f16a2e17b3fefddee5cc344439825da217936","prev_hash":"8496fa5ec4a899810ceb5e63e985beaeed31da576a0f1bcb76b8a47e540e9cbf","record_hash":"c7a70eac5ac85d8e748fbe86ef18b9db4ad1a6864c536e4fa92b708381168e67","signature_hex":"e766579b000b25b190fe6d6fa266d509e23d231794c88450947e0988436eb160cff4e04da479d3167175ecbe9110201b3760925754395a4c71ca389540ff9404","public_key_hex":"c2f8243b0d573587f285c830a868acd19249d17d59ecbf9329e796dfed6fb630"}
{"seq":70,"ts":1779958800000,"agent_id":"funding-carry","symbol":"BTCUSDT","side":"buy","price":73534.95534025799,"quantity":0.027197949475126222,"notional_usd":2000.0,"fee_usd":1.2,"balance_before_usd":10052.49028882337,"balance_after_usd":10050.690428793376,"decision":"ALLOW_CAPPED","cert_hash":"4b8b2486dab33ef823ded312bfc6ba3b439fb2a289b7475b4c059e608a80e113","prev_hash":"c7a70eac5ac85d8e748fbe86ef18b9db4ad1a6864c536e4fa92b708381168e67","record_hash":"f00872f5d25f75a02db66d46d35c9d2767a1cdef23d9b8fee0ed625fd416276d","signature_hex":"2617336a3b3c35152eb984a3a9074606dae16d42a70d313fe8d3707bd5ede5b01ba117effe1ae387f0281e27f4f954151c3d65a21b903fdb2366344178d5570f","public_key_hex":"c2f8243b0d573587f285c830a868acd19249d17d59ecbf9329e796dfed6fb630"}
{"seq":71,"ts":1779962400000,"agent_id":"funding-carry","symbol":"BTCUSDT","side":"buy","price":73385.9310296868,"quantity":0.012839096915985821,"notional_usd":942.20908076,"fee_usd":0.5653254484560001,"balance_before_usd":10052.55384213845,"balance_after_usd":10051.755730642657,"decision":"ALLOW","cert_hash":"a1384bd434c3d8b4b962c34334d94c849b1fdce38e3f272279ce17d5dd4d2d9f","prev_hash":"f00872f5d25f75a02db66d46d35c9d2767a1cdef23d9b8fee0ed625fd416276d","record_hash":"2bf36af55e30669ad04434191e6e31fe3ffdf76453cf4b4508116ada6aea3db2","signature_hex":"7e643eacbb84e0e83a8b40afa651d4f0d9d01e9749bccebf14b2243712d34fa905333b68f147625ea597f00a4847584bbe9ad84f42307b7895a8b34e79c9950e","public_key_hex":"c2f8243b0d573587f285c830a868acd19249d17d59ecbf9329e796dfed6fb630"}
{"seq":72,"ts":1780300800000,"agent_id":"funding-carry","symbol":"BTCUSDT","side":"sell","price":72863.23592770202,"quantity":0.027448684848206367,"notional_usd":2000.0,"fee_usd":1.2,"balance_before_usd":10051.757374427003,"balance_after_usd":10049.957234396996,"decision":"ALLOW_CAPPED","cert_hash":"8088232acad2d75d66d539e7e1cb8fa64b3ccf65b452ff7962591a54da9d2db8","prev_hash":"2bf36af55e30669ad04434191e6e31fe3ffdf76453cf4b4508116ada6aea3db2","record_hash":"bdd4f2a56b24dd6c16a406622e230eb0071bbc0809d7639ee7497b133775b387","signature_hex":"e6fb023c6869449fd40763f044fbe3dfcff0494eac4be938e3cd476161a25f2a9534b3eb4d34209b1517a02168f4b4fcf41c999a415dce4dce6a91ae8db82302","public_key_hex":"c2f8243b0d573587f285c830a868acd19249d17d59ecbf9329e796dfed6fb630"}
{"seq":73,"ts":1780304400000,"agent_id":"funding-carry","symbol":"BTCUSDT","side":"sell","price":72846.64090736999,"quantity":0.02745493786794028,"notional_usd":2000.0,"fee_usd":1.2,"balance_before_usd":10050.412935235017,"balance_after_usd":10048.612795205012,"decision":"ALLOW_CAPPED","cert_hash":"e10c6d2ec88a8888de02515456e56cff2fd99bfde9d830f969f35b701919954a","prev_hash":"bdd4f2a56b24dd6c16a406622e230eb0071bbc0809d7639ee7497b133775b387","record_hash":"8a997281948142aa326afbcd73be84cb852f1ef914660c79d1030c6828ba739b","signature_hex":"4ebd075875cd40dc85b755fdf32e70d81f6137c5f1fef7c3c166bad8971df4e3211d4fdfc8a5d5ecaa3884cc53279f2c5efc2e5e2c1a85e50e4160eb97298e05","public_key_hex":"c2f8243b0d573587f285c830a868acd19249d17d59ecbf9329e796dfed6fb630"}
{"seq":74,"ts":1780308000000,"agent_id":"funding-carry","symbol":"BTCUSDT","side":"sell","price":72713.49236680844,"quantity":0.014228297508953915,"notional_usd":1034.58920231,"fee_usd":0.620753521386,"balance_before_usd":10056.118554160814,"balance_after_usd":10055.237314187694,"decision":"ALLOW","cert_hash":"e44d36656f3f6cd77c83288b5e01aad77934a7d25c2c0488edd8a2e5667ac08d","prev_hash":"8a997281948142aa326afbcd73be84cb852f1ef914660c79d1030c6828ba739b","record_hash":"a82f258c61819fe989793b9acc8d0280931b148abe3b78f74ad8388519b1cc38","signature_hex":"c4a3626690716216d643c1e29a65e79282fa6a6191f5581f52948dda0cda13dd7be300e388aef3a530ea68b23a566ae071ae48c415aabd5e3f7d407d1dd99905","public_key_hex":"c2f8243b0d573587f285c830a868acd19249d17d59ecbf9329e796dfed6fb630"}
{"seq":75,"ts":1780362000000,"agent_id":"funding-carry","symbol":"BTCUSDT","side":"sell","price":70613.50553359035,"quantity":0.0030861056364966423,"notional_usd":217.92073744,"fee_usd":0.130752442464,"balance_before_usd":10201.643492341012,"balance_after_usd":10201.466774001809,"decision":"ALLOW","cert_hash":"83c7f1b4a2109cb1f090a9229c3b747cc9c236a0316479fdc7a2bdd95699fe44","prev_hash":"a82f258c61819fe989793b9acc8d0280931b148abe3b78f74ad8388519b1cc38","record_hash":"7b5ece62c7229b52581233895bafe3ec62b37412ba6712b4681e15508a8a6a24","signature_hex":"fe9dca73848ac23e00fce024240f925288650af471fe97fb828f006e9210762476f2288a75e1dd078b5bbd0728057c4497a64667cb238600c2e4844b31042f0a","public_key_hex":"c2f8243b0d573587f285c830a868acd19249d17d59ecbf9329e796dfed6fb630"}
{"seq":76,"ts":1780408800000,"agent_id":"funding-carry","symbol":"BTCUSDT","side":"sell","price":67981.93172375816,"quantity":0.0041957649364693815,"notional_usd":285.23620544,"fee_usd":0.17114172326399998,"balance_before_usd":10392.04988917199,"balance_after_usd":10391.817622386086,"decision":"ALLOW","cert_hash":"9e117d203f73ea482363df567b92c73e7e3bf7008b1b95a94a8556dc12cf99aa","prev_hash":"7b5ece62c7229b52581233895bafe3ec62b37412ba6712b4681e15508a8a6a24","record_hash":"a26ff01a3439d96d91ab271207ea9a0dd2d175c694ae8a86e5b7d69d55cb5562","signature_hex":"62eff4a0d93ee2b30eaa0521388cc7f60c1195f9fbf75f69bdbc7a2c7ba3f24ea93354edbed2b49fb476a284c4b6a69c0c5e9874098e0b3d615b06c5dc8e1d0d","public_key_hex":"c2f8243b0d573587f285c830a868acd19249d17d59ecbf9329e796dfed6fb630"}
{"seq":77,"ts":1780444800000,"agent_id":"funding-carry","symbol":"BTCUSDT","side":"buy","price":66920.27139800398,"quantity":0.02988631035437871,"notional_usd":2000.0,"fee_usd":1.2,"balance_before_usd":10476.48683598073,"balance_after_usd":10474.686975950735,"decision":"ALLOW_CAPPED","cert_hash":"e9196b4fc439200e38c744d8a8e92189e9f619a4cd8d94bc85684cf2261cac61","prev_hash":"a26ff01a3439d96d91ab271207ea9a0dd2d175c694ae8a86e5b7d69d55cb5562","record_hash":"81721e1d2772c034bf8938ed3c7e38a1992113e6047066f7b1d9262495517cbb","signature_hex":"1edda49a6e6dc967a8e094d7b5a1c02de619dce18c0135e005b63458c9341463d3a338ff631ee2d4d36a20e1176d37a31db94cd96beffb645035da206924c309","public_key_hex":"c2f8243b0d573587f285c830a868acd19249d17d59ecbf9329e796dfed6fb630"}
{"seq":78,"ts":1780448400000,"agent_id":"funding-carry","symbol":"BTCUSDT","side":"buy","price":66900.0653376,"quantity":0.02989533702108263,"notional_usd":2000.0,"fee_usd":1.2,"balance_before_usd":10475.62689514755,"balance_after_usd":10473.827035117554,"decision":"ALLOW_CAPPED","cert_hash":"578a5d212633a6f6ac8cc3357c19c9586935eafa00655aa24222e58a4f1f22da","prev_hash":"81721e1d2772c034bf8938ed3c7e38a1992113e6047066f7b1d9262495517cbb","record_hash":"18ae1f3ba61186e7ff295838650731eb0dc880f5ff8f1e47045aaa768a6d7e58","signature_hex":"d8bec22bf1b9b783769eb5b16495c10ebc5749aaa20b8021e4f65a736b4aea99afdf245595f7049a614b4d3710f918b9e664cb1d475d0f44aee716f4049a090d","public_key_hex":"c2f8243b0d573587f285c830a868acd19249d17d59ecbf9329e796dfed6fb630"}
{"seq":79,"ts":1780452000000,"agent_id":"funding-carry","symbol":"BTCUSDT","side":"buy","price":66600.8053471694,"quantity":0.016631068750388254,"notional_usd":1107.64257256,"fee_usd":0.664585543536,"balance_before_usd":10478.75441580164,"balance_after_usd":10477.807013160207,"decision":"ALLOW","cert_hash":"ad59a0616efbc1828afc2289faac2c58ca9d7f366dc33e408214aa318894e5a3","prev_hash":"18ae1f3ba61186e7ff295838650731eb0dc880f5ff8f1e47045aaa768a6d7e58","record_hash":"a875ede427cb80067a2f151b2a4b8cfb9a964f72de93838146c1499f58ce2537","signature_hex":"404553181a79e099e518c02228efb30998e534717bb8614e53a15bb946fed3bed3683719dd2b4da2d4d43277e8d7dbc66c33385f6bf164c2fbaa762374672d08","public_key_hex":"c2f8243b0d573587f285c830a868acd19249d17d59ecbf9329e796dfed6fb630"}
{"seq":80,"ts":1780502400000,"agent_id":"funding-carry","symbol":"BTCUSDT","side":"sell","price":66030.886111014,"quantity":0.030288855985326518,"notional_usd":2000.0,"fee_usd":1.2,"balance_before_usd":10477.809308991551,"balance_after_usd":10476.009168961544,"decision":"ALLOW_CAPPED","cert_hash":"9adce31bb35e5ea4fa15cb954c20bd7954a9f96b619494b297077885dd9c90ff","prev_hash":"a875ede427cb80067a2f151b2a4b8cfb9a964f72de93838146c1499f58ce2537","record_hash":"18eabe2f2a4447ce9027e9eb0f924cb0b75687c7175c3b3c9f014cb5b3cb6927","signature_hex":"1d7935d66e723751d5a17d2b31894990cfc3ddfc5b72462da90c667ab5093fe0ee5224c92ff04c91edcd0ea39b774f66855c6efefdd70303337500dbba255608","public_key_hex":"c2f8243b0d573587f285c830a868acd19249d17d59ecbf9329e796dfed6fb630"}
{"seq":81,"ts":1780506000000,"agent_id":"funding-carry","symbol":"BTCUSDT","side":"sell","price":65929.116648978,"quantity":0.030335610450363936,"notional_usd":2000.0,"fee_usd":1.2,"balance_before_usd":10479.093006900035,"balance_after_usd":10477.29286687003,"decision":"ALLOW_CAPPED","cert_hash":"d768fe833d42400f022151958d81084fc73f8b750f3525f5e0535c404446fa72","prev_hash":"18eabe2f2a4447ce9027e9eb0f924cb0b75687c7175c3b3c9f014cb5b3cb6927","record_hash":"a26189fc5f4f04c36d4e8f833f605f1e8f62e026b4279ff21e5048e36bccc6f0","signature_hex":"9c09a01a846a02e62e0dff413f3d8070713624b4ecc662684ec00d26c21409e2fbc4b0a52b8f591bf5bafcc4fc29e10a6f5650cf2c4e8113ac2258768c2bc700","public_key_hex":"c2f8243b0d573587f285c830a868acd19249d17d59ecbf9329e796dfed6fb630"}
{"seq":82,"ts":1780509600000,"agent_id":"funding-carry","symbol":"BTCUSDT","side":"sell","price":65998.32417920174,"quantity":0.01870022536313024,"notional_usd":1234.18353574,"fee_usd":0.740510121444,"balance_before_usd":10473.248931648104,"balance_after_usd":10472.185359784398,"decision":"ALLOW","cert_hash":"3eb4e40bc986554bd6fc77dd19781366f78f172358c5257aa751b879ab99d4e4","prev_hash":"a26189fc5f4f04c36d4e8f833f605f1e8f62e026b4279ff21e5048e36bccc6f0","record_hash":"f11ae1185b58f8d9e5cb7a6ce9300841a0f4b8eea9cd9dde8d2cf4250a9d04f4","signature_hex":"1bf78820f6ac4a9be5358362290465cafeb5a65134a2f0c044e0ad58310108808a0fd6f5c16fa0193ac3914bc094f3e7b28991b6cbb58f4ca3112e1492e71601","public_key_hex":"c2f8243b0d573587f285c830a868acd19249d17d59ecbf9329e796dfed6fb630"}
{"seq":83,"ts":1780527600000,"agent_id":"funding-carry","symbol":"BTCUSDT","side":"sell","price":64105.056057689486,"quantity":0.0035079237588939893,"notional_usd":224.87564921,"fee_usd":0.134925389526,"balance_before_usd":10622.672357702926,"balance_after_usd":10622.48992119638,"decision":"ALLOW","cert_hash":"51c51728509ca7a072bf15185e32544cc36df89f24b79bcf2f740ecbdb139a7a","prev_hash":"f11ae1185b58f8d9e5cb7a6ce9300841a0f4b8eea9cd9dde8d2cf4250a9d04f4","record_hash":"3f5fef58500e6b7134edd014e4430ad74dadce5a379c1d48a69891c6cf4a8d9a","signature_hex":"dd176f70a1195c020877d730e71eea3f8f13060580ad0d80c5ff638b25871df232ec8a9b8be2ecec304d96e103480fd049cbb87a2c3a78c24b5b48befc00ca04","public_key_hex":"c2f8243b0d573587f285c830a868acd19249d17d59ecbf9329e796dfed6fb630"}
{"seq":84,"ts":1780531200000,"agent_id":"funding-carry","symbol":"BTCUSDT","side":"buy","price":63334.796006316,"quantity":0.0315782180746355,"notional_usd":2000.0,"fee_usd":1.2,"balance_before_usd":10689.41619035093,"balance_after_usd":10687.616330320936,"decision":"ALLOW_CAPPED","cert_hash":"66ab7055f56bcc0ba5b1e6b53b0fcec48f98fb4df2b3bcf7a1e21c609da59d2f","prev_hash":"3f5fef58500e6b7134edd014e4430ad74dadce5a379c1d48a69891c6cf4a8d9a","record_hash":"bc949a6377f6ff92206c1ff869ff536f1490d7855476842b86b68a4087f46668","signature_hex":"3c77d0018819afe52287bfa970a6e99ae2de3b779455b2bf32832346380276f430faff09dacde8dd8b29f0354099d7fe1a007e6d8df48a062fe5ad6bad779a01","public_key_hex":"c2f8243b0d573587f285c830a868acd19249d17d59ecbf9329e796dfed6fb630"}
{"seq":85,"ts":1780534800000,"agent_id":"funding-carry","symbol":"BTCUSDT","side":"buy","price":62161.744172861996,"quantity":0.03217412938797721,"notional_usd":2000.0,"fee_usd":1.2,"balance_before_usd":10747.72734333504,"balance_after_usd":10745.927483305046,"decision":"ALLOW_CAPPED","cert_hash":"93482fce5f1ad37f2a10049ccc145c51f3ffaf4b1a581f5aac7c7d75c366a202","prev_hash":"bc949a6377f6ff92206c1ff869ff536f1490d7855476842b86b68a4087f46668","record_hash":"e1cc77a63547607ef95b861f33e95c72a9e2dd5dea8a474b159c69d2403fc91f","signature_hex":"0ad13de8556b45b8113dcb02cb977c9d123042ba3543c85e69b9edb109e15aef0d64395aae78f92d94fa87553d79867525a57ab4aee5cbf57e46f3981954260b","public_key_hex":"c2f8243b0d573587f285c830a868acd19249d17d59ecbf9329e796dfed6fb630"}
{"seq":86,"ts":1780538400000,"agent_id":"funding-carry","symbol":"BTCUSDT","side":"buy","price":63210.45049614358,"quantity":0.019079548893162514,"notional_usd":1206.0268808,"fee_usd":0.72361612848,"balance_before_usd":10725.871565828114,"balance_after_usd":10724.834081654146,"decision":"ALLOW","cert_hash":"98d0734f106dd84bf8791faba13c75298aca9ee880d798696e8fc63cb9c1dfd7","prev_hash":"e1cc77a63547607ef95b861f33e95c72a9e2dd5dea8a474b159c69d2403fc91f","record_hash":"25e2a7a0bd1727da4267f7d5f8dc3be84aa015228bb23b081f4b0b02b7040aad","signature_hex":"2fa7b8579689d15e8fd7209264fb9a74fa4c8740fcf97fdfc207868d49de0aaf0af81cb63da972985969baa6fbac40f33af7ce43194aec5a3adf7cd5267c5109","public_key_hex":"c2f8243b0d573587f285c830a868acd19249d17d59ecbf9329e796dfed6fb630"}
{"seq":87,"ts":1781539200000,"agent_id":"funding-carry","symbol":"BTCUSDT","side":"buy","price":67138.33680236399,"quantity":0.029789239579875598,"notional_usd":2000.0,"fee_usd":1.2,"balance_before_usd":10724.814512714824,"balance_after_usd":10723.01465268483,"decision":"ALLOW_CAPPED","cert_hash":"87d596bdc8ea47f848cf3786bead6374c837832c7a48aaff5ec784ddb7137496","prev_hash":"25e2a7a0bd1727da4267f7d5f8dc3be84aa015228bb23b081f4b0b02b7040aad","record_hash":"9ef37a13abd937b79da62ec39f3771714d4b01404d512fcbe35413cd2ff5779f","signature_hex":"b03366098c3bd0a4e8168426f56386ba2a36256bb41ccea986764b9bf8b607d6d6bd0acb786da928138276c9ce93009f4a834bc4bb0aade1e9203072fb028100","public_key_hex":"c2f8243b0d573587f285c830a868acd19249d17d59ecbf9329e796dfed6fb630"}
{"seq":88,"ts":1781542800000,"agent_id":"funding-carry","symbol":"BTCUSDT","side":"buy","price":66832.74514625399,"quantity":0.029925450400447917,"notional_usd":2000.0,"fee_usd":1.2,"balance_before_usd":10713.915557331678,"balance_after_usd":10712.115697301684,"decision":"ALLOW_CAPPED","cert_hash":"8e6e7316680ff5cba6e64c06c397acf580b7df02485ac3c48f8a67faa3be130c","prev_hash":"9ef37a13abd937b79da62ec39f3771714d4b01404d512fcbe35413cd2ff5779f","record_hash":"bfde7cdb4d9cf0017defb476b31bf0a681f4b8b584d4da714800abc5e6799b3a","signature_hex":"237616a2fd075cdac833239bcef366c59d1b614ec06dc5e7a0562a03a3f38795de1e6dd1af1433b1e3a698d25c83e1a77dfa7d3e40d4cc738d3bb3d4d426c706","public_key_hex":"c2f8243b0d573587f285c830a868acd19249d17d59ecbf9329e796dfed6fb630"}
{"seq":89,"ts":1781546400000,"agent_id":"funding-carry","symbol":"BTCUSDT","side":"buy","price":66740.91414113715,"quantity":0.02051766927816114,"notional_usd":1369.36800367,"fee_usd":0.8216208022020001,"balance_before_usd":10706.75973512686,"balance_after_usd":10705.570557901403,"decision":"ALLOW","cert_hash":"63eaa0b5985e255f607f68095219b636c9cab6e51ae9fba737bf4c6a636eb03d","prev_hash":"bfde7cdb4d9cf0017defb476b31bf0a681f4b8b584d4da714800abc5e6799b3a","record_hash":"9f96d509368e300d1c404d9471298b84d1f1d12f2d3206cb07c6b07dfd6bfc92","signature_hex":"9b4bf6ff0459f8939c76d6ef1885b7715c0a40479c256fa6f6cd749a33ff54dae1028bb0f41e62c14ae214e2cb8f2bb9dbe6809e09af560e72fc72501588750b","public_key_hex":"c2f8243b0d573587f285c830a868acd19249d17d59ecbf9329e796dfed6fb630"}
{"seq":90,"ts":1781568000000,"agent_id":"funding-carry","symbol":"BTCUSDT","side":"sell","price":66198.535804368,"quantity":0.030212148587552796,"notional_usd":2000.0,"fee_usd":1.2,"balance_before_usd":10665.342817054941,"balance_after_usd":10663.542677024936,"decision":"ALLOW_CAPPED","cert_hash":"3e6423d5609fe0a519549a6d9ad7cde63d49bf68388849582d662d547d7c78ca","prev_hash":"9f96d509368e300d1c404d9471298b84d1f1d12f2d3206cb07c6b07dfd6bfc92","record_hash":"e7355cd810a08b7add382b7792db4b51706838938fa08fe752e18a88687dc263","signature_hex":"ad837a1a115b463b03b3b9243c2cea9f403cb2a63d34834cb0047919a6f25132dce9413b5fb8056bf02c9c0173c3fee3af1d21114785dba5fd424b58f359900d","public_key_hex":"c2f8243b0d573587f285c830a868acd19249d17d59ecbf9329e796dfed6fb630"}
{"seq":91,"ts":1781571600000,"agent_id":"funding-carry","symbol":"BTCUSDT","side":"sell","price":66292.00775623799,"quantity":0.030169549357355264,"notional_usd":2000.0,"fee_usd":1.2,"balance_before_usd":10668.219102332652,"balance_after_usd":10666.418962302645,"decision":"ALLOW_CAPPED","cert_hash":"c229b71b67c89696ef1b8cdf237fe573721aa1ee486694e8a369f35a8c588969","prev_hash":"e7355cd810a08b7add382b7792db4b51706838938fa08fe752e18a88687dc263","record_hash":"aee8af5262ef85dae09148fe26b800bfcf45d2b8469d8d99a70c40e8e852ab5b","signature_hex":"7cad2437557fda22d6f7d238069cc3abbddd4562fecfb4aed5b3238f6d52b8c1bb5719a6064d50eea9acb8ca37375f7cf829f194df385b884373e58f96a29904","public_key_hex":"c2f8243b0d573587f285c830a868acd19249d17d59ecbf9329e796dfed6fb630"}
{"seq":92,"ts":1781575200000,"agent_id":"funding-carry","symbol":"BTCUSDT","side":"sell","price":65692.17472663191,"quantity":0.019850958773957757,"notional_usd":1304.05265227,"fee_usd":0.7824315913619999,"balance_before_usd":10654.465900459858,"balance_after_usd":10653.33756048524,"decision":"ALLOW","cert_hash":"2e41bbb0a778c4315f3579e7621197bb75cb0c7695c5dd145279f662cac7825c","prev_hash":"aee8af5262ef85dae09148fe26b800bfcf45d2b8469d8d99a70c40e8e852ab5b","record_hash":"ce348f6ab8c55b256226373748db982d6b1853d4c36fe07922e92e0ee11ed4f7","signature_hex":"eda7d139bdc28dbcf134f9e2bcf38fd08c013f7d9966ca0294cbfa4c1b4f22e3d9805a7184751e1d22a2c6a04e8d6341674439bb915808235305700e36d3ea09","public_key_hex":"c2f8243b0d573587f285c830a868acd19249d17d59ecbf9329e796dfed6fb630"}
