{"seq":0,"ts":1778486400000,"agent_id":"funding-carry","symbol":"BTCUSDT","side":"sell","price":80696.58537441601,"quantity":0.024784196143125513,"notional_usd":2000.0,"fee_usd":1.2,"balance_before_usd":10000.0,"balance_after_usd":9998.199859969993,"decision":"ALLOW_CAPPED","cert_hash":"55915697e7df8395bfc57bdf2b811043616be6631c82d829fb9a93789eb21114","prev_hash":"0000000000000000000000000000000000000000000000000000000000000000","record_hash":"a33e754fe0dd3c1eed6c7758266167adc72ae5234a754804be96b632489a4832","signature_hex":"17b3be11dd99d50c36f897cffe44eacff42651aeed802c53a3dd5208f67b80155067cf0e73990c983840796ae2452a010733ba3e2330eef3a17bdf7b168b5a0b","public_key_hex":"c2f8243b0d573587f285c830a868acd19249d17d59ecbf9329e796dfed6fb630"}
{"seq":1,"ts":1778490000000,"agent_id":"funding-carry","symbol":"BTCUSDT","side":"sell","price":80901.323938512,"quantity":0.0247214742928073,"notional_usd":2000.0,"fee_usd":1.2,"balance_before_usd":9993.124056599881,"balance_after_usd":9991.323916569874,"decision":"ALLOW_CAPPED","cert_hash":"2802c566091bdc62d936fd0f958bcd792574a9d1c9235e197e36208d2d4ab3c8","prev_hash":"a33e754fe0dd3c1eed6c7758266167adc72ae5234a754804be96b632489a4832","record_hash":"020f7a9850da58e3cee3c55a4a9b59ddac765984332665448ef6d1f370c2d420","signature_hex":"6de7b5b1232d485c5e4297d39f073a6e78712929eb7f2ebf2316bf1fc0c5c27b75adf2fb98566fe98225e833f8dd864e9b72d838bc79dce49ccdcdcf9601b807","public_key_hex":"c2f8243b0d573587f285c830a868acd19249d17d59ecbf9329e796dfed6fb630"}
{"seq":2,"ts":1778493600000,"agent_id":"funding-carry","symbol":"BTCUSDT","side":"sell","price":80880.91151037534,"quantity":0.012255119158898809,"notional_usd":991.20520824,"fee_usd":0.594723124944,"balance_before_usd":9992.536805495554,"balance_after_usd":9991.69467002462,"decision":"ALLOW","cert_hash":"1224d852f42bd58fa43524eaa58cb4be7489ba60d94d2c618fdd111f31ed59e7","prev_hash":"020f7a9850da58e3cee3c55a4a9b59ddac765984332665448ef6d1f370c2d420","record_hash":"739968786be7ad95ab89ca4f36ea5fd1e7f7552afe002e0a3b323aa3d6b0ac3b","signature_hex":"cebc0570c7a311e0c992ded4b611a46ec31e3a93c20b64d6e65a90b6b6d3aafd9ad68dd208b6e3fa0a3784279bd9f9e3a9043f0f072a10cd2318a93665c8d10f","public_key_hex":"c2f8243b0d573587f285c830a868acd19249d17d59ecbf9329e796dfed6fb630"}
{"seq":3,"ts":1778515200000,"agent_id":"funding-carry","symbol":"BTCUSDT","side":"buy","price":81544.4576304,"quantity":0.0245264982822621,"notional_usd":2000.0,"fee_usd":1.2,"balance_before_usd":9953.49609104222,"balance_after_usd":9951.696231012225,"decision":"ALLOW_CAPPED","cert_hash":"b788d0167cbff7386fe6e348d2d4c74dc34622aa4eff705cdf5d71adbc9cdae0","prev_hash":"739968786be7ad95ab89ca4f36ea5fd1e7f7552afe002e0a3b323aa3d6b0ac3b","record_hash":"e157364376b804804228bbf0a41da42de20333fce8551cdd33da993c7996bee5","signature_hex":"554b4eec82a2901f4ede7f96e8cfbb3137fc68cae98474c497306a3199b25ab23880a5cb7a31b0a75b31b8e778d41661fd2089352b360a006da4b464d6c72300","public_key_hex":"c2f8243b0d573587f285c830a868acd19249d17d59ecbf9329e796dfed6fb630"}
{"seq":4,"ts":1778518800000,"agent_id":"funding-carry","symbol":"BTCUSDT","side":"buy","price":81913.16821777199,"quantity":0.024416098699574867,"notional_usd":2000.0,"fee_usd":1.2,"balance_before_usd":9937.97167123441,"balance_after_usd":9936.171811204416,"decision":"ALLOW_CAPPED","cert_hash":"75ae06d81f2a271f7da09ba3ae0934afb796c8063d4a258d5e6179b91be2e1b7","prev_hash":"e157364376b804804228bbf0a41da42de20333fce8551cdd33da993c7996bee5","record_hash":"3d3041522945df8f17b9b8479163612e8782c6368e8cb3e3469488535d7d537d","signature_hex":"b3083c939e0bebc915f707aeef3135a7bb966694f93c662a267880b9bcb5d6dc87da4a4e88499c2de20b02fb677c2ed164641b1ae9e842805e1556a1cd577a0b","public_key_hex":"c2f8243b0d573587f285c830a868acd19249d17d59ecbf9329e796dfed6fb630"}
{"seq":5,"ts":1778522400000,"agent_id":"funding-carry","symbol":"BTCUSDT","side":"buy","price":81830.1526233592,"quantity":0.012814957505904159,"notional_usd":1048.64992857,"fee_usd":0.6291899571419999,"balance_before_usd":9937.185730240106,"balance_after_usd":9936.29187779223,"decision":"ALLOW","cert_hash":"818715453f8c82e4ad252fe194cf5261fde932c5b93f8275ae7a92582481b281","prev_hash":"3d3041522945df8f17b9b8479163612e8782c6368e8cb3e3469488535d7d537d","record_hash":"0102e838490dcafef412c38b1dba1f1190937f8b86db875fef6872acf34ba555","signature_hex":"f86b0aee741244882213af3fa076473c65deddd3b61bebd3d74836bde856edec74b8a7618b76d673391185a890914db08d04152b601b0919d8a50abf2ee1e802","public_key_hex":"c2f8243b0d573587f285c830a868acd19249d17d59ecbf9329e796dfed6fb630"}
{"seq":6,"ts":1778544000000,"agent_id":"funding-carry","symbol":"BTCUSDT","side":"buy","price":81528.45283008,"quantity":0.024531313064021475,"notional_usd":2000.0,"fee_usd":1.2,"balance_before_usd":9936.292839750029,"balance_after_usd":9934.492979720035,"decision":"ALLOW_CAPPED","cert_hash":"e947b85a5b18e56d6ce48c3baf3896536cfde1963b4049bd3f5f0a5aa1320315","prev_hash":"0102e838490dcafef412c38b1dba1f1190937f8b86db875fef6872acf34ba555","record_hash":"957ddea06b41b0af9ddacd774bbb643618a5ca1d62de21556190034b5a00e76f","signature_hex":"d9c02cabd6eec558237a73d6136688f4891dce969583b57b55a5290bc2231cbf258c330d12ee25aa58ae9731486788b54a552fa92dd08278c6bb8e71c3efee06","public_key_hex":"c2f8243b0d573587f285c830a868acd19249d17d59ecbf9329e796dfed6fb630"}
{"seq":7,"ts":1778547600000,"agent_id":"funding-carry","symbol":"BTCUSDT","side":"buy","price":81182.148963156,"quantity":0.024635957849646076,"notional_usd":2000.0,"fee_usd":1.2,"balance_before_usd":9926.001359131345,"balance_after_usd":9924.201499101353,"decision":"ALLOW_CAPPED","cert_hash":"5564dff46cf611bafe9beaacf79fc5499071d185d46aed1ffd3930a74bc7718c","prev_hash":"957ddea06b41b0af9ddacd774bbb643618a5ca1d62de21556190034b5a00e76f","record_hash":"60112c82ade7c8bb46c69fb123ff9835550a6d52131075ef5694c7cc4b35958d","signature_hex":"6e43d69a6c908febb972f4115e2738d4eaadd531f2670df1fd851a0e22715b29b971bda88490a8087834595b254f870d84294879df2ed3dbd1f9b1814c27ea06","public_key_hex":"c2f8243b0d573587f285c830a868acd19249d17d59ecbf9329e796dfed6fb630"}
{"seq":8,"ts":1778551200000,"agent_id":"funding-carry","symbol":"BTCUSDT","side":"buy","price":81244.48715491778,"quantity":0.011944454253610978,"notional_usd":970.42106018,"fee_usd":0.582252636108,"balance_before_usd":9927.47090748249,"balance_after_usd":9926.647530297956,"decision":"ALLOW","cert_hash":"546b710b45f0025319e8bf1af8218e0a82cda160a273cbbdd7f6a805eca026c2","prev_hash":"60112c82ade7c8bb46c69fb123ff9835550a6d52131075ef5694c7cc4b35958d","record_hash":"95d8fe11fd6f4336abbed144ce46b0297d8d4c3e43dc649671eb3bf57e0c0a68","signature_hex":"a591c69bbb4e0fce53cfa053434b19943b9e76ca70e34e60020522b611bcea3eb76aab2d0fbd435934a49a7ee8ed167f7001a8714342b3f680f5c3f70f2b1c08","public_key_hex":"c2f8243b0d573587f285c830a868acd19249d17d59ecbf9329e796dfed6fb630"}
{"seq":9,"ts":1778572800000,"agent_id":"funding-carry","symbol":"BTCUSDT","side":"sell","price":80790.7571163,"quantity":0.02475530705970434,"notional_usd":2000.0,"fee_usd":1.2,"balance_before_usd":9901.245685189006,"balance_after_usd":9899.445545159,"decision":"ALLOW_CAPPED","cert_hash":"ed5073694cb86145c67543472d42c1dc79d07afc3df27f0718014d2012a92838","prev_hash":"95d8fe11fd6f4336abbed144ce46b0297d8d4c3e43dc649671eb3bf57e0c0a68","record_hash":"0721435aef9af532db67b9b7324a407edfc3e9cbbccd4b95182558d15123c332","signature_hex":"0ef61944af464e0c090aaf029317795fb373a4778d8b9605c1e544dcb18ca877e89bf996936b79b4ae4643d083f84c897874545956fbfcc8450059073f36b807","public_key_hex":"c2f8243b0d573587f285c830a868acd19249d17d59ecbf9329e796dfed6fb630"}
{"seq":10,"ts":1778576400000,"agent_id":"funding-carry","symbol":"BTCUSDT","side":"sell","price":80786.25846621001,"quantity":0.024756685579596784,"notional_usd":2000.0,"fee_usd":1.2,"balance_before_usd":9899.281955835499,"balance_after_usd":9897.481815805491,"decision":"ALLOW_CAPPED","cert_hash":"7360528006340587c16e5922cf3ad7330ca88b3397614bd25d184139431c8337","prev_hash":"0721435aef9af532db67b9b7324a407edfc3e9cbbccd4b95182558d15123c332","record_hash":"eca85281355199ed915a4604412e22db4571ba3bc582ea068f43d3d410ec9972","signature_hex":"34175e29f77cd281a05f7db38951eed5e8094e04e41dd062abd936da3b607a01285658df2b61ceee3816bcc4c241d37496700c0f61d44fc003177844db57ef06","public_key_hex":"c2f8243b0d573587f285c830a868acd19249d17d59ecbf9329e796dfed6fb630"}
{"seq":11,"ts":1778580000000,"agent_id":"funding-carry","symbol":"BTCUSDT","side":"sell","price":80627.90040341658,"quantity":0.011599359527168956,"notional_usd":935.2320047,"fee_usd":0.56113920282,"balance_before_usd":9895.595065675114,"balance_after_usd":9894.803103897077,"decision":"ALLOW","cert_hash":"9c1db8b70933f58b137db6c497d50a3e0c967e1b6ff231c4c1beb5b004f94ac2","prev_hash":"eca85281355199ed915a4604412e22db4571ba3bc582ea068f43d3d410ec9972","record_hash":"fd19c9bee30c7ad0636b9a8afda6f1f9df9b48d2b040513dd45145a958fa0188","signature_hex":"88d3ac3979d3635e50d057c0bdbb9886efef846d7ab2d2d4a2a6717b5071db2b05a6147ec0284a1220e7e53c07df91b0e195a1904635675dd57012f097d0cb0b","public_key_hex":"c2f8243b0d573587f285c830a868acd19249d17d59ecbf9329e796dfed6fb630"}
{"seq":12,"ts":1778659200000,"agent_id":"funding-carry","symbol":"BTCUSDT","side":"buy","price":81174.346623,"quantity":0.024638325816019793,"notional_usd":2000.0,"fee_usd":1.2,"balance_before_usd":9894.801655831243,"balance_after_usd":9893.001795801249,"decision":"ALLOW_CAPPED","cert_hash":"1ed86946787a7b95be486c019f707e6ff637e8f97e47d260d60b2a19016f358f","prev_hash":"fd19c9bee30c7ad0636b9a8afda6f1f9df9b48d2b040513dd45145a958fa0188","record_hash":"e0b304fcdcd520cd50839a73490dff4092963829925a465eaf8ddb8b041b16e1","signature_hex":"e1cdf89795b164a08f799be6ab09c6592bd6e883c8983ac56e616c277e36e01e972d2b70fef69b3e9582e07d737118113f0e19bb34c42af54cd974120f8f170b","public_key_hex":"c2f8243b0d573587f285c830a868acd19249d17d59ecbf9329e796dfed6fb630"}
{"seq":13,"ts":1778662800000,"agent_id":"funding-carry","symbol":"BTCUSDT","side":"buy","price":81274.276594998,"quantity":0.024608032009516397,"notional_usd":2000.0,"fee_usd":1.2,"balance_before_usd":9895.46287862585,"balance_after_usd":9893.663018595857,"decision":"ALLOW_CAPPED","cert_hash":"38251dd916a155d0a74e979b66a422402c0dabd06e841362ad2b8edcee158c3a","prev_hash":"e0b304fcdcd520cd50839a73490dff4092963829925a465eaf8ddb8b041b16e1","record_hash":"463045260ef0eeb86d7bdf94b5da606546454fb7749a43419a7243a68c789846","signature_hex":"d4f5667a4e4ed21a7a3d0eba1e7351a20cd5b3daeadd72f2e17085e810acfe9eaa9f017cd6d37b24ff1d9d46b6a26efa6664c91b772aa88c4e3eef3a679e680a","public_key_hex":"c2f8243b0d573587f285c830a868acd19249d17d59ecbf9329e796dfed6fb630"}
{"seq":14,"ts":1778666400000,"agent_id":"funding-carry","symbol":"BTCUSDT","side":"buy","price":80800.02402066019,"quantity":0.011848661895635135,"notional_usd":957.37216578,"fee_usd":0.574423299468,"balance_before_usd":9870.52349995738,"balance_after_usd":9869.711818807318,"decision":"ALLOW","cert_hash":"9cc5a1648a7d6a21b82d87a43c86a0e7f0c8ece46035d9cd9aca9349b82f69ad","prev_hash":"463045260ef0eeb86d7bdf94b5da606546454fb7749a43419a7243a68c789846","record_hash":"f5b19645f793528b169cb6fb54e560b9fdc783693bcd5556850b8e08190c45c1","signature_hex":"84e93b0ef76c4ded2c085d01ad651498f1859a5ade5d27150b4be7f8c693e309efcbbf04aea00a26a9c2a342b61f268ef8b9f0e14a3dc9ed0148c856860c7f0a","public_key_hex":"c2f8243b0d573587f285c830a868acd19249d17d59ecbf9329e796dfed6fb630"}
{"seq":15,"ts":1778688000000,"agent_id":"funding-carry","symbol":"BTCUSDT","side":"sell","price":79082.969572134,"quantity":0.02528989504087525,"notional_usd":2000.0,"fee_usd":1.2,"balance_before_usd":9767.003031571843,"balance_after_usd":9765.202891541838,"decision":"ALLOW_CAPPED","cert_hash":"28afa1c33226bd733f8d7af91aa337122d5ff8b2893003b14d4a79375dbffc44","prev_hash":"f5b19645f793528b169cb6fb54e560b9fdc783693bcd5556850b8e08190c45c1","record_hash":"bd871314cbe46ce7d4927c6c2923392908965f9697595ab6edf99974cd3cfd1b","signature_hex":"69085318922d1201c9d18305020908cac18e60689d7827fdbcb38d5d1c1fe9a3e5cf147d4e4f6e101055ef4e3e3e3e6c69576bcf9bce38114140b454d865b104","public_key_hex":"c2f8243b0d573587f285c830a868acd19249d17d59ecbf9329e796dfed6fb630"}
{"seq":16,"ts":1778691600000,"agent_id":"funding-carry","symbol":"BTCUSDT","side":"sell","price":79480.15039008,"quantity":0.02516351554676502,"notional_usd":2000.0,"fee_usd":1.2,"balance_before_usd":9779.427130462494,"balance_after_usd":9777.626990432487,"decision":"ALLOW_CAPPED","cert_hash":"6785fb378645350299fe6e3bd31a3d5ddf52c60d4fc4dbdb750b7e3a2c13ba78","prev_hash":"bd871314cbe46ce7d4927c6c2923392908965f9697595ab6edf99974cd3cfd1b","record_hash":"f430efb20a9c46e0bf7b889d3e164946a86f2114ca8eccb42f15014a288004ac","signature_hex":"fdc9b4cf285b36b0aa3c52f63d8c1c98e1a0c8cb6c1ce85801ef82d7bb6e99c0e2429609d50768a7eb82e3576f8e0ece4ed4e33dc0ac8cbfd4ebbbf5f66f540b","public_key_hex":"c2f8243b0d573587f285c830a868acd19249d17d59ecbf9329e796dfed6fb630"}
{"seq":17,"ts":1778695200000,"agent_id":"funding-carry","symbol":"BTCUSDT","side":"sell","price":79544.431101366,"quantity":0.025143180638897727,"notional_usd":2000.0,"fee_usd":1.2,"balance_before_usd":9778.31106186634,"balance_after_usd":9776.510921836332,"decision":"ALLOW_CAPPED","cert_hash":"b59785d925e5e20eacad68a3b87b2f6df1ff542de1109fb2903091aa9a464e24","prev_hash":"f430efb20a9c46e0bf7b889d3e164946a86f2114ca8eccb42f15014a288004ac","record_hash":"17505ae87e2b3d54cc8c4969abdf37b677a08ba86a0809836f99bf75365bacee","signature_hex":"f3f4a025eca28ad0cb07ddc08dcb4345e7c9ec3cbe9883b83838aa7b52f42c731ab30c49426fe8997f9c8042ce5a78b4670a93b534b723f921982fa21c186807","public_key_hex":"c2f8243b0d573587f285c830a868acd19249d17d59ecbf9329e796dfed6fb630"}
{"seq":18,"ts":1778698800000,"agent_id":"funding-carry","symbol":"BTCUSDT","side":"sell","price":79592.716612332,"quantity":0.02512792734216239,"notional_usd":2000.0,"fee_usd":1.2,"balance_before_usd":9775.81035769289,"balance_after_usd":9774.010217662882,"decision":"ALLOW_CAPPED","cert_hash":"48f997eebe314f5ca798703da8e12cb5e28660620ce8538bb3e3c5dd0e694a81","prev_hash":"17505ae87e2b3d54cc8c4969abdf37b677a08ba86a0809836f99bf75365bacee","record_hash":"61f0ec00e0e3c6c35845dda53ac118df852f0ea37f02aa37b7a3f129fa49385e","signature_hex":"800b4ac908b740080b9355ee47f10dcfde2faeaa013c22f4428fe7c9bd9e7decb122239f98c39fef8ee72fd7c97643a57e58c685ef47d32e9c176a014e067e01","public_key_hex":"c2f8243b0d573587f285c830a868acd19249d17d59ecbf9329e796dfed6fb630"}
{"seq":19,"ts":1778702400000,"agent_id":"funding-carry","symbol":"BTCUSDT","side":"sell","price":79649.0821632632,"quantity":0.021699230279104965,"notional_usd":1728.32377538,"fee_usd":1.0369942652279998,"balance_before_usd":9771.818548102137,"balance_after_usd":9770.286424343087,"decision":"ALLOW","cert_hash":"ca857a9705665e10b86d914b6bcdeb94a9ef219d95dc45de9249976fe99da17b","prev_hash":"61f0ec00e0e3c6c35845dda53ac118df852f0ea37f02aa37b7a3f129fa49385e","record_hash":"c53776eff6cfd6efd05fcde0347b373e00a14946ef8dc393e3b516ef1f0a4d65","signature_hex":"fc7d0f3dcf860d77b6fa0e91e1a7351176428a996c5152ad0d8add7e88776b3643cffec9762ea2864bb01f227c06b579bbb8045999687d520b1d35ab1b458808","public_key_hex":"c2f8243b0d573587f285c830a868acd19249d17d59ecbf9329e796dfed6fb630"}
{"seq":20,"ts":1778716800000,"agent_id":"funding-carry","symbol":"BTCUSDT","side":"buy","price":79560.062450724,"quantity":0.025138240700083813,"notional_usd":2000.0,"fee_usd":1.2,"balance_before_usd":9779.057904790403,"balance_after_usd":9777.258044760409,"decision":"ALLOW_CAPPED","cert_hash":"7fcadcc3f5e9d7de9924078f3aae99a27b37da75be4ee0634127f442f34d2f8d","prev_hash":"c53776eff6cfd6efd05fcde0347b373e00a14946ef8dc393e3b516ef1f0a4d65","record_hash":"9e77c67a7fba1c7d3fdecc95d51de3690ee38dcd175d7bc4a71027e5b151e209","signature_hex":"5366ad0bf088bab490450417ada4023c5be99ccd4dbef012a40b22e857822bc82937730a70c50da1fe61204629809656b3dff97f7b4b19a68506deb81dde0808","public_key_hex":"c2f8243b0d573587f285c830a868acd19249d17d59ecbf9329e796dfed6fb630"}
{"seq":21,"ts":1778720400000,"agent_id":"funding-carry","symbol":"BTCUSDT","side":"buy","price":79583.8695912,"quantity":0.0251307207135496,"notional_usd":2000.0,"fee_usd":1.2,"balance_before_usd":9776.396643017728,"balance_after_usd":9774.596782987732,"decision":"ALLOW_CAPPED","cert_hash":"af59b351d270c6bea76084706a8e1712e20cdb86e638459822338454ee46fd54","prev_hash":"9e77c67a7fba1c7d3fdecc95d51de3690ee38dcd175d7bc4a71027e5b151e209","record_hash":"ea32bda9219da6e0e48a959c89c421f460ddc0a4eeccbbda0cefa0f8e41f2145","signature_hex":"807f602708de3f3ec36b098443cba3672748359de7fe3633534e8d754d2d5b2af56e0721f75e02d7938186bc23a369d6512073951548f8b1529514801013fa09","public_key_hex":"c2f8243b0d573587f285c830a868acd19249d17d59ecbf9329e796dfed6fb630"}
{"seq":22,"ts":1778724000000,"agent_id":"funding-carry","symbol":"BTCUSDT","side":"buy","price":79351.24868232783,"quantity":0.011059932353092926,"notional_usd":877.61944256,"fee_usd":0.526571665536,"balance_before_usd":9777.120168849511,"balance_after_usd":9776.379602066307,"decision":"ALLOW","cert_hash":"afcfde16b54a87bc708c9ea08e2a57e54394d962ab641f943f9059ca090e1b7c","prev_hash":"ea32bda9219da6e0e48a959c89c421f460ddc0a4eeccbbda0cefa0f8e41f2145","record_hash":"c2bca33689f3e3405970be76275aff3c0eaecb974e0fa05305b5addab1d0d007","signature_hex":"713444dd30fd339ce186cd98316e9056300d1e8f597bdc6a07386fd6caec79fe7d8b68dc24d1d1c6142914398350cb4af22c9e04ea60a04eb598c245170a080d","public_key_hex":"c2f8243b0d573587f285c830a868acd19249d17d59ecbf9329e796dfed6fb630"}
{"seq":23,"ts":1778832000000,"agent_id":"funding-carry","symbol":"BTCUSDT","side":"sell","price":80589.81741228,"quantity":0.024817031037164837,"notional_usd":2000.0,"fee_usd":1.2,"balance_before_usd":9776.376133659713,"balance_after_usd":9774.575993629705,"decision":"ALLOW_CAPPED","cert_hash":"10891366d18c3ae22f0961ae232960424e4998d58ffe815c055fc9533c242f71","prev_hash":"c2bca33689f3e3405970be76275aff3c0eaecb974e0fa05305b5addab1d0d007","record_hash":"10197da3008ab5d4525c66a5208c38ec04eecaed54e53295bc03fa846c13d25b","signature_hex":"a13014bcaced9807fabc4253c3502a4600a67a90d7bbd7cdd034ffd2a88af8cc6705b8f9a487446ca84efc14057c8b4a5adbcf98b9490002b6b747f533849208","public_key_hex":"c2f8243b0d573587f285c830a868acd19249d17d59ecbf9329e796dfed6fb630"}
{"seq":24,"ts":1778835600000,"agent_id":"funding-carry","symbol":"BTCUSDT","side":"sell","price":80429.765439078,"quantity":0.02486641592303178,"notional_usd":2000.0,"fee_usd":1.2,"balance_before_usd":9778.549632163093,"balance_after_usd":9776.749492133085,"decision":"ALLOW_CAPPED","cert_hash":"6c2cffe1e32ff3e484ccdc6a9d159a1e9aa819c5f3eb9ad1b1ccf1b86b509cc3","prev_hash":"10197da3008ab5d4525c66a5208c38ec04eecaed54e53295bc03fa846c13d25b","record_hash":"d94d7e1db25ccb69f2be28982476fa22c3f92265062e344f42e6921d6c850517","signature_hex":"19aadd8d918c95718fb4e4069f6d169a2c47093bc903763568c28fe20af2f8160ef9bb19c43ef6d74687271acbb72af2d190f72f2098396b5f65a80bd2084d0f","public_key_hex":"c2f8243b0d573587f285c830a868acd19249d17d59ecbf9329e796dfed6fb630"}
{"seq":25,"ts":1778839200000,"agent_id":"funding-carry","symbol":"BTCUSDT","side":"sell","price":80662.1392248052,"quantity":0.010834642509223764,"notional_usd":873.94544253,"fee_usd":0.5243672655180001,"balance_before_usd":9765.426019818311,"balance_after_usd":9764.688635082102,"decision":"ALLOW","cert_hash":"421829cc72dd9d9dbbb7777a588578db4a036e8ff69cb1c011c980d0196359a3","prev_hash":"d94d7e1db25ccb69f2be28982476fa22c3f92265062e344f42e6921d6c850517","record_hash":"b94bf57fc1e32448b15ec80119693ae08ccdaf032bcd933880c9137da30cb03b","signature_hex":"9b6c77999715840583b7534e472d58cd126c93c35a793414b0d7e571dfcc63a969ffc0b54ad9d7ce84e15286600f5d3e5f117cacdc56dab0219066064c1f3c0d","public_key_hex":"c2f8243b0d573587f285c830a868acd19249d17d59ecbf9329e796dfed6fb630"}
{"seq":26,"ts":1778914800000,"agent_id":"funding-carry","symbol":"BTCUSDT","side":"sell","price":78333.50199749344,"quantity":0.0027010292889340028,"notional_usd":211.5810832,"fee_usd":0.12694864992,"balance_before_usd":9906.76947920813,"balance_after_usd":9906.597968970229,"decision":"ALLOW","cert_hash":"1af0ad68bc0f3dd00f6588fd2a8a1f777653130e937f5808145e17b8c6923a3f","prev_hash":"b94bf57fc1e32448b15ec80119693ae08ccdaf032bcd933880c9137da30cb03b","record_hash":"23b60d3681ad575081947df7f28c15344550c7083f15b23d57e2f36d3c311e75","signature_hex":"48b702779ae3e173c8904fb71490aabf5dfdfea1a5f4c83ddf3a1c9fa896c928af26da21dea36d6ceba0b89acc5088ba6e5090ba3f6abd9cb5dd8b5befd5e70f","public_key_hex":"c2f8243b0d573587f285c830a868acd19249d17d59ecbf9329e796dfed6fb630"}
{"seq":27,"ts":1779033600000,"agent_id":"funding-carry","symbol":"BTCUSDT","side":"buy","price":78023.30152999799,"quantity":0.025633367991112894,"notional_usd":2000.0,"fee_usd":1.2,"balance_before_usd":9930.994115583106,"balance_after_usd":9929.194255553111,"decision":"ALLOW_CAPPED","cert_hash":"e40413c6530644f9865235afec4de58ffd56b870a88f6f822c73f023ec6ca564","prev_hash":"23b60d3681ad575081947df7f28c15344550c7083f15b23d57e2f36d3c311e75","record_hash":"f78ab11691dd6fe26c043e71e98e0b2d2a3f419a5027e0a895ea92823cceb926","signature_hex":"3284ea7822c260c68eee6725e648e000baddc547a88e063bff99cf44b19c014be965bfc3cb16e451886734f6f2306f85ab3552ba103af9693ebb2c93ba61f00a","public_key_hex":"c2f8243b0d573587f285c830a868acd19249d17d59ecbf9329e796dfed6fb630"}
{"seq":28,"ts":1779037200000,"agent_id":"funding-carry","symbol":"BTCUSDT","side":"buy","price":78077.91791109,"quantity":0.02561543716211117,"notional_usd":2000.0,"fee_usd":1.2,"balance_before_usd":9927.141926279566,"balance_after_usd":9925.342066249572,"decision":"ALLOW_CAPPED","cert_hash":"99be39e894760b385242c5dc442dcfc9ebe912203e71afd91bee20fd3899ba92","prev_hash":"f78ab11691dd6fe26c043e71e98e0b2d2a3f419a5027e0a895ea92823cceb926","record_hash":"bb026c90daf09caff6673ae7fd50a177426cb161fbfd256f219926be684d52d8","signature_hex":"1031ca553c528735ea6494efceb2e5c81ed0a5d10b5aa0e3a4eba66a7bb1cc7af2b05653aeb9b6afb8024497bd93e3619ed40453bfe69203b25d5d00f2fb8909","public_key_hex":"c2f8243b0d573587f285c830a868acd19249d17d59ecbf9329e796dfed6fb630"}
{"seq":29,"ts":1779040800000,"agent_id":"funding-carry","symbol":"BTCUSDT","side":"buy","price":78252.31173094657,"quantity":0.01197005627591661,"notional_usd":936.68457514,"fee_usd":0.562010745084,"balance_before_usd":9923.20488377334,"balance_after_usd":9922.411710522041,"decision":"ALLOW","cert_hash":"b88cb6a771ef138ca1bea247f390b19aa338aafdb522b5b21ca0988f54e1fa3e","prev_hash":"bb026c90daf09caff6673ae7fd50a177426cb161fbfd256f219926be684d52d8","record_hash":"15ea0fea4bf88fb161a655deefc5bfd30caa7c86b1e8acfa033d61b119acecda","signature_hex":"4f7bada78773a719d926ead441b9cc01590089ba1682172baceada28385c55d5b2e8492a3798a40a2d65905c55d0c1fda21847c8d4da500eca049c38ce374a01","public_key_hex":"c2f8243b0d573587f285c830a868acd19249d17d59ecbf9329e796dfed6fb630"}
{"seq":30,"ts":1779091200000,"agent_id":"funding-carry","symbol":"BTCUSDT","side":"sell","price":76986.8985402,"quantity":0.025978446176210965,"notional_usd":2000.0,"fee_usd":1.2,"balance_before_usd":9922.415368200509,"balance_after_usd":9920.6152281705,"decision":"ALLOW_CAPPED","cert_hash":"32c3407e6f3500f5527108e3a358cfb70e16c0f7c3e75fe3ea1e166e35c5ab4d","prev_hash":"15ea0fea4bf88fb161a655deefc5bfd30caa7c86b1e8acfa033d61b119acecda","record_hash":"7e6d2c4d6f3363eca2b9753c5bcf63756b3b05faa4a3860cdcd674ae8e4679e6","signature_hex":"a7cf4fea1af906a3a03118f0bdbabbce9b0d7b22a1a97a9500eaf98dace20b446dfa475c07e9b9f9aefbd94cfeaf553c2efad3bfa637ca518a54f0b88672b90f","public_key_hex":"c2f8243b0d573587f285c830a868acd19249d17d59ecbf9329e796dfed6fb630"}
{"seq":31,"ts":1779094800000,"agent_id":"funding-carry","symbol":"BTCUSDT","side":"sell","price":76887.328418208,"quantity":0.026012088612593437,"notional_usd":2000.0,"fee_usd":1.2,"balance_before_usd":9923.202975707274,"balance_after_usd":9921.402835677267,"decision":"ALLOW_CAPPED","cert_hash":"efc28501afd1936829825c34cba75dcc9c2c8666a9e5b393218ae61106b9b19c","prev_hash":"7e6d2c4d6f3363eca2b9753c5bcf63756b3b05faa4a3860cdcd674ae8e4679e6","record_hash":"4d15c6e37bb9de4c0febf3ac00552c2bc770d71365837b33eba198901fa472f4","signature_hex":"d3dcf4496686a00aeef697e07f2a4fa3a4ddc4a7b0e0ab47f9264f5b78ce4b53a5cd012ff6fb62147be6fbee33903d1d6c73270bdd8843d3a775c7e0856d070b","public_key_hex":"c2f8243b0d573587f285c830a868acd19249d17d59ecbf9329e796dfed6fb630"}
{"seq":32,"ts":1779098400000,"agent_id":"funding-carry","symbol":"BTCUSDT","side":"sell","price":76728.81188667098,"quantity":0.012701027497329098,"notional_usd":974.53474961,"fee_usd":0.584720849766,"balance_before_usd":9929.8517777347,"balance_after_usd":9929.024618232672,"decision":"ALLOW","cert_hash":"65f6f6dae1008b470266bb242ba6054bb221e5a046fb441d2cc59e7d69357b45","prev_hash":"4d15c6e37bb9de4c0febf3ac00552c2bc770d71365837b33eba198901fa472f4","record_hash":"a717a1bf19f2ab103974050045407e9b4f1108760616ce011602696b85583329","signature_hex":"269768bc6a314674e7db92aa9bb09d46f4300ce417e3b83b1f404548c654b37b8eea5f573b1e3b2404ebc1712a243cf464260fe8bde2cf733b02e4d149f67803","public_key_hex":"c2f8243b0d573587f285c830a868acd19249d17d59ecbf9329e796dfed6fb630"}
{"seq":33,"ts":1779148800000,"agent_id":"funding-carry","symbol":"BTCUSDT","side":"buy","price":77125.032112038,"quantity":0.025931917890090986,"notional_usd":2000.0,"fee_usd":1.2,"balance_before_usd":9906.821488946962,"balance_after_usd":9905.021628916968,"decision":"ALLOW_CAPPED","cert_hash":"65a28cd6ea33e8b1ff08e56effd925d774156c321f5320ac7b1fd6a456793aaa","prev_hash":"a717a1bf19f2ab103974050045407e9b4f1108760616ce011602696b85583329","record_hash":"f007abe16e5054fd637fe4e824b0d47dd2c0b8c7bcb5b10705ab8dabfcf8608f","signature_hex":"79a80b28eabc2813998c6fd94eee761c6c1bf2a720b308ab7e1a73da469dcede8c01539a082f041bf9391dfdfd17bf3a43dda244bb6f9c25ec72bfafe889550e","public_key_hex":"c2f8243b0d573587f285c830a868acd19249d17d59ecbf9329e796dfed6fb630"}
{"seq":34,"ts":1779152400000,"agent_id":"funding-carry","symbol":"BTCUSDT","side":"buy","price":76651.790172576,"quantity":0.026092019449214996,"notional_usd":2000.0,"fee_usd":1.2,"balance_before_usd":9923.360214594439,"balance_after_usd":9921.560354564444,"decision":"ALLOW_CAPPED","cert_hash":"09070b428baeba66094a6a04100cdccfd15b451d969a4c26ebfe6e5774639dcb","prev_hash":"f007abe16e5054fd637fe4e824b0d47dd2c0b8c7bcb5b10705ab8dabfcf8608f","record_hash":"fe89e4b3f5beab8da26bf873117403ac7467286fcff274aa12ae1790f3dba615","signature_hex":"b11bdfd941ffa3dde90dbb68c674cf22b12fc4ddceb7d99cdf1f6013ae43660f16fa4252155e109ffe874cc9a5d21a18ffeda5f651095be07338b6684191460f","public_key_hex":"c2f8243b0d573587f285c830a868acd19249d17d59ecbf9329e796dfed6fb630"}
{"seq":35,"ts":1779156000000,"agent_id":"funding-carry","symbol":"BTCUSDT","side":"buy","price":76599.03246579706,"quantity":0.012667431499128443,"notional_usd":970.31299666,"fee_usd":0.582187797996,"balance_before_usd":9922.178678855866,"balance_after_usd":9921.355398601127,"decision":"ALLOW","cert_hash":"3f7817d20e5c6c5966a3371d1696e241b3d203635d4699d99a6af4e43f4867de","prev_hash":"fe89e4b3f5beab8da26bf873117403ac7467286fcff274aa12ae1790f3dba615","record_hash":"0c8b878f03816b13a76a577465acff4cabb3ef11847ff1b171c1653dc8c3350a","signature_hex":"1bf7c5b8991def8e4c918726dc0d9aaa7418bf9a6513f96122e3497d6498ffacdc2efb964aa7953bbbea9830e02187d85a5556cccdf268b699f093195d19e10c","public_key_hex":"c2f8243b0d573587f285c830a868acd19249d17d59ecbf9329e796dfed6fb630"}
{"seq":36,"ts":1779206400000,"agent_id":"funding-carry","symbol":"BTCUSDT","side":"sell","price":76847.740297416,"quantity":0.02602548874253951,"notional_usd":2000.0,"fee_usd":1.2,"balance_before_usd":9921.354518445254,"balance_after_usd":9919.554378415247,"decision":"ALLOW_CAPPED","cert_hash":"f805e35ec743dec01a6bc8f9b857e4e85233d6b78922ddd90a492840f3837593","prev_hash":"0c8b878f03816b13a76a577465acff4cabb3ef11847ff1b171c1653dc8c3350a","record_hash":"faaaccd5d566859af8f3a26e04f1d344e1d624491b7de1a9fba379fb594b9188","signature_hex":"323f6beb8605a6ed7d36604be36a8faf46a9efed8a2bb940788cb8cf699f75f1c793983db3b6d0271564f29ce9fa403893ec104f7b0a171e749af272cc0d660e","public_key_hex":"c2f8243b0d573587f285c830a868acd19249d17d59ecbf9329e796dfed6fb630"}
{"seq":37,"ts":1779210000000,"agent_id":"funding-carry","symbol":"BTCUSDT","side":"sell","price":76802.15397650399,"quantity":0.02604093630774806,"notional_usd":2000.0,"fee_usd":1.2,"balance_before_usd":9920.741284261792,"balance_after_usd":9918.941144231787,"decision":"ALLOW_CAPPED","cert_hash":"5224020956414fb34e7ad41b59b5303f10d784083aecf8b42b5d8c112178cea6","prev_hash":"faaaccd5d566859af8f3a26e04f1d344e1d624491b7de1a9fba379fb594b9188","record_hash":"61f49dc7e039d0ca5dcf15bf252c7ebaff94b27e76ead5a45c9da937ef558a6d","signature_hex":"8641ebc0bf4027a10f277828c923e11d67d7513ad3cb7a09b5c5fd7e90ca30611a7a61bb85e34a189c9b50b7d625851e1dad5686dac424d2bcfd36e7c61a380c","public_key_hex":"c2f8243b0d573587f285c830a868acd19249d17d59ecbf9329e796dfed6fb630"}
{"seq":38,"ts":1779213600000,"agent_id":"funding-carry","symbol":"BTCUSDT","side":"sell","price":76756.74894036667,"quantity":0.012547086199133115,"notional_usd":963.07354532,"fee_usd":0.577844127192,"balance_before_usd":9921.51338115248,"balance_after_usd":9920.696501737882,"decision":"ALLOW","cert_hash":"42657c61e7d35a5831846affa44f3c632b9c3c8d4a7ffc7cf77d11937f98971c","prev_hash":"61f49dc7e039d0ca5dcf15bf252c7ebaff94b27e76ead5a45c9da937ef558a6d","record_hash":"0f5942d1f49ea7171b5558076cddad4ed6567f4c1a14abcd5da82836a984f7b7","signature_hex":"20e8d45a7a34db6154894454807b9c9ccee76041b2ecd05a6ac92d72268d8d1e894d4c55b57a3c2746b99b56f663f842afcbe68168dfe6e27e394b5efbc9550c","public_key_hex":"c2f8243b0d573587f285c830a868acd19249d17d59ecbf9329e796dfed6fb630"}
{"seq":39,"ts":1779235200000,"agent_id":"funding-carry","symbol":"BTCUSDT","side":"buy","price":76786.130465262,"quantity":0.026046370456247938,"notional_usd":2000.0,"fee_usd":1.2,"balance_before_usd":9921.953628721734,"balance_after_usd":9920.15376869174,"decision":"ALLOW_CAPPED","cert_hash":"a0edde7729ec55a823ac6a0fa039f8cdd12dd21cee53db762706dfd3d6e9b513","prev_hash":"0f5942d1f49ea7171b5558076cddad4ed6567f4c1a14abcd5da82836a984f7b7","record_hash":"610ab41b6d5f45197f0fb06538e1dc9eafe81b3388d024424bab393020d7e936","signature_hex":"c1349ec8d630e915cc63bf60424155e20c2b0cc54718753bbbdf1c0462ec19d1ade9b8fd88b74c55b4bee01a67311a7f44db656cacf594ff29ce653722195201","public_key_hex":"c2f8243b0d573587f285c830a868acd19249d17d59ecbf9329e796dfed6fb630"}
{"seq":40,"ts":1779238800000,"agent_id":"funding-carry","symbol":"BTCUSDT","side":"buy","price":76809.937605738,"quantity":0.02603829741752833,"notional_usd":2000.0,"fee_usd":1.2,"balance_before_usd":9919.235795812678,"balance_after_usd":9917.435935782683,"decision":"ALLOW_CAPPED","cert_hash":"b9fac9715c617a29c0751fcd5370170ff5804c40051c4bfd52003fc2f481139d","prev_hash":"610ab41b6d5f45197f0fb06538e1dc9eafe81b3388d024424bab393020d7e936","record_hash":"89eafbc1fd58b1769a9f0c5abe78fb7df8d2c12b40c8ef98e8fdd199332bc696","signature_hex":"778411e07c39f534344a9d2f5d6d05e5febe6b5b4bc2987605e3836ed9889cc9860d14dcaa0f93f5a96b9e72f812944c6b8296d802e4096c632786707b45fc0f","public_key_hex":"c2f8243b0d573587f285c830a868acd19249d17d59ecbf9329e796dfed6fb630"}
{"seq":41,"ts":1779242400000,"agent_id":"funding-carry","symbol":"BTCUSDT","side":"buy","price":76678.41532977982,"quantity":0.012528883834756196,"notional_usd":960.6949583,"fee_usd":0.57641697498,"balance_before_usd":9919.033764714073,"balance_after_usd":9918.2191068812,"decision":"ALLOW","cert_hash":"60ec1baf387dbe3b689982df1e48a34f9463baefd94f9bc8d63c36708080a7d0","prev_hash":"89eafbc1fd58b1769a9f0c5abe78fb7df8d2c12b40c8ef98e8fdd199332bc696","record_hash":"3ea8dfa2449561c503dc2b220c8daad8cfaaac72a8b1103e4fbfb5a18c6e66c3","signature_hex":"18c6f010887d6517bf5ed4a8cb9c84f27715e82cf144d54dd86c255f31030c45691ecbd95a3dd6238799ab4ff51a492026b9ae6b04818f90762bf279ee9bb904","public_key_hex":"c2f8243b0d573587f285c830a868acd19249d17d59ecbf9329e796dfed6fb630"}
{"seq":42,"ts":1779321600000,"agent_id":"funding-carry","symbol":"BTCUSDT","side":"sell","price":77900.52438847799,"quantity":0.025673768125440415,"notional_usd":2000.0,"fee_usd":1.2,"balance_before_usd":9918.215235442656,"balance_after_usd":9916.415095412649,"decision":"ALLOW_CAPPED","cert_hash":"bab0aa04cc0bda0dfa4e68457b3dfa42860b83332e46adc986f4c6a38ad61a73","prev_hash":"3ea8dfa2449561c503dc2b220c8daad8cfaaac72a8b1103e4fbfb5a18c6e66c3","record_hash":"b690aec05ceb6e0d649e5a56c92212cda974bba99579486edea36fe6763db862","signature_hex":"aa16e7cc17b231d9d6c7ff06e73712f53aeac36a71aa103e1a89841740f1a91803a6313b69720d697ad5cd884e00fb27525d6e33096c2d73db752c374df79904","public_key_hex":"c2f8243b0d573587f285c830a868acd19249d17d59ecbf9329e796dfed6fb630"}
{"seq":43,"ts":1779325200000,"agent_id":"funding-carry","symbol":"BTCUSDT","side":"sell","price":77793.056636328,"quantity":0.02570923532867116,"notional_usd":2000.0,"fee_usd":1.2,"balance_before_usd":9919.175359572913,"balance_after_usd":9917.375219542908,"decision":"ALLOW_CAPPED","cert_hash":"40ae8eecff0fe3b1279879487f5fe364736397c7d4b812f7b52ef715c6bbdef1","prev_hash":"b690aec05ceb6e0d649e5a56c92212cda974bba99579486edea36fe6763db862","record_hash":"e729e09c0fd351c213245877aede534f7f0e0b9b680872d9436bf21c7d94cebb","signature_hex":"e4fc9ebdfdcde69af8432bf3fbbc6c23f001321fd890b9659f781fe11d0bbe051ea0a865a553ce18a1a776e8bd41c67f7032ea5dea65380cb3cb2286d840740f","public_key_hex":"c2f8243b0d573587f285c830a868acd19249d17d59ecbf9329e796dfed6fb630"}
{"seq":44,"ts":1779328800000,"agent_id":"funding-carry","symbol":"BTCUSDT","side":"sell","price":77890.9075641684,"quantity":0.012232177376866236,"notional_usd":952.77539737,"fee_usd":0.5716652384219999,"balance_before_usd":9912.555202308773,"balance_after_usd":9911.747548573228,"decision":"ALLOW","cert_hash":"927d41aabb7d80ada464188f477f72c21c971ce0be1d4a439335ba522097c8b1","prev_hash":"e729e09c0fd351c213245877aede534f7f0e0b9b680872d9436bf21c7d94cebb","record_hash":"a5235e5786a220423e59aa719964cde4f854a01344dfbf1f4de9ab4e14bea2ea","signature_hex":"4c28477750d8b0954ce0b11493efdee976c76140fe691500031598024af513b39238a045c8b8de2d1339f632d728e52093f42e31bb49d5355e7d4fd669186e02","public_key_hex":"c2f8243b0d573587f285c830a868acd19249d17d59ecbf9329e796dfed6fb630"}
{"seq":45,"ts":1779350400000,"agent_id":"funding-carry","symbol":"BTCUSDT","side":"buy","price":77913.3685578,"quantity":0.025669535755167623,"notional_usd":2000.0,"fee_usd":1.2,"balance_before_usd":9912.988040946748,"balance_after_usd":9911.188180916753,"decision":"ALLOW_CAPPED","cert_hash":"840ee1bd69013f4d0079506689daad54922a720fedad7bf1db53aedd6a8d52fb","prev_hash":"a5235e5786a220423e59aa719964cde4f854a01344dfbf1f4de9ab4e14bea2ea","record_hash":"433df1d4f98513dafeede5a24381e0be5d24ee56cec10878ae4c8ec7732b1471","signature_hex":"bb5ec8ab80c38660cdb9e3d42fb01bd1fa4a5659dcf7387b4eabf0b6d7527bf07c6a2c973b8969812b914f14d5e359205d08dd62dc052601eb9f8a07712ac802","public_key_hex":"c2f8243b0d573587f285c830a868acd19249d17d59ecbf9329e796dfed6fb630"}
{"seq":46,"ts":1779354000000,"agent_id":"funding-carry","symbol":"BTCUSDT","side":"buy","price":77626.78260207,"quantity":0.025764303671483968,"notional_usd":2000.0,"fee_usd":1.2,"balance_before_usd":9922.060498611087,"balance_after_usd":9920.260638581092,"decision":"ALLOW_CAPPED","cert_hash":"e54999b990545fbe2e37a1dfb9de1a9116db99cba217124ea5424bdd6ab831ee","prev_hash":"433df1d4f98513dafeede5a24381e0be5d24ee56cec10878ae4c8ec7732b1471","record_hash":"91d950ab175dbc83db64727a57c1d7b11c97f5e0060bab43f9a45ded2c719186","signature_hex":"a2d13c892afc4defba02506455c75396417221a7cbb1bd68628a512964caae36603a9f0436502294da6e26c6e969426f6eb5042e36baf7307cd75f57620e630b","public_key_hex":"c2f8243b0d573587f285c830a868acd19249d17d59ecbf9329e796dfed6fb630"}
{"seq":47,"ts":1779357600000,"agent_id":"funding-carry","symbol":"BTCUSDT","side":"buy","price":77199.56626907564,"quantity":0.012181439948798044,"notional_usd":940.40188058,"fee_usd":0.564241128348,"balance_before_usd":9925.41466058775,"balance_after_usd":9924.618164847609,"decision":"ALLOW","cert_hash":"6a52860390aff280279648a5d983452650641cbe0fa183775671b16a840b117c","prev_hash":"91d950ab175dbc83db64727a57c1d7b11c97f5e0060bab43f9a45ded2c719186","record_hash":"60f8a4fc99c5cc7bfc067288d61bc335c4197d42dd4215e4f4202eae2f3e7bcc","signature_hex":"3363ff7c0499a1924c8dd357ecb29a90c916a998fb643c67013dc8799ca9483409bfe5e99f64c38a0e3523b52bb817f723121b2b2849e895373105eb862f2a0b","public_key_hex":"c2f8243b0d573587f285c830a868acd19249d17d59ecbf9329e796dfed6fb630"}
{"seq":48,"ts":1779379200000,"agent_id":"funding-carry","symbol":"BTCUSDT","side":"sell","price":77146.75057339799,"quantity":0.025924617500217136,"notional_usd":2000.0,"fee_usd":1.2,"balance_before_usd":9924.61821996782,"balance_after_usd":9922.818079937813,"decision":"ALLOW_CAPPED","cert_hash":"00b3db17ea805a45aa07d85932aa4e9378a53ad843faee6b6aa435a4c28d7022","prev_hash":"60f8a4fc99c5cc7bfc067288d61bc335c4197d42dd4215e4f4202eae2f3e7bcc","record_hash":"c25515bf7e8f3909cd15f6b986401d45dcf1989e2d12f4cc0e98bd936fbdbe1e","signature_hex":"156d2587e9c0ab4026295e9373cad2d1ae9a9540b2e3fc930bb5a62c64cc5f17a9bd6018072e0f6f86af8b8c8342340e7577d2c84ebcc4ee1fd38b1d223d5608","public_key_hex":"c2f8243b0d573587f285c830a868acd19249d17d59ecbf9329e796dfed6fb630"}
{"seq":49,"ts":1779382800000,"agent_id":"funding-carry","symbol":"BTCUSDT","side":"sell","price":77811.6510567,"quantity":0.02570309166865814,"notional_usd":2000.0,"fee_usd":1.2,"balance_before_usd":9905.573615393214,"balance_after_usd":9903.773475363207,"decision":"ALLOW_CAPPED","cert_hash":"beaf15bd2a4d4f41d3eab2af6d1e9df67113b7b5a6e51f082cf634dea3b31879","prev_hash":"c25515bf7e8f3909cd15f6b986401d45dcf1989e2d12f4cc0e98bd936fbdbe1e","record_hash":"af806794df883bf3b6b5e6b7b28a96ff126527f9d0cd25e7eb0582f87d0291d1","signature_hex":"a4026bb8fc3ad4da0ec93af2fa32500b13e2b0983bb30d65c685e0a129051c0b9185d433ac65e233220e97b8177b6bf68ae10f97a93eabb61f23c442b112cf04","public_key_hex":"c2f8243b0d573587f285c830a868acd19249d17d59ecbf9329e796dfed6fb630"}
{"seq":50,"ts":1779386400000,"agent_id":"funding-carry","symbol":"BTCUSDT","side":"sell","price":77337.87705372227,"quantity":0.012545227355879473,"notional_usd":970.22125086,"fee_usd":0.582132750516,"balance_before_usd":9928.44779569058,"balance_after_usd":9927.624506708558,"decision":"ALLOW","cert_hash":"d1311ac7048fa36a4a6252584ca7a33f3079304c2893884fda7f88eefc3d43da","prev_hash":"af806794df883bf3b6b5e6b7b28a96ff126527f9d0cd25e7eb0582f87d0291d1","record_hash":"d2386e7a6623d82b51455b493ff59947d73ffbd9dcdfba5f3939f3e1acfd9ca5","signature_hex":"ba90956e31782ef9d7258b74ba000645e6363a462f0ce994c67f362e4a6b211a2eadfa3e3eef4651990f66834ca7950bfbee5420a725ca53f9c439a0f97b8309","public_key_hex":"c2f8243b0d573587f285c830a868acd19249d17d59ecbf9329e796dfed6fb630"}
{"seq":51,"ts":1779408000000,"agent_id":"funding-carry","symbol":"BTCUSDT","side":"buy","price":77366.304476862,"quantity":0.025851047345787876,"notional_usd":2000.0,"fee_usd":1.2,"balance_before_usd":9928.850565344255,"balance_after_usd":9927.050705314261,"decision":"ALLOW_CAPPED","cert_hash":"a8c2026d954cf3fe620e1bd7a1154606983d5786358d8896fa005be7204ea065","prev_hash":"d2386e7a6623d82b51455b493ff59947d73ffbd9dcdfba5f3939f3e1acfd9ca5","record_hash":"636ede83aab358546c3331c9fe15e969a52b5f07309c84dd22efd1adc260dd22","signature_hex":"655adf349270dfc71aca61d12b1f573fcdb759fced8266371b2f29d5af06ca2dcdd9c89f5e2bc296f69197a4ae9a5d3cc650420217a3412aebf6bf3f9782d505","public_key_hex":"c2f8243b0d573587f285c830a868acd19249d17d59ecbf9329e796dfed6fb630"}
{"seq":52,"ts":1779411600000,"agent_id":"funding-carry","symbol":"BTCUSDT","side":"buy","price":77600.27465154,"quantity":0.025773104656921588,"notional_usd":2000.0,"fee_usd":1.2,"balance_before_usd":9918.086511574176,"balance_after_usd":9916.286651544182,"decision":"ALLOW_CAPPED","cert_hash":"fa6ea0f384e54ff2d83befaa864aaab9487dcb656d382393db4b29a65a72d950","prev_hash":"636ede83aab358546c3331c9fe15e969a52b5f07309c84dd22efd1adc260dd22","record_hash":"5d91b287e58f75a6b29c27052527ef53e4d40f9ca993e947baba4c7daa36bced","signature_hex":"6c8743584f787dd096312ad60c6dd03cf8900732d88d1a14ea942d86d96011cec95b4589359c276cb6772dfcfdaba7a4cff405c3b04ed9c14ffd5056c051e207","public_key_hex":"c2f8243b0d573587f285c830a868acd19249d17d59ecbf9329e796dfed6fb630"}
{"seq":53,"ts":1779415200000,"agent_id":"funding-carry","symbol":"BTCUSDT","side":"buy","price":77660.41257348999,"quantity":0.012548672384373419,"notional_usd":974.53507462,"fee_usd":0.584721044772,"balance_before_usd":9915.482081564065,"balance_after_usd":9914.65501336167,"decision":"ALLOW","cert_hash":"0351d708497142922f75c8cf9bba3f34282ec9c89a02f2ab4ce9eb12c2b66106","prev_hash":"5d91b287e58f75a6b29c27052527ef53e4d40f9ca993e947baba4c7daa36bced","record_hash":"f5c687424e1ca86c26b56bdc3cacb8044dd4eadd2eb49ddaaa9132167ed18452","signature_hex":"f8675eedb119a1d531b8930227addcf5662e514a19aea49635db1aa93022d0709418f412065eea4e1371ee4b02d93035ac712a63c067ffa075b2dcb4641ee907","public_key_hex":"c2f8243b0d573587f285c830a868acd19249d17d59ecbf9329e796dfed6fb630"}
{"seq":54,"ts":1779465600000,"agent_id":"funding-carry","symbol":"BTCUSDT","side":"sell","price":76900.92433848,"quantity":0.02600748973051331,"notional_usd":2000.0,"fee_usd":1.2,"balance_before_usd":9914.657275229982,"balance_after_usd":9912.857135199974,"decision":"ALLOW_CAPPED","cert_hash":"7ad6a3418d34f8e6ba62aafa4bb78712c34e14c95185b0799a743e5f5a8c887a","prev_hash":"f5c687424e1ca86c26b56bdc3cacb8044dd4eadd2eb49ddaaa9132167ed18452","record_hash":"c5d11523b1c4f64a3850c18c4d560f4b988df47dec9d677226aa27c30d026f51","signature_hex":"4534db99533ea7e3b1f78e29e322ade055a40e04df91d69630387b63c36e8f3e27e84e92d2d53580558df1737df7af9e7f76fbd9cdeafcebf55048db2a32bc02","public_key_hex":"c2f8243b0d573587f285c830a868acd19249d17d59ecbf9329e796dfed6fb630"}
{"seq":55,"ts":1779469200000,"agent_id":"funding-carry","symbol":"BTCUSDT","side":"sell","price":76709.98163466001,"quantity":0.026072226291556512,"notional_usd":2000.0,"fee_usd":1.2,"balance_before_usd":9917.825161921546,"balance_after_usd":9916.025021891539,"decision":"ALLOW_CAPPED","cert_hash":"264c0d3b91acbaebb251f469c0215f8452939139d87bd73152ef582d746b3cdf","prev_hash":"c5d11523b1c4f64a3850c18c4d560f4b988df47dec9d677226aa27c30d026f51","record_hash":"44f39fd8f7ec9e22f687e4d88c62114d3a5a11a3e0eda211380663a86cc1134c","signature_hex":"8a52a49e983dd33afe55be51ed065d7eff15ab281c04a159fcc37139043d7d739e94ffaa108e23c78e47d80d6f2349d4330fd38fd4941a350298730be991cb0a","public_key_hex":"c2f8243b0d573587f285c830a868acd19249d17d59ecbf9329e796dfed6fb630"}
{"seq":56,"ts":1779472800000,"agent_id":"funding-carry","symbol":"BTCUSDT","side":"sell","price":76482.5537021195,"quantity":0.012808386412741506,"notional_usd":979.61810165,"fee_usd":0.58777086099,"balance_before_usd":9928.076990465728,"balance_after_usd":9927.245267261755,"decision":"ALLOW","cert_hash":"cea2af92c9d249e1b3036189d2e8feaa7154f12b853fda69a8a884a348ae45ab","prev_hash":"44f39fd8f7ec9e22f687e4d88c62114d3a5a11a3e0eda211380663a86cc1134c","record_hash":"c874a2f3c6f94331765cf33b3d67120a802b52c86b263a8ac7e0b6237ceda5fa","signature_hex":"1e5653db8962d5fa78b9a75d2de37e73b4abfdc3a17cca3cb4d0610c095b906940f98aa0e31aad500ea54652ce6a7919df6de50485c29415217368aba6aa2c03","public_key_hex":"c2f8243b0d573587f285c830a868acd19249d17d59ecbf9329e796dfed6fb630"}
{"seq":57,"ts":1779494400000,"agent_id":"funding-carry","symbol":"BTCUSDT","side":"buy","price":75361.303116774,"quantity":0.02653881922531191,"notional_usd":2000.0,"fee_usd":1.2,"balance_before_usd":10002.829491943816,"balance_after_usd":10001.029631913822,"decision":"ALLOW_CAPPED","cert_hash":"f08f59c2ec9581faa1dd8703f908fe18a45f9583a7d9998d72d8466290c7ea3b","prev_hash":"c874a2f3c6f94331765cf33b3d67120a802b52c86b263a8ac7e0b6237ceda5fa","record_hash":"081cbfe2a7239050d5bef7dd3ae1687d11a1779dfbfccae70c3ce523d21039ba","signature_hex":"80ad844a44c2a2dc2b1e66ba31793f6d1d72dc0f3996f2e30e7a17653f7466b07db5c42bd82c1f558ee5567ffb56dff0538809b4bb447de7c114556fe8c7df02","public_key_hex":"c2f8243b0d573587f285c830a868acd19249d17d59ecbf9329e796dfed6fb630"}
{"seq":58,"ts":1779498000000,"agent_id":"funding-carry","symbol":"BTCUSDT","side":"buy","price":75482.53947919799,"quantity":0.026496193872109643,"notional_usd":2000.0,"fee_usd":1.2,"balance_before_usd":9996.381320477914,"balance_after_usd":9994.58146044792,"decision":"ALLOW_CAPPED","cert_hash":"b3190e7608eff3ae5c435abf6f24661b7f991d2b7aea47e6fd4bef8cfa60689d","prev_hash":"081cbfe2a7239050d5bef7dd3ae1687d11a1779dfbfccae70c3ce523d21039ba","record_hash":"b82bd77dddd7aa2022bbf05417c7c7cfbe2c41f9fe458016d0ba81af4ad2f297","signature_hex":"ca76c9fde122ded6d050813dcca04a5125bd9a9816513623609194c5e69d74ab1f3ece4c37cd35b847d449f63e08d2af4e6ef7dc7e736f5af9fe90077687440a","public_key_hex":"c2f8243b0d573587f285c830a868acd19249d17d59ecbf9329e796dfed6fb630"}
{"seq":59,"ts":1779501600000,"agent_id":"funding-carry","symbol":"BTCUSDT","side":"buy","price":75560.89253845267,"quantity":0.01185330906241226,"notional_usd":895.64661229,"fee_usd":0.537387967374,"balance_before_usd":9993.603323063968,"balance_after_usd":9992.846737322965,"decision":"ALLOW","cert_hash":"15f72ac869504b0d4e1e3a1cf2b8279f4c89944e6e6aea8e4b0b7703cb0ea288","prev_hash":"b82bd77dddd7aa2022bbf05417c7c7cfbe2c41f9fe458016d0ba81af4ad2f297","record_hash":"4e8aa503b506e1559659fb9973d66949a87754be7a6572e42eb61b265fae2171","signature_hex":"c98f8121bc4edd5017e8f68f142985e87c5e47d01ae1f4d6d2680dc5f65ff87307b8b94b0ecdd0e143c3ec5a32bbdea8c4bc9b06244a7d318ef08057cd8ea401","public_key_hex":"c2f8243b0d573587f285c830a868acd19249d17d59ecbf9329e796dfed6fb630"}
{"seq":60,"ts":1779580800000,"agent_id":"funding-carry","symbol":"BTCUSDT","side":"buy","price":76819.940605938,"quantity":0.026034906877361017,"notional_usd":2000.0,"fee_usd":1.2,"balance_before_usd":9992.84307346739,"balance_after_usd":9991.043213437395,"decision":"ALLOW_CAPPED","cert_hash":"1b5857c751aef8d662bb20763d9a5668c3db2db6fdfc052adbddb8bdade92c74","prev_hash":"4e8aa503b506e1559659fb9973d66949a87754be7a6572e42eb61b265fae2171","record_hash":"fa7efc410171e17875e7a9cf28a758bcef1e472d707694c060a394fbfa229c83","signature_hex":"5878c7f764e5c2b04023ca80b032ba17bd0bffca93c9a9d45b5917068ef22253a8221f720c20a02e608c94ed8446aa6c843d5dae79610c55864e436257f3b10c","public_key_hex":"c2f8243b0d573587f285c830a868acd19249d17d59ecbf9329e796dfed6fb630"}
{"seq":61,"ts":1779584400000,"agent_id":"funding-carry","symbol":"BTCUSDT","side":"buy","price":76865.154166842,"quantity":0.02601959264478725,"notional_usd":2000.0,"fee_usd":1.2,"balance_before_usd":9992.219860073574,"balance_after_usd":9990.420000043581,"decision":"ALLOW_CAPPED","cert_hash":"41eb91d34be55f89abcfbbf99d6391dd174b36f62a7ab2f9b1901a177d0ccf40","prev_hash":"fa7efc410171e17875e7a9cf28a758bcef1e472d707694c060a394fbfa229c83","record_hash":"a8df878b7019b02e6c258c6e8b28840a1214b10c17bb2cc95ac1a92055996a27","signature_hex":"f7898f50a7faf42dbc80b9ab0a0931bd11986b373ab55c43e882b7057fc18ae044e205f2e9e1e4f6bc1ccad0d7f3e47ab1ff4418164ac7670a2dc60e8c754b0d","public_key_hex":"c2f8243b0d573587f285c830a868acd19249d17d59ecbf9329e796dfed6fb630"}
{"seq":62,"ts":1779588000000,"agent_id":"funding-carry","symbol":"BTCUSDT","side":"buy","price":76794.98428062524,"quantity":0.012984981130617678,"notional_usd":997.18142181,"fee_usd":0.598308853086,"balance_before_usd":9986.9689791048,"balance_after_usd":9986.121562729793,"decision":"ALLOW","cert_hash":"839ded7e124cea13f2002950c451574eb15e21d4c4eaa8d56219a167187feb15","prev_hash":"a8df878b7019b02e6c258c6e8b28840a1214b10c17bb2cc95ac1a92055996a27","record_hash":"86d0b6ceec211a7d016a6819fde08bdd41d78c763faf73c22b5e987d11b2efd1","signature_hex":"fe983dfeeac36b66357eb376b12cfa7eb01825b00940dbed151064d21d10d2a26893c309632d87188f32a181ddd6dc7f6bfe28cf45fd7d2e6f775ae6522ca80f","public_key_hex":"c2f8243b0d573587f285c830a868acd19249d17d59ecbf9329e796dfed6fb630"}
{"seq":63,"ts":1779609600000,"agent_id":"funding-carry","symbol":"BTCUSDT","side":"sell","price":76769.86366585799,"quantity":0.02605188943287734,"notional_usd":2000.0,"fee_usd":1.2,"balance_before_usd":9987.68317950638,"balance_after_usd":9985.883039476375,"decision":"ALLOW_CAPPED","cert_hash":"b21cfcbd11e9f9f867deca974f032ba4e4abaf09caaa88d340786f85bac0ac72","prev_hash":"86d0b6ceec211a7d016a6819fde08bdd41d78c763faf73c22b5e987d11b2efd1","record_hash":"b73620e814bb0173b4755c9a56b502cd7b0f3ad1cddb74a1cd7391448c0cf9a1","signature_hex":"82d71d89f1ca9307e2ce1481a9bebb3e1731fc446968538f460a3495712be58872090cff95030e2af9c0460b4071883d0b0725b3809bf7e68b70eaf8602c4502","public_key_hex":"c2f8243b0d573587f285c830a868acd19249d17d59ecbf9329e796dfed6fb630"}
{"seq":64,"ts":1779613200000,"agent_id":"funding-carry","symbol":"BTCUSDT","side":"sell","price":76955.90783958,"quantity":0.02598890788435815,"notional_usd":2000.0,"fee_usd":1.2,"balance_before_usd":9993.138090204928,"balance_after_usd":9991.337950174919,"decision":"ALLOW_CAPPED","cert_hash":"fdba05698fbb7b353bc114b22790e1ee801cefdba52da930ffa13fa51bf6dd75","prev_hash":"b73620e814bb0173b4755c9a56b502cd7b0f3ad1cddb74a1cd7391448c0cf9a1","record_hash":"f9f6e9084008dc995f9a4d7d9e9dc970e67be81f4b88643be4716b956b6ca17a","signature_hex":"e807fdffb6f28f674c5ef7a8646e051832849f0f907b4a5227e8baf928bd2c0d66dca7bc0ba5cd3c2305db5cd4b5dc17d23d48c988f71fc2a2f53607ad264206","public_key_hex":"c2f8243b0d573587f285c830a868acd19249d17d59ecbf9329e796dfed6fb630"}
{"seq":65,"ts":1779616800000,"agent_id":"funding-carry","symbol":"BTCUSDT","side":"sell","price":77125.90497518299,"quantity":0.012999032911738243,"notional_usd":1002.56217712,"fee_usd":0.601537306272,"balance_before_usd":9993.497849090694,"balance_after_usd":9992.645495121793,"decision":"ALLOW","cert_hash":"6807ceab6507d0f894024731713e2975d81c316a452fc6096228e8a71268b63f","prev_hash":"f9f6e9084008dc995f9a4d7d9e9dc970e67be81f4b88643be4716b956b6ca17a","record_hash":"5ed5ba5a85dd36de2875bfd89e8a130774efbf349724eeb381eb0edee8ab8f28","signature_hex":"851d2aa37909533acd98c4ec5480ee08d96886d7d304c799c88573b669a237a61818aed2e599b1ad849e757fb31b140ec700803412bf59fd7b67bc555e7b9304","public_key_hex":"c2f8243b0d573587f285c830a868acd19249d17d59ecbf9329e796dfed6fb630"}
{"seq":66,"ts":1779926400000,"agent_id":"funding-carry","symbol":"BTCUSDT","side":"sell","price":74521.13844087,"quantity":0.026838022631483716,"notional_usd":2000.0,"fee_usd":1.2,"balance_before_usd":9992.65399981682,"balance_after_usd":9990.853859786812,"decision":"ALLOW_CAPPED","cert_hash":"09d5714622915eab70c7799bb4325f305e875a12b4b0d0151a4dd51fab723de8","prev_hash":"5ed5ba5a85dd36de2875bfd89e8a130774efbf349724eeb381eb0edee8ab8f28","record_hash":"56bf20d232f7c2fb2f7249be23e4e867c33e1844a5961c9c4b407f61126baf32","signature_hex":"7bfbd4c72c4c5002979105294284f33e8141140827ad37f4eedce9fe3d7b3e18dd8bddab407802a8a0c739682e08365e83fdfe6ed1fe012d252b51779bf2060c","public_key_hex":"c2f8243b0d573587f285c830a868acd19249d17d59ecbf9329e796dfed6fb630"}
{"seq":67,"ts":1779930000000,"agent_id":"funding-carry","symbol":"BTCUSDT","side":"sell","price":74294.906326344,"quantity":0.026919745900410755,"notional_usd":2000.0,"fee_usd":1.2,"balance_before_usd":9996.928040061299,"balance_after_usd":9995.127900031292,"decision":"ALLOW_CAPPED","cert_hash":"7bf65c589ea29e5214f4d349c3420c01c65d53d8e97d57b17231be5fa8b15e66","prev_hash":"56bf20d232f7c2fb2f7249be23e4e867c33e1844a5961c9c4b407f61126baf32","record_hash":"1aad06e8f804db1e1d03659ce72cf5d760b404264fea4c8d3e460d576bdf550f","signature_hex":"582166bdce7fc6ac2bc2924757ee911ead1e09acb3efda8baf49e522a03ba0f3d1b38be6bc3389be0a7ccd41f7b8fd2c193c44c2993ccb59ccf83e4011839702","public_key_hex":"c2f8243b0d573587f285c830a868acd19249d17d59ecbf9329e796dfed6fb630"}
{"seq":68,"ts":1779933600000,"agent_id":"funding-carry","symbol":"BTCUSDT","side":"sell","price":74241.61084744013,"quantity":0.013561021211526077,"notional_usd":1006.79205948,"fee_usd":0.604075235688,"balance_before_usd":9998.192278157627,"balance_after_usd":9997.336115029771,"decision":"ALLOW","cert_hash":"0ec967829bed5fe7394d81119aa21b961cc0b75ac0e14a7e76f442a13dcf3ade","prev_hash":"1aad06e8f804db1e1d03659ce72cf5d760b404264fea4c8d3e460d576bdf550f","record_hash":"34dab63c37bc83afd49680174de8065c4fb2feb978abd3d001efc564a68640c0","signature_hex":"dc86e7c5bf43615865b773c5b2e8f24ff5d02bc3dc9082e4695d6266795f2f77b0f92b84eaf10a2c17e0703b2d1fd886c4f77695b7c4a6aa01edc1c78bd2500b","public_key_hex":"c2f8243b0d573587f285c830a868acd19249d17d59ecbf9329e796dfed6fb630"}
{"seq":69,"ts":1779955200000,"agent_id":"funding-carry","symbol":"BTCUSDT","side":"buy","price":73308.88753573799,"quantity":0.02728182171670526,"notional_usd":2000.0,"fee_usd":1.2,"balance_before_usd":10063.339238405017,"balance_after_usd":10061.539378375022,"decision":"ALLOW_CAPPED","cert_hash":"30a8e2d9c4e9da8bc41d3cf828de72776dc2e2ea4f28a63db22e438b1600c473","prev_hash":"34dab63c37bc83afd49680174de8065c4fb2feb978abd3d001efc564a68640c0","record_hash":"0ab5484e95262cfa1533f66713b8f918806739ed59331d67f6dfa0b677cf0ce8","signature_hex":"1107d1d809181898678c10c25791db7c7cec694adafa7a222654b14ff17f297bfea5d0ee14c6f09dc48603261e20c763657f9e73942c054c925bd859ab729a0d","public_key_hex":"c2f8243b0d573587f285c830a868acd19249d17d59ecbf9329e796dfed6fb630"}
{"seq":70,"ts":1779958800000,"agent_id":"funding-carry","symbol":"BTCUSDT","side":"buy","price":73534.95534025799,"quantity":0.027197949475126222,"notional_usd":2000.0,"fee_usd":1.2,"balance_before_usd":10052.49028882337,"balance_after_usd":10050.690428793376,"decision":"ALLOW_CAPPED","cert_hash":"89d409df81387962465b7b201ffa1d7b55e8a5cea643b0594f390a1ca8977d61","prev_hash":"0ab5484e95262cfa1533f66713b8f918806739ed59331d67f6dfa0b677cf0ce8","record_hash":"60013fd6496a2d67fc05232ea6bfcea2be8ba04c2d678b435d8f5e4ec9f6a92f","signature_hex":"13fa35d11fc94e7c3c5911e10212ddd5464c8460b06d616b1bf77f5ae1feefe5879373102ddaf3c1df1947c754cd868e50422720985bc399ad328bbab7c14904","public_key_hex":"c2f8243b0d573587f285c830a868acd19249d17d59ecbf9329e796dfed6fb630"}
{"seq":71,"ts":1779962400000,"agent_id":"funding-carry","symbol":"BTCUSDT","side":"buy","price":73385.9310296868,"quantity":0.012839096915985821,"notional_usd":942.20908076,"fee_usd":0.5653254484560001,"balance_before_usd":10052.55384213845,"balance_after_usd":10051.755730642657,"decision":"ALLOW","cert_hash":"cc105e4176b354b55e6668f7966d4aa929513c5c08e00d1c091f41b37612e6e2","prev_hash":"60013fd6496a2d67fc05232ea6bfcea2be8ba04c2d678b435d8f5e4ec9f6a92f","record_hash":"fed913f7f79f21bd658177b83a7b0fb5ec1cad9ffea4db7857776bd8b37a60b0","signature_hex":"5db64ebc14d8d320791cb2b6b3028d9bc828c24e5ef291b3340b45e68fef97b8541bf4b798cee5374224510947c12a47bb24bb42ec498a4a5619f99f6eaabd0b","public_key_hex":"c2f8243b0d573587f285c830a868acd19249d17d59ecbf9329e796dfed6fb630"}
{"seq":72,"ts":1780300800000,"agent_id":"funding-carry","symbol":"BTCUSDT","side":"sell","price":72863.23592770202,"quantity":0.027448684848206367,"notional_usd":2000.0,"fee_usd":1.2,"balance_before_usd":10051.757374427003,"balance_after_usd":10049.957234396996,"decision":"ALLOW_CAPPED","cert_hash":"e567a550f3e7654c8b185b0d782fc61b7ce19d372d251eb4dec899b0ed78f177","prev_hash":"fed913f7f79f21bd658177b83a7b0fb5ec1cad9ffea4db7857776bd8b37a60b0","record_hash":"3a764b793c99f6e395ed2af0fb465b1d7b6ab8d5330d271977a13a17a748e900","signature_hex":"b7b5a6897d3d0bbe0676ff012675b81ffa64c55c65c8a150a51b2e4a58b753c2a79368f52f056aaa692dc7336e2dfc4fa3e037f71e08c3e2ae016c2b41814e03","public_key_hex":"c2f8243b0d573587f285c830a868acd19249d17d59ecbf9329e796dfed6fb630"}
{"seq":73,"ts":1780304400000,"agent_id":"funding-carry","symbol":"BTCUSDT","side":"sell","price":72846.64090736999,"quantity":0.02745493786794028,"notional_usd":2000.0,"fee_usd":1.2,"balance_before_usd":10050.412935235017,"balance_after_usd":10048.612795205012,"decision":"ALLOW_CAPPED","cert_hash":"44fcb9a0bedd89d01113fa35dd9eb6d36bf75b158b3928a812e2dd5ade69a53a","prev_hash":"3a764b793c99f6e395ed2af0fb465b1d7b6ab8d5330d271977a13a17a748e900","record_hash":"0b6d8680048272ca92112f8dc62aabd1ce5ebc2b3395730fb7117448abfa4fd5","signature_hex":"a7ef65e7df0a80a15f2209eeae52ad899f55dfec4a6c5b197259cf85121be26378cbebcb7406e301e4bf54f0aa7314840ce7a81d961f981cb6f3bab4831f9a09","public_key_hex":"c2f8243b0d573587f285c830a868acd19249d17d59ecbf9329e796dfed6fb630"}
{"seq":74,"ts":1780308000000,"agent_id":"funding-carry","symbol":"BTCUSDT","side":"sell","price":72713.49236680844,"quantity":0.014228297508953915,"notional_usd":1034.58920231,"fee_usd":0.620753521386,"balance_before_usd":10056.118554160814,"balance_after_usd":10055.237314187694,"decision":"ALLOW","cert_hash":"32f6a4243c342af1fa5179c7b2240ef0e054195d2734e53b36e2e08ccadb006c","prev_hash":"0b6d8680048272ca92112f8dc62aabd1ce5ebc2b3395730fb7117448abfa4fd5","record_hash":"5f8514f6702c17e066ea7eec8b013e222d5b6f8b498c963248bdf5011576be41","signature_hex":"d1b32c28c7845a36a608d95bf76da98c3404449a2522ab7397084a08c151b42b05d31d9dae173f83079eeb30993ac2f88591c7e722152394e3ebcee8807d1509","public_key_hex":"c2f8243b0d573587f285c830a868acd19249d17d59ecbf9329e796dfed6fb630"}
{"seq":75,"ts":1780362000000,"agent_id":"funding-carry","symbol":"BTCUSDT","side":"sell","price":70613.50553359035,"quantity":0.0030861056364966423,"notional_usd":217.92073744,"fee_usd":0.130752442464,"balance_before_usd":10201.643492341012,"balance_after_usd":10201.466774001809,"decision":"ALLOW","cert_hash":"de0652bc9d4927c65cb9bd91eb8c36c219afaa384feaad7ee1195fd18ba69fe2","prev_hash":"5f8514f6702c17e066ea7eec8b013e222d5b6f8b498c963248bdf5011576be41","record_hash":"c550dd5717fdefd380c910f0dd1ba81ec8b17b1d50cb0df54b3982d9b08e6780","signature_hex":"1a6634a47ab4043bfe67320891a0fcad5acc59ef0fd2b20a81c65fcff30d42bcee81a82c605579d9b223a0928c66abfdfddd21868769e4641a393924bbbbe80b","public_key_hex":"c2f8243b0d573587f285c830a868acd19249d17d59ecbf9329e796dfed6fb630"}
{"seq":76,"ts":1780408800000,"agent_id":"funding-carry","symbol":"BTCUSDT","side":"sell","price":67981.93172375816,"quantity":0.0041957649364693815,"notional_usd":285.23620544,"fee_usd":0.17114172326399998,"balance_before_usd":10392.04988917199,"balance_after_usd":10391.817622386086,"decision":"ALLOW","cert_hash":"c74a4e01223a7e94ef74332b58a461bb20413c27cd51d2e35dbff47982e64c18","prev_hash":"c550dd5717fdefd380c910f0dd1ba81ec8b17b1d50cb0df54b3982d9b08e6780","record_hash":"271ef111f9af1367d4f04960dc26e5275ae03d5a42380fb37a7f0790584033cc","signature_hex":"f1f9d9c2d1bc4e9fbd7258a62a9b4176b58407a6cd0cb2426a497d252f496a893959985d4eb250411620f0bff9cf42b62b9887c8e81485bf75219a329506bc0e","public_key_hex":"c2f8243b0d573587f285c830a868acd19249d17d59ecbf9329e796dfed6fb630"}
{"seq":77,"ts":1780444800000,"agent_id":"funding-carry","symbol":"BTCUSDT","side":"buy","price":66920.27139800398,"quantity":0.02988631035437871,"notional_usd":2000.0,"fee_usd":1.2,"balance_before_usd":10476.48683598073,"balance_after_usd":10474.686975950735,"decision":"ALLOW_CAPPED","cert_hash":"407caf4ae876aa596ecdbed25fd7a6757ed1c0e8ce095923810b42d57a452220","prev_hash":"271ef111f9af1367d4f04960dc26e5275ae03d5a42380fb37a7f0790584033cc","record_hash":"2332904c7bcd102f44d5bd6006174c82860ab69c4687a7c2965b36d334f7e92f","signature_hex":"bf24dcd7fa75790f189cef72b0706427536d9f2c7422eceab46131620a3f61f75cfaaec3954a7c2afb15665fe73ad7d5562d612b640e12f535f15dfa0d3a4e0b","public_key_hex":"c2f8243b0d573587f285c830a868acd19249d17d59ecbf9329e796dfed6fb630"}
{"seq":78,"ts":1780448400000,"agent_id":"funding-carry","symbol":"BTCUSDT","side":"buy","price":66900.0653376,"quantity":0.02989533702108263,"notional_usd":2000.0,"fee_usd":1.2,"balance_before_usd":10475.62689514755,"balance_after_usd":10473.827035117554,"decision":"ALLOW_CAPPED","cert_hash":"cf0b1f37ad6637bfbfa5b21276b3b100a81421b66b299f8908d0563c93419ff7","prev_hash":"2332904c7bcd102f44d5bd6006174c82860ab69c4687a7c2965b36d334f7e92f","record_hash":"ec74dd6673242cce0be0ff833d84a68f36959ba7d65fd9b4359b5e4d7c00fd86","signature_hex":"f692d02cb888bbbfd9db9bfffe9deb52502474311377bb74dd900cc199fc8827c0aa603048c9f52402b733a79851deb33e6fa3fdfcc6c3eee532fd7f34f46f04","public_key_hex":"c2f8243b0d573587f285c830a868acd19249d17d59ecbf9329e796dfed6fb630"}
{"seq":79,"ts":1780452000000,"agent_id":"funding-carry","symbol":"BTCUSDT","side":"buy","price":66600.8053471694,"quantity":0.016631068750388254,"notional_usd":1107.64257256,"fee_usd":0.664585543536,"balance_before_usd":10478.75441580164,"balance_after_usd":10477.807013160207,"decision":"ALLOW","cert_hash":"aeddf5370b7141dd696bab112eff2ccb7f06d0cdf9cd58fbabe7fbc3019d0681","prev_hash":"ec74dd6673242cce0be0ff833d84a68f36959ba7d65fd9b4359b5e4d7c00fd86","record_hash":"fca8fce46019195ee5bc755e6a780dc43384a44e64d58c61f31200375db7b75e","signature_hex":"39497ed55911193dc898a4c2252f1888138e32dcfee20a642edb3d6ed866376226993eb8a7a93a502895971a2b0d5bbfb090fe6e235f89492cfea4763b57b601","public_key_hex":"c2f8243b0d573587f285c830a868acd19249d17d59ecbf9329e796dfed6fb630"}
{"seq":80,"ts":1780502400000,"agent_id":"funding-carry","symbol":"BTCUSDT","side":"sell","price":66030.886111014,"quantity":0.030288855985326518,"notional_usd":2000.0,"fee_usd":1.2,"balance_before_usd":10477.809308991551,"balance_after_usd":10476.009168961544,"decision":"ALLOW_CAPPED","cert_hash":"a6fce0a0493ba828dc6d5c2c1555b5b88b65625309c675a9e6e3bbeb3cba471b","prev_hash":"fca8fce46019195ee5bc755e6a780dc43384a44e64d58c61f31200375db7b75e","record_hash":"1516f6f017a910825825720e21351ccea1e8213a7783cbf45e9c929ce6802f49","signature_hex":"7d037acf96c9382a989a862ae87c40491c9212c7d12f0d3ae11e42d7f6fea63e91f6e77f65afc206f37c72ab88b7fa0794497ecc9783c451d078e517e88e5203","public_key_hex":"c2f8243b0d573587f285c830a868acd19249d17d59ecbf9329e796dfed6fb630"}
{"seq":81,"ts":1780506000000,"agent_id":"funding-carry","symbol":"BTCUSDT","side":"sell","price":65929.116648978,"quantity":0.030335610450363936,"notional_usd":2000.0,"fee_usd":1.2,"balance_before_usd":10479.093006900035,"balance_after_usd":10477.29286687003,"decision":"ALLOW_CAPPED","cert_hash":"f83fc454ac0e7b59ffada62a10e74e2823e81668902567f5430bcb7731867a58","prev_hash":"1516f6f017a910825825720e21351ccea1e8213a7783cbf45e9c929ce6802f49","record_hash":"eafe5c8350edfd80f9f9f45872787d7766f65502524ac7fbb69967e9187ba52e","signature_hex":"2e7d008dcd1022e93932e0ea40532155be9e5efd9f5b6dec3d055dddac5fb95ccb6c6d145babf0ffbad32d16e821ce613187192f274eaa011225f8fae6a8d804","public_key_hex":"c2f8243b0d573587f285c830a868acd19249d17d59ecbf9329e796dfed6fb630"}
{"seq":82,"ts":1780509600000,"agent_id":"funding-carry","symbol":"BTCUSDT","side":"sell","price":65998.32417920174,"quantity":0.01870022536313024,"notional_usd":1234.18353574,"fee_usd":0.740510121444,"balance_before_usd":10473.248931648104,"balance_after_usd":10472.185359784398,"decision":"ALLOW","cert_hash":"e1ff529197265425dd9cfb1b4c0a20990b57f2742be0fb6d4b12022ab907f9c9","prev_hash":"eafe5c8350edfd80f9f9f45872787d7766f65502524ac7fbb69967e9187ba52e","record_hash":"8a8c2e9ef2b9c33a905eb04dac49e3929dad6030cb188194dc9e9112dc83cf39","signature_hex":"9b67caf972944783bbeb4a8db9fb537ec7a85cf793a69aa5509aabe927fac2f7e3c421e8479e76ac3bec3c69834e7e98b441e764bec05491d62e9cd4bb47920a","public_key_hex":"c2f8243b0d573587f285c830a868acd19249d17d59ecbf9329e796dfed6fb630"}
{"seq":83,"ts":1780527600000,"agent_id":"funding-carry","symbol":"BTCUSDT","side":"sell","price":64105.056057689486,"quantity":0.0035079237588939893,"notional_usd":224.87564921,"fee_usd":0.134925389526,"balance_before_usd":10622.672357702926,"balance_after_usd":10622.48992119638,"decision":"ALLOW","cert_hash":"abaa665ca9080bef55e5737c7ad89ba9173201c33dd354b4684e18e6887d5c1f","prev_hash":"8a8c2e9ef2b9c33a905eb04dac49e3929dad6030cb188194dc9e9112dc83cf39","record_hash":"dc9d36e8d355c461bd02931800532157a7b1456c97624638c34752c00ff97502","signature_hex":"0226eac0078da2d9b0d42a94b674e00d7ac70f9526f369f09ab972dca701371bde74225d4055edbf6ca42f252eab4c4cefd3244c6587940a76eb0a59390fff0b","public_key_hex":"c2f8243b0d573587f285c830a868acd19249d17d59ecbf9329e796dfed6fb630"}
{"seq":84,"ts":1780531200000,"agent_id":"funding-carry","symbol":"BTCUSDT","side":"buy","price":63334.796006316,"quantity":0.0315782180746355,"notional_usd":2000.0,"fee_usd":1.2,"balance_before_usd":10689.41619035093,"balance_after_usd":10687.616330320936,"decision":"ALLOW_CAPPED","cert_hash":"7f723b7b618bc570d5b2ea6aa21c26634a463abf85c3a01655a3b33cb791ffc9","prev_hash":"dc9d36e8d355c461bd02931800532157a7b1456c97624638c34752c00ff97502","record_hash":"1b46fed82a299d34ac9c636919aeda2de310d22f946008eb9ed4c5d544dc95ed","signature_hex":"543b2de1bd0f79c4e2d8b4470de63cb008c4e6f3f8e14a03e7a3df3a7b2547121a917c46235eef4dfb0a32f94bd115d2e4c9708e42dcbf91bc3554513968000e","public_key_hex":"c2f8243b0d573587f285c830a868acd19249d17d59ecbf9329e796dfed6fb630"}
{"seq":85,"ts":1780534800000,"agent_id":"funding-carry","symbol":"BTCUSDT","side":"buy","price":62161.744172861996,"quantity":0.03217412938797721,"notional_usd":2000.0,"fee_usd":1.2,"balance_before_usd":10747.72734333504,"balance_after_usd":10745.927483305046,"decision":"ALLOW_CAPPED","cert_hash":"045005acd53eee180822dd318da652b0d3d4cb1bb9db36d8d93739a43c172fe6","prev_hash":"1b46fed82a299d34ac9c636919aeda2de310d22f946008eb9ed4c5d544dc95ed","record_hash":"a18634e97f396a569a7b7b8a421b0725ac660cac8801f9c2500d1e4412354e3c","signature_hex":"3b67191f16353682ad663b92ae1efee6748bfb1372812e82b15997e021b88a19980eb40ed4d7e666b86471f06035db2abd5a5ae9fc61fb14debabc4a3d9ce309","public_key_hex":"c2f8243b0d573587f285c830a868acd19249d17d59ecbf9329e796dfed6fb630"}
{"seq":86,"ts":1780538400000,"agent_id":"funding-carry","symbol":"BTCUSDT","side":"buy","price":63210.45049614358,"quantity":0.019079548893162514,"notional_usd":1206.0268808,"fee_usd":0.72361612848,"balance_before_usd":10725.871565828114,"balance_after_usd":10724.834081654146,"decision":"ALLOW","cert_hash":"906160615987353a1bbbf138be2c099b845ef0da200acdc517c42e16514a0df7","prev_hash":"a18634e97f396a569a7b7b8a421b0725ac660cac8801f9c2500d1e4412354e3c","record_hash":"1744cc4d8bedc9d3d6e462e959d2990f57f8748a7b30dc1c0436c08d1594200d","signature_hex":"18a20a03a0ac30f1aa9d92595440b80a8dfe2c6734e0892ca23ab98fe64f179121839bb97bffb5ef91b5a5dae72b192c3235feb475e6456bb8fe0c3ac25e6a05","public_key_hex":"c2f8243b0d573587f285c830a868acd19249d17d59ecbf9329e796dfed6fb630"}
{"seq":87,"ts":1781539200000,"agent_id":"funding-carry","symbol":"BTCUSDT","side":"buy","price":67138.33680236399,"quantity":0.029789239579875598,"notional_usd":2000.0,"fee_usd":1.2,"balance_before_usd":10724.814512714824,"balance_after_usd":10723.01465268483,"decision":"ALLOW_CAPPED","cert_hash":"23805b379f88e6820302370a5d47f5fdf6be37ccf6c69f9a06402c5a5aa52e4e","prev_hash":"1744cc4d8bedc9d3d6e462e959d2990f57f8748a7b30dc1c0436c08d1594200d","record_hash":"a6a45081f22e624159abba10a01f3e6456efe918cd1c0fd302e44931176ce5d2","signature_hex":"77f9776da9d0503bd489e93f74e4b29fd4f876e47ae7a1cf35ea75c671bd07f50d1e2cc2a411faf58e533ed48893d42ed6891977553fbbaf559174e9b0d4c801","public_key_hex":"c2f8243b0d573587f285c830a868acd19249d17d59ecbf9329e796dfed6fb630"}
{"seq":88,"ts":1781542800000,"agent_id":"funding-carry","symbol":"BTCUSDT","side":"buy","price":66832.74514625399,"quantity":0.029925450400447917,"notional_usd":2000.0,"fee_usd":1.2,"balance_before_usd":10713.915557331678,"balance_after_usd":10712.115697301684,"decision":"ALLOW_CAPPED","cert_hash":"02c3ff0a44e9633215a3429aa41f723e2066f60f6ef790cff27dc1a6f20a7b41","prev_hash":"a6a45081f22e624159abba10a01f3e6456efe918cd1c0fd302e44931176ce5d2","record_hash":"3eabadec7c0e7de3b86e79bb8710c33f49cff9f2dd89ae0514792a4b9220e5cf","signature_hex":"ee043e82dd3b4ec3b03785faa5b922078fa43b593853793c84fa47cd92df752fda7a94ebf0e69ee713b0d407b4d578d3582ab5cba21d94089454b10d38eedf0d","public_key_hex":"c2f8243b0d573587f285c830a868acd19249d17d59ecbf9329e796dfed6fb630"}
{"seq":89,"ts":1781546400000,"agent_id":"funding-carry","symbol":"BTCUSDT","side":"buy","price":66740.91414113715,"quantity":0.02051766927816114,"notional_usd":1369.36800367,"fee_usd":0.8216208022020001,"balance_before_usd":10706.75973512686,"balance_after_usd":10705.570557901403,"decision":"ALLOW","cert_hash":"54be5fc68166c4268a68767a454d7635c76fd843e3bc7d47f54927d497013aff","prev_hash":"3eabadec7c0e7de3b86e79bb8710c33f49cff9f2dd89ae0514792a4b9220e5cf","record_hash":"8f4d7fe3ed2784658dc01a9807834c71f1ac90a489896e4504d552ec20d02176","signature_hex":"c09a84893b97ed189a97ebaef733d6c1f6ebedc26c6bd6a69fe5688c14a555969e70543561ef4b7359fc12b395de09de2737db44b157d78b19adec784f355c0d","public_key_hex":"c2f8243b0d573587f285c830a868acd19249d17d59ecbf9329e796dfed6fb630"}
{"seq":90,"ts":1781568000000,"agent_id":"funding-carry","symbol":"BTCUSDT","side":"sell","price":66198.535804368,"quantity":0.030212148587552796,"notional_usd":2000.0,"fee_usd":1.2,"balance_before_usd":10665.342817054941,"balance_after_usd":10663.542677024936,"decision":"ALLOW_CAPPED","cert_hash":"91d9fb10c4342b50cf7016bea2ef96906322c19512fa5a25be9aa31ce09af5a0","prev_hash":"8f4d7fe3ed2784658dc01a9807834c71f1ac90a489896e4504d552ec20d02176","record_hash":"7289b056f5fe47349c8b762d204d4e719eec685c2965cc867832fee340f02b84","signature_hex":"5041f92bf7a5c7957319dcf225e8c7566042863590375fa1249ac710841f2b37fabc059d9924adfdd8e996025d21282ab32ccc18e2b59f0ff6aa3389ef2b0d0a","public_key_hex":"c2f8243b0d573587f285c830a868acd19249d17d59ecbf9329e796dfed6fb630"}
{"seq":91,"ts":1781571600000,"agent_id":"funding-carry","symbol":"BTCUSDT","side":"sell","price":66292.00775623799,"quantity":0.030169549357355264,"notional_usd":2000.0,"fee_usd":1.2,"balance_before_usd":10668.219102332652,"balance_after_usd":10666.418962302645,"decision":"ALLOW_CAPPED","cert_hash":"6df1c1d24bc1f158309b22f5ee74e12544cd7630ecf9003f534538d19aee28e8","prev_hash":"7289b056f5fe47349c8b762d204d4e719eec685c2965cc867832fee340f02b84","record_hash":"01b764567d8e435b21bde1c20655881cef96a7908b76fd154eb462b2347defad","signature_hex":"d0a31f2ecf535a99f8e1bf2ca1e859eff4616932185bbd2f5446eadd6a4a4dbf06f4a30438d69306393d7153db3f5c3ba3af372a02b232ad8d64fd0ea0c6cb09","public_key_hex":"c2f8243b0d573587f285c830a868acd19249d17d59ecbf9329e796dfed6fb630"}
{"seq":92,"ts":1781575200000,"agent_id":"funding-carry","symbol":"BTCUSDT","side":"sell","price":65692.17472663191,"quantity":0.019850958773957757,"notional_usd":1304.05265227,"fee_usd":0.7824315913619999,"balance_before_usd":10654.465900459858,"balance_after_usd":10653.33756048524,"decision":"ALLOW","cert_hash":"e29887b683fb318b39ba1d11956c951cc4c94707ba881e25693c1982249f2de8","prev_hash":"01b764567d8e435b21bde1c20655881cef96a7908b76fd154eb462b2347defad","record_hash":"8741b41099f1e283af8e3a6742afc60546fa96b6b22afabbfcbf9e2620608bfa","signature_hex":"c6407c4f5ced3ad4c6195f36c8da77ba94c1b9a6d77607a694f7679b0fa5945c7151bd09cdfffd62cb45f6107bf6a9318920cca923458f6b8e5cad126fec6a05","public_key_hex":"c2f8243b0d573587f285c830a868acd19249d17d59ecbf9329e796dfed6fb630"}
