{"seq":0,"ts":1778486400000,"agent_id":"funding-carry","symbol":"BTCUSDT","side":"sell","price":80696.58537441601,"quantity":0.024784196143125513,"notional_usd":2000.0,"fee_usd":1.2,"balance_before_usd":10000.0,"balance_after_usd":9998.199859969993,"decision":"ALLOW_CAPPED","cert_hash":"0f7b4d8588bcb018dbf10559654c7513ee92668d4f0fbef747e1f9048d9e14d0","prev_hash":"0000000000000000000000000000000000000000000000000000000000000000","record_hash":"02b49048cfae9080a4e6fd2b36fb66e3e267f134a4a90bef30c2864c935248c0","signature_hex":"6ef3562c0047851a3e4d09a26bad745a473d053c125d787cd0b0f4c4417a4530d58806115aa07eebcebab7a49acdc3cf95d5b0308b5f1858f60c1b093edab102","public_key_hex":"c2f8243b0d573587f285c830a868acd19249d17d59ecbf9329e796dfed6fb630"}
{"seq":1,"ts":1778490000000,"agent_id":"funding-carry","symbol":"BTCUSDT","side":"sell","price":80901.323938512,"quantity":0.0247214742928073,"notional_usd":2000.0,"fee_usd":1.2,"balance_before_usd":9993.124056599881,"balance_after_usd":9991.323916569874,"decision":"ALLOW_CAPPED","cert_hash":"b32e3ca17677a633eee519ae5947311ba5107472a1a1e1bc819cea24b4f0edd1","prev_hash":"02b49048cfae9080a4e6fd2b36fb66e3e267f134a4a90bef30c2864c935248c0","record_hash":"51dcd353e294028826b631d2ca19f70cd84a85d1c2a4d5ab8a3a4a13487a14d1","signature_hex":"67fc859e7dfcdd95c5a3de012daee8af20bf5b57d5338ccc3e1c677f7cb8518dc5f670195128b88bf0824d5c15cc90a134a04ad34ad0b38c83c04e6646045c09","public_key_hex":"c2f8243b0d573587f285c830a868acd19249d17d59ecbf9329e796dfed6fb630"}
{"seq":2,"ts":1778493600000,"agent_id":"funding-carry","symbol":"BTCUSDT","side":"sell","price":80880.91151037534,"quantity":0.012255119158898809,"notional_usd":991.20520824,"fee_usd":0.594723124944,"balance_before_usd":9992.536805495554,"balance_after_usd":9991.69467002462,"decision":"ALLOW","cert_hash":"5ab2f24445137ca325af762b209e560abb0b72abb531028fef2bd12dad2f6359","prev_hash":"51dcd353e294028826b631d2ca19f70cd84a85d1c2a4d5ab8a3a4a13487a14d1","record_hash":"5ff75f627e92173a36dd3dda510bdc8e69a03da53e98ea6533f5c0b444a27d28","signature_hex":"0346575d5d4f68cf2df00b9dd9d4df01c64549279398cfebbb9910a6cb8a2a2f2e003a00c391070a66732105991d76ab2d5de434587e2f5fc5c41e6f97bf9305","public_key_hex":"c2f8243b0d573587f285c830a868acd19249d17d59ecbf9329e796dfed6fb630"}
{"seq":3,"ts":1778515200000,"agent_id":"funding-carry","symbol":"BTCUSDT","side":"buy","price":81544.4576304,"quantity":0.0245264982822621,"notional_usd":2000.0,"fee_usd":1.2,"balance_before_usd":9953.49609104222,"balance_after_usd":9951.696231012225,"decision":"ALLOW_CAPPED","cert_hash":"c3c76526b8f7697100ba102e7e28e9c208a9c8898fb29b9f4675d359c007eeb5","prev_hash":"5ff75f627e92173a36dd3dda510bdc8e69a03da53e98ea6533f5c0b444a27d28","record_hash":"14a82e7b05e7ff0e02ac35eac5107800373aec98b486c90decacff6af56975f3","signature_hex":"476585deca02bd745f20520b17984a3f2984b8ceefb30ac6e6e99c73c4f0fd8eaea64c63983581ef07fe82533d3011586603c549563206d29ca4a80a233daa08","public_key_hex":"c2f8243b0d573587f285c830a868acd19249d17d59ecbf9329e796dfed6fb630"}
{"seq":4,"ts":1778518800000,"agent_id":"funding-carry","symbol":"BTCUSDT","side":"buy","price":81913.16821777199,"quantity":0.024416098699574867,"notional_usd":2000.0,"fee_usd":1.2,"balance_before_usd":9937.97167123441,"balance_after_usd":9936.171811204416,"decision":"ALLOW_CAPPED","cert_hash":"39b3c55eb0565c85e9f032adc99b518af92108e0efa2081bcd8e04ab9bcc0706","prev_hash":"14a82e7b05e7ff0e02ac35eac5107800373aec98b486c90decacff6af56975f3","record_hash":"5ad5bcf9b5987738b41a69a60b242a86e2ac17cef9ddc0175fad93fe2562d754","signature_hex":"8d9c1b116d8c4b43e96636f8a1b94026eb28f2d6b377e727137bea0a34df02209f69d8b983ba1d1099714604823622183b57955349d9154ae85fcb8e8c75f00a","public_key_hex":"c2f8243b0d573587f285c830a868acd19249d17d59ecbf9329e796dfed6fb630"}
{"seq":5,"ts":1778522400000,"agent_id":"funding-carry","symbol":"BTCUSDT","side":"buy","price":81830.1526233592,"quantity":0.012814957505904159,"notional_usd":1048.64992857,"fee_usd":0.6291899571419999,"balance_before_usd":9937.185730240106,"balance_after_usd":9936.29187779223,"decision":"ALLOW","cert_hash":"8cad14f6e139eb33bb8e57b828b9a24155419afc43b558b49c5b3e17ebaffb3c","prev_hash":"5ad5bcf9b5987738b41a69a60b242a86e2ac17cef9ddc0175fad93fe2562d754","record_hash":"42e705ea70a7a1416047870be08e1d17dc109237d973089ff6b403d5e696085d","signature_hex":"5c93f07aeba81819ee6e4ffae64fd7e07a8f4f4148aabb2ced0020ee37eae0b4b8053d187d78144c41e25ac25023c7a0f89027f264f39bf21f14ade181a66202","public_key_hex":"c2f8243b0d573587f285c830a868acd19249d17d59ecbf9329e796dfed6fb630"}
{"seq":6,"ts":1778544000000,"agent_id":"funding-carry","symbol":"BTCUSDT","side":"buy","price":81528.45283008,"quantity":0.024531313064021475,"notional_usd":2000.0,"fee_usd":1.2,"balance_before_usd":9936.292839750029,"balance_after_usd":9934.492979720035,"decision":"ALLOW_CAPPED","cert_hash":"f17c1d9487049542a6739911a07aafd3b71802b0e0f3ecb2cc88bd8f330a80ab","prev_hash":"42e705ea70a7a1416047870be08e1d17dc109237d973089ff6b403d5e696085d","record_hash":"f5f9daf54ff10a6e0b31d8175c5f833e088aebbcdc4e339fd74c9a46548a7e95","signature_hex":"adce8707d7d466f501c556e6920cf88ee8bc5e30b631a14c91e6188961cfcfab78f89f6b00d3371e6290c0c9282bedd92d5d5b2875a9401906805f7a5382260e","public_key_hex":"c2f8243b0d573587f285c830a868acd19249d17d59ecbf9329e796dfed6fb630"}
{"seq":7,"ts":1778547600000,"agent_id":"funding-carry","symbol":"BTCUSDT","side":"buy","price":81182.148963156,"quantity":0.024635957849646076,"notional_usd":2000.0,"fee_usd":1.2,"balance_before_usd":9926.001359131345,"balance_after_usd":9924.201499101353,"decision":"ALLOW_CAPPED","cert_hash":"e2d0a8bcb346b72dc7d03ad0411e14a824b0891be1fb1ff99ac1f224d2b1d1a5","prev_hash":"f5f9daf54ff10a6e0b31d8175c5f833e088aebbcdc4e339fd74c9a46548a7e95","record_hash":"3600a274168763c84a74a89f01e9a3f7d22b519e27f38c616c80dd0c610062f7","signature_hex":"3ec312c7ac0307eefe163b55851b11e044b44160013ac130b2b445bfbaee7100c7f3b6c1e8f24be92623e7de9712d545257e3bfc09e1a63aa18e6bb124961007","public_key_hex":"c2f8243b0d573587f285c830a868acd19249d17d59ecbf9329e796dfed6fb630"}
{"seq":8,"ts":1778551200000,"agent_id":"funding-carry","symbol":"BTCUSDT","side":"buy","price":81244.48715491778,"quantity":0.011944454253610978,"notional_usd":970.42106018,"fee_usd":0.582252636108,"balance_before_usd":9927.47090748249,"balance_after_usd":9926.647530297956,"decision":"ALLOW","cert_hash":"0a2e8d4eb3019041ee4ad2fe54d27d1bfed26e8e63d09a84b40414033f08d993","prev_hash":"3600a274168763c84a74a89f01e9a3f7d22b519e27f38c616c80dd0c610062f7","record_hash":"e51279ee0695f755503537c6e2cc0f662e22ac82c0cff3d3a56e2483a3998ab3","signature_hex":"2d54ff892fc475921b91c6eeae9df799b3b860e8c462336c8a6092db75dc461bb02b518a4563fb7c2fb49bbac45e23d5cb044f02e92b77a5f216f2048ff40805","public_key_hex":"c2f8243b0d573587f285c830a868acd19249d17d59ecbf9329e796dfed6fb630"}
{"seq":9,"ts":1778572800000,"agent_id":"funding-carry","symbol":"BTCUSDT","side":"sell","price":80790.7571163,"quantity":0.02475530705970434,"notional_usd":2000.0,"fee_usd":1.2,"balance_before_usd":9901.245685189006,"balance_after_usd":9899.445545159,"decision":"ALLOW_CAPPED","cert_hash":"7dc44e452f2873cb27fc5cecbb8a965e4370aa1ca55676389e4233014bd7aa5f","prev_hash":"e51279ee0695f755503537c6e2cc0f662e22ac82c0cff3d3a56e2483a3998ab3","record_hash":"41077345796360d3e2154bc35dddce49703b1c2027a11c388a2eb4b7bae6f24b","signature_hex":"75a6e74b9a46680670f6925be4332198e2ad6f5efcc0acb48c51e2867de7bfb7a47a7f95f2167c616eef9ffe3000240dc249b42a66aec2c1c1da689651299309","public_key_hex":"c2f8243b0d573587f285c830a868acd19249d17d59ecbf9329e796dfed6fb630"}
{"seq":10,"ts":1778576400000,"agent_id":"funding-carry","symbol":"BTCUSDT","side":"sell","price":80786.25846621001,"quantity":0.024756685579596784,"notional_usd":2000.0,"fee_usd":1.2,"balance_before_usd":9899.281955835499,"balance_after_usd":9897.481815805491,"decision":"ALLOW_CAPPED","cert_hash":"3d3978277e2b434ab4f3822ca28415713c20a184337d9ab25eda605b397e7170","prev_hash":"41077345796360d3e2154bc35dddce49703b1c2027a11c388a2eb4b7bae6f24b","record_hash":"baf3cd235c8dbe693d7b8986178ec3de02d52b9d43315a3f69dcdcd364c8f79f","signature_hex":"182eb7cc8f43422a3d930e7978520585b7cad72402f34c34f5a1fcc48491eacc3d4a9c12ab6de317f07924d69dff7992de095fccfcedd721956077b9588ba30f","public_key_hex":"c2f8243b0d573587f285c830a868acd19249d17d59ecbf9329e796dfed6fb630"}
{"seq":11,"ts":1778580000000,"agent_id":"funding-carry","symbol":"BTCUSDT","side":"sell","price":80627.90040341658,"quantity":0.011599359527168956,"notional_usd":935.2320047,"fee_usd":0.56113920282,"balance_before_usd":9895.595065675114,"balance_after_usd":9894.803103897077,"decision":"ALLOW","cert_hash":"25f3aa97be44e327f5d6d30ccb1ad617a876a08a9f035abb45d8a2cf177f6bc2","prev_hash":"baf3cd235c8dbe693d7b8986178ec3de02d52b9d43315a3f69dcdcd364c8f79f","record_hash":"7220f2ff76bcd9f6c893f6d4e5ab7a55fc708ff6f0a84251bbb0b97861ac844e","signature_hex":"769988a77af7285f96796859b1eecd728b7e89830ec1992661ba730544be069f5509924141736caefcd1057c68a41b6654b50413dadb8b5d6997740ccdd5c101","public_key_hex":"c2f8243b0d573587f285c830a868acd19249d17d59ecbf9329e796dfed6fb630"}
{"seq":12,"ts":1778659200000,"agent_id":"funding-carry","symbol":"BTCUSDT","side":"buy","price":81174.346623,"quantity":0.024638325816019793,"notional_usd":2000.0,"fee_usd":1.2,"balance_before_usd":9894.801655831243,"balance_after_usd":9893.001795801249,"decision":"ALLOW_CAPPED","cert_hash":"6664bc6184d21dc1c0bccb55ddd34471c3d75899fecf81cd9c940511455d017f","prev_hash":"7220f2ff76bcd9f6c893f6d4e5ab7a55fc708ff6f0a84251bbb0b97861ac844e","record_hash":"a68e9d75ca792f9d9874cde5ce537e48bf87698dba889ebfdc5db0179e2a9998","signature_hex":"cda1a3e0eb2004dba4cf275861f47f4dac0a6d89f27c6dd58236c93fee50b01c925daca64fecc6687ea825f64f68bfafafba4aafe7e0dbe765e51163bd5ab305","public_key_hex":"c2f8243b0d573587f285c830a868acd19249d17d59ecbf9329e796dfed6fb630"}
{"seq":13,"ts":1778662800000,"agent_id":"funding-carry","symbol":"BTCUSDT","side":"buy","price":81274.276594998,"quantity":0.024608032009516397,"notional_usd":2000.0,"fee_usd":1.2,"balance_before_usd":9895.46287862585,"balance_after_usd":9893.663018595857,"decision":"ALLOW_CAPPED","cert_hash":"e17c331384871d585c634b4c0eeb92b18629646bdd0928eee082b59ee9a6e169","prev_hash":"a68e9d75ca792f9d9874cde5ce537e48bf87698dba889ebfdc5db0179e2a9998","record_hash":"4809bcd2b4c13960cf6195c79ae4af8b599e9dccbbbca94c8c45c514098f26c6","signature_hex":"c72ff4d33a13b9209b269f9fa74a953ccd26276eb63a19d8de86a819a198cd7403b63e7844fd0316c373dbdb1ff252550de553c1159485fe1f1ad95a2e42250f","public_key_hex":"c2f8243b0d573587f285c830a868acd19249d17d59ecbf9329e796dfed6fb630"}
{"seq":14,"ts":1778666400000,"agent_id":"funding-carry","symbol":"BTCUSDT","side":"buy","price":80800.02402066019,"quantity":0.011848661895635135,"notional_usd":957.37216578,"fee_usd":0.574423299468,"balance_before_usd":9870.52349995738,"balance_after_usd":9869.711818807318,"decision":"ALLOW","cert_hash":"2791080a3c3ab10b3a53cdf3d764cfe73dab8747a0a3569c3e97247141f34bdd","prev_hash":"4809bcd2b4c13960cf6195c79ae4af8b599e9dccbbbca94c8c45c514098f26c6","record_hash":"9af68e5497760fa69e88d181b4469d735dabbc2231f9f14d0ade1c98a309bffd","signature_hex":"715179eb43557bc4960b5c1640a3ef1b35db5f9d89fa9dbb22ff802decac8a7b2f0eea7792b19db0f86914ab4694281ae56cfbb790e9975f1ad3a1d938783907","public_key_hex":"c2f8243b0d573587f285c830a868acd19249d17d59ecbf9329e796dfed6fb630"}
{"seq":15,"ts":1778688000000,"agent_id":"funding-carry","symbol":"BTCUSDT","side":"sell","price":79082.969572134,"quantity":0.02528989504087525,"notional_usd":2000.0,"fee_usd":1.2,"balance_before_usd":9767.003031571843,"balance_after_usd":9765.202891541838,"decision":"ALLOW_CAPPED","cert_hash":"bfdcc53d498bbe5188f0bd64942f91e9b922d4a4c0c2d081c09e4ae4bada1c90","prev_hash":"9af68e5497760fa69e88d181b4469d735dabbc2231f9f14d0ade1c98a309bffd","record_hash":"d69f04a76f7339223d28aea323ff439544b38b6d55ce540a0a983b0745dcf15e","signature_hex":"684db058e4caa011ade6ab60a3bda2b8161b0aaa1d43df8eb262c57122a9b13e502bcb89c2d8e49dd7832e5f604a30547920e7698164740e6b62636a1c4d7001","public_key_hex":"c2f8243b0d573587f285c830a868acd19249d17d59ecbf9329e796dfed6fb630"}
{"seq":16,"ts":1778691600000,"agent_id":"funding-carry","symbol":"BTCUSDT","side":"sell","price":79480.15039008,"quantity":0.02516351554676502,"notional_usd":2000.0,"fee_usd":1.2,"balance_before_usd":9779.427130462494,"balance_after_usd":9777.626990432487,"decision":"ALLOW_CAPPED","cert_hash":"b718526504c993af7d155ea15cae7bbbf77d19eed82f6fbd4bfa688b47747f2a","prev_hash":"d69f04a76f7339223d28aea323ff439544b38b6d55ce540a0a983b0745dcf15e","record_hash":"9380006002247b05f08713b3479b0d4f619afdf0c7413a65798fbb01209a0d9b","signature_hex":"3223bdf31519f055b889c7d4ae77868945e0cc0e1cbac00ff58f6b609a02d0edffac4c7cf0de7e910d1ce9921c0cb4b6cd3a37935475414d46ee0d4272e30406","public_key_hex":"c2f8243b0d573587f285c830a868acd19249d17d59ecbf9329e796dfed6fb630"}
{"seq":17,"ts":1778695200000,"agent_id":"funding-carry","symbol":"BTCUSDT","side":"sell","price":79544.431101366,"quantity":0.025143180638897727,"notional_usd":2000.0,"fee_usd":1.2,"balance_before_usd":9778.31106186634,"balance_after_usd":9776.510921836332,"decision":"ALLOW_CAPPED","cert_hash":"7ea80c0af3d39e17c42346ab758cc0272561c55c4ff65880db09d074dbb39c82","prev_hash":"9380006002247b05f08713b3479b0d4f619afdf0c7413a65798fbb01209a0d9b","record_hash":"0dba0ee4fa32e7f48ee36a94e061617ed2f28d70f7e223910e66ade6645b1521","signature_hex":"ce9a897094d95b7fa57d7c0bb1bccfa8302a0e4711b63137ed78d681aecc8c49d553c1883370cdcef796bb50303a06e3915c270dd4a74bccb6f42c2e8a8b7c0a","public_key_hex":"c2f8243b0d573587f285c830a868acd19249d17d59ecbf9329e796dfed6fb630"}
{"seq":18,"ts":1778698800000,"agent_id":"funding-carry","symbol":"BTCUSDT","side":"sell","price":79592.716612332,"quantity":0.02512792734216239,"notional_usd":2000.0,"fee_usd":1.2,"balance_before_usd":9775.81035769289,"balance_after_usd":9774.010217662882,"decision":"ALLOW_CAPPED","cert_hash":"fe4f9e200cebdd00d05ab8ec673e6955134f0e86115422d6acb4f45176d22be3","prev_hash":"0dba0ee4fa32e7f48ee36a94e061617ed2f28d70f7e223910e66ade6645b1521","record_hash":"12d62457915c3c9266278b4f8dd3bd32cd2a0d62702fafd587afeee016b162c6","signature_hex":"94645eada7d14cc321d13df5ca2b0aad5b365797e8a17293cf71673e48b8f78250906e35c1cf00546f4d6ec694847c3d0bafcb01d8bef8c93694204b4582f30e","public_key_hex":"c2f8243b0d573587f285c830a868acd19249d17d59ecbf9329e796dfed6fb630"}
{"seq":19,"ts":1778702400000,"agent_id":"funding-carry","symbol":"BTCUSDT","side":"sell","price":79649.0821632632,"quantity":0.021699230279104965,"notional_usd":1728.32377538,"fee_usd":1.0369942652279998,"balance_before_usd":9771.818548102137,"balance_after_usd":9770.286424343087,"decision":"ALLOW","cert_hash":"0811a94ee820094cb7cb03d84ae338c3cddd70e4ab70168a0c5c4622c6c680c0","prev_hash":"12d62457915c3c9266278b4f8dd3bd32cd2a0d62702fafd587afeee016b162c6","record_hash":"b01b3680729ddcad5a07483530dfdae42945f6f6eb041735bf9df69d2669bf8a","signature_hex":"0eb2cf9c08395d82342482d2774aaf0cc1e3c1fecebeb56ad2f4f24bedb6959d0124e811263b027cdb72a520fb5ee154f3b4214b6ad24941f40a8dabdb70f103","public_key_hex":"c2f8243b0d573587f285c830a868acd19249d17d59ecbf9329e796dfed6fb630"}
{"seq":20,"ts":1778716800000,"agent_id":"funding-carry","symbol":"BTCUSDT","side":"buy","price":79560.062450724,"quantity":0.025138240700083813,"notional_usd":2000.0,"fee_usd":1.2,"balance_before_usd":9779.057904790403,"balance_after_usd":9777.258044760409,"decision":"ALLOW_CAPPED","cert_hash":"d6ff50fd8663027fbf7bae28c77b66304f641a3e8fd080471587033a22f8e958","prev_hash":"b01b3680729ddcad5a07483530dfdae42945f6f6eb041735bf9df69d2669bf8a","record_hash":"25aa33cca6820d842b1a324466041cac9d0ec0a6ee2b33f11cb69a9f7e9e7901","signature_hex":"573185454fe5936b1b8e5b1d53f61607424e57bede2c5413ed3909f23751fc31a6d6830caeb30d1ca81178d045fd30bc0cf4356eb348b34eeb55f7cafbef0d08","public_key_hex":"c2f8243b0d573587f285c830a868acd19249d17d59ecbf9329e796dfed6fb630"}
{"seq":21,"ts":1778720400000,"agent_id":"funding-carry","symbol":"BTCUSDT","side":"buy","price":79583.8695912,"quantity":0.0251307207135496,"notional_usd":2000.0,"fee_usd":1.2,"balance_before_usd":9776.396643017728,"balance_after_usd":9774.596782987732,"decision":"ALLOW_CAPPED","cert_hash":"90ef03dd133ccf6fb372519bd9aa1236e3d5471b638db452a9bcfc8b93cce471","prev_hash":"25aa33cca6820d842b1a324466041cac9d0ec0a6ee2b33f11cb69a9f7e9e7901","record_hash":"cdaa4b0e440db435a73c488ff3a255946a80f330841bd73db3d87d98e0c5f64c","signature_hex":"c5405a18317482fa42a3feef01ab4bb2064a058301817d6a7d08631538bdabe7e5efb9948700b6d3beef327cd086b94aae054d80b858bea3f8f4bd0127f54a0c","public_key_hex":"c2f8243b0d573587f285c830a868acd19249d17d59ecbf9329e796dfed6fb630"}
{"seq":22,"ts":1778724000000,"agent_id":"funding-carry","symbol":"BTCUSDT","side":"buy","price":79351.24868232783,"quantity":0.011059932353092926,"notional_usd":877.61944256,"fee_usd":0.526571665536,"balance_before_usd":9777.120168849511,"balance_after_usd":9776.379602066307,"decision":"ALLOW","cert_hash":"58ef09a52f68624d194958e671cb3a4bcd189d6b89b279d405c7900ab5a5a50c","prev_hash":"cdaa4b0e440db435a73c488ff3a255946a80f330841bd73db3d87d98e0c5f64c","record_hash":"a521654b5d2eb535e38641eed0239c8c953e1fc4793abd13e1733988a0675da5","signature_hex":"ff98aff5fd2a49bad2fd2203301589e2d7a1024564c5b79c2b9b2a39827081f1a4fe08ad0834551c263542224f31be54bb16f8835358e9b73bfa1ac37f0edd0d","public_key_hex":"c2f8243b0d573587f285c830a868acd19249d17d59ecbf9329e796dfed6fb630"}
{"seq":23,"ts":1778832000000,"agent_id":"funding-carry","symbol":"BTCUSDT","side":"sell","price":80589.81741228,"quantity":0.024817031037164837,"notional_usd":2000.0,"fee_usd":1.2,"balance_before_usd":9776.376133659713,"balance_after_usd":9774.575993629705,"decision":"ALLOW_CAPPED","cert_hash":"fe4cf9fe819caf3c681c6dda42fb374eef899e36725ee2417118c2f6a51ca590","prev_hash":"a521654b5d2eb535e38641eed0239c8c953e1fc4793abd13e1733988a0675da5","record_hash":"6cdd209bd078598b7d641a16edc1ce89dc2ae14ff43ee101d9d9d282d0fd266c","signature_hex":"08a7ec13588ab1eb2a0621a30dc2ff0c18af5f48ca1027f7e21d74796f1639df4d3e2db5a71d1a74c05fa280c243fe6aebc44362ff5249a89cfef301f1597e00","public_key_hex":"c2f8243b0d573587f285c830a868acd19249d17d59ecbf9329e796dfed6fb630"}
{"seq":24,"ts":1778835600000,"agent_id":"funding-carry","symbol":"BTCUSDT","side":"sell","price":80429.765439078,"quantity":0.02486641592303178,"notional_usd":2000.0,"fee_usd":1.2,"balance_before_usd":9778.549632163093,"balance_after_usd":9776.749492133085,"decision":"ALLOW_CAPPED","cert_hash":"231e0f16dc036773eb1d21557779d9e44b700d9942e39773ec17ca9c6765430b","prev_hash":"6cdd209bd078598b7d641a16edc1ce89dc2ae14ff43ee101d9d9d282d0fd266c","record_hash":"7431b54d8bfb1717a9a1ea490b23135927911ab5cb08de0840804e6a2e4e4cb6","signature_hex":"a20fc1c06d75a6f43d8a59330e77c0c2374f9939916580c81d68abb69444b763d3bdf6ff6d7f77278d9f0e389c8693eb75e79c3ef0933063d19232a691142505","public_key_hex":"c2f8243b0d573587f285c830a868acd19249d17d59ecbf9329e796dfed6fb630"}
{"seq":25,"ts":1778839200000,"agent_id":"funding-carry","symbol":"BTCUSDT","side":"sell","price":80662.1392248052,"quantity":0.010834642509223764,"notional_usd":873.94544253,"fee_usd":0.5243672655180001,"balance_before_usd":9765.426019818311,"balance_after_usd":9764.688635082102,"decision":"ALLOW","cert_hash":"37474f55e1ca5e78473af291028b00888af45465db18dd20a5a8053a585a73ff","prev_hash":"7431b54d8bfb1717a9a1ea490b23135927911ab5cb08de0840804e6a2e4e4cb6","record_hash":"c4f4dc37f9a72b45c0d939d69a91b88f82789b4f3493cfc85c99d31dee336566","signature_hex":"5ec789bdbb45561f2a8e32a41636906c29d8c3feaf0b2f90aa04ca22e07d4e6ee7e441ee0da8254a64f97812c5aba340989b90b5a17a672097120acd602e580c","public_key_hex":"c2f8243b0d573587f285c830a868acd19249d17d59ecbf9329e796dfed6fb630"}
{"seq":26,"ts":1778914800000,"agent_id":"funding-carry","symbol":"BTCUSDT","side":"sell","price":78333.50199749344,"quantity":0.0027010292889340028,"notional_usd":211.5810832,"fee_usd":0.12694864992,"balance_before_usd":9906.76947920813,"balance_after_usd":9906.597968970229,"decision":"ALLOW","cert_hash":"fe1cf8aae4553df535bf5861e89fd6f32607f34242d46d6bf330a8f310649062","prev_hash":"c4f4dc37f9a72b45c0d939d69a91b88f82789b4f3493cfc85c99d31dee336566","record_hash":"338ba6a0adef25b4bc53a4e64c8573c04801e4564156346a7ba6c002be81545e","signature_hex":"84eea7e54537843d910c4375802cf33e57c18b23c98ec9c9bd69db910a3faf2ddfc6a51d279842984c7ebbdf170f37361fdf8836fbdbd673bd852bdb2d76150f","public_key_hex":"c2f8243b0d573587f285c830a868acd19249d17d59ecbf9329e796dfed6fb630"}
{"seq":27,"ts":1779033600000,"agent_id":"funding-carry","symbol":"BTCUSDT","side":"buy","price":78023.30152999799,"quantity":0.025633367991112894,"notional_usd":2000.0,"fee_usd":1.2,"balance_before_usd":9930.994115583106,"balance_after_usd":9929.194255553111,"decision":"ALLOW_CAPPED","cert_hash":"1bab1b3d7d25c058adb09e4b2a6440e0624a867b73b59b91bf2c08ceb8d7f391","prev_hash":"338ba6a0adef25b4bc53a4e64c8573c04801e4564156346a7ba6c002be81545e","record_hash":"baa322510fb7857db3d618e79a52ecbee3b1bf0930a744622c2eb38c38264c27","signature_hex":"01f5aaa9f8d270a21bcb6ccc59bfdb64a4925e8b7d5b498773fedbd87186995061355e605d31885dfec3780e5772deaf93c20573b036819150f5af86d8c61404","public_key_hex":"c2f8243b0d573587f285c830a868acd19249d17d59ecbf9329e796dfed6fb630"}
{"seq":28,"ts":1779037200000,"agent_id":"funding-carry","symbol":"BTCUSDT","side":"buy","price":78077.91791109,"quantity":0.02561543716211117,"notional_usd":2000.0,"fee_usd":1.2,"balance_before_usd":9927.141926279566,"balance_after_usd":9925.342066249572,"decision":"ALLOW_CAPPED","cert_hash":"18a76613602adc35a948616e7c8c2b70550d204fd8eedf9a6bb979239a88a7b1","prev_hash":"baa322510fb7857db3d618e79a52ecbee3b1bf0930a744622c2eb38c38264c27","record_hash":"45512f022d7228a061b3206bf035c2201f7b74f365a11dc56399448186570b65","signature_hex":"9f247ad798a07950148205f3e3ad706aa8adba8724df3c3776fb298de1ef179d56ac99b81f1c295dfd1540d0e010655577012427b6f47e7e3b0422e6eaa2fc05","public_key_hex":"c2f8243b0d573587f285c830a868acd19249d17d59ecbf9329e796dfed6fb630"}
{"seq":29,"ts":1779040800000,"agent_id":"funding-carry","symbol":"BTCUSDT","side":"buy","price":78252.31173094657,"quantity":0.01197005627591661,"notional_usd":936.68457514,"fee_usd":0.562010745084,"balance_before_usd":9923.20488377334,"balance_after_usd":9922.411710522041,"decision":"ALLOW","cert_hash":"e5807a507aa47199b2d4906c880d12837e8138620c86e729058a2f6f684bb188","prev_hash":"45512f022d7228a061b3206bf035c2201f7b74f365a11dc56399448186570b65","record_hash":"afa7c151d61b04bf5ed5d0050ec4ff4b45315daabc60d936d6b087a5be5f8c61","signature_hex":"9bd5505278192c54761d43413b9f573f5fc3f1c6ab771323df14ab3dc347c8b9535a551f2d9c5f697fa994933f9d14e7f683ef2d5a2c2aab4f699f9bcccb5806","public_key_hex":"c2f8243b0d573587f285c830a868acd19249d17d59ecbf9329e796dfed6fb630"}
{"seq":30,"ts":1779091200000,"agent_id":"funding-carry","symbol":"BTCUSDT","side":"sell","price":76986.8985402,"quantity":0.025978446176210965,"notional_usd":2000.0,"fee_usd":1.2,"balance_before_usd":9922.415368200509,"balance_after_usd":9920.6152281705,"decision":"ALLOW_CAPPED","cert_hash":"5573e9f6a5cd4ca7c21368e5fee6f0229e290838f9306ee8bdb6ebb23bd407ae","prev_hash":"afa7c151d61b04bf5ed5d0050ec4ff4b45315daabc60d936d6b087a5be5f8c61","record_hash":"a0698e55bcf217429f82f62dc37edd4e01bc59de623e5e00303ff69183529353","signature_hex":"8374e7e5b536b47be9d0f01c745ff12f420ed7bed4954a0329f7a068335996115a8b34b63470b92d84d9e90f50ffb35bd59f2f0a8f6703adf78f68a363d44f07","public_key_hex":"c2f8243b0d573587f285c830a868acd19249d17d59ecbf9329e796dfed6fb630"}
{"seq":31,"ts":1779094800000,"agent_id":"funding-carry","symbol":"BTCUSDT","side":"sell","price":76887.328418208,"quantity":0.026012088612593437,"notional_usd":2000.0,"fee_usd":1.2,"balance_before_usd":9923.202975707274,"balance_after_usd":9921.402835677267,"decision":"ALLOW_CAPPED","cert_hash":"baa893275b094a5bfa4703c9e40c62b5016b408790c94b8818594b1bbc5ea44e","prev_hash":"a0698e55bcf217429f82f62dc37edd4e01bc59de623e5e00303ff69183529353","record_hash":"22fe77022552acf1cce73ea1507596c1daba5f26a1eccdc572c4c4f4fdb42739","signature_hex":"7bb2a4ded2da0c61b9a90e9334c1e64b5a7134631527c6b5a29f038e44b0a5c5278cfd17f63762b9f3e73710e4eec29934951a57d3b1655eea992a1e67b8fe02","public_key_hex":"c2f8243b0d573587f285c830a868acd19249d17d59ecbf9329e796dfed6fb630"}
{"seq":32,"ts":1779098400000,"agent_id":"funding-carry","symbol":"BTCUSDT","side":"sell","price":76728.81188667098,"quantity":0.012701027497329098,"notional_usd":974.53474961,"fee_usd":0.584720849766,"balance_before_usd":9929.8517777347,"balance_after_usd":9929.024618232672,"decision":"ALLOW","cert_hash":"e89788ed0ab2e1242edd488c9baab2cddce58eda8ff7aa97ddd96c31dd3a0c0f","prev_hash":"22fe77022552acf1cce73ea1507596c1daba5f26a1eccdc572c4c4f4fdb42739","record_hash":"cb1041871ab7aeb2c9ed58cbcd238ad328d2c7154bcd0c54c1fc5d2e4510c1a5","signature_hex":"04527e1d55d55c0eab8986b36aa65f01be94269edbacd9f651ecd08a57408aeb040f659d163d35bf1215a492774313a84610586485eb31ab19dd75bdf5a96404","public_key_hex":"c2f8243b0d573587f285c830a868acd19249d17d59ecbf9329e796dfed6fb630"}
{"seq":33,"ts":1779148800000,"agent_id":"funding-carry","symbol":"BTCUSDT","side":"buy","price":77125.032112038,"quantity":0.025931917890090986,"notional_usd":2000.0,"fee_usd":1.2,"balance_before_usd":9906.821488946962,"balance_after_usd":9905.021628916968,"decision":"ALLOW_CAPPED","cert_hash":"51ac301a76e7b1a02da2b9b9a45e33591d19917a29f91248bdbc0d22f3d7b276","prev_hash":"cb1041871ab7aeb2c9ed58cbcd238ad328d2c7154bcd0c54c1fc5d2e4510c1a5","record_hash":"79fff6f5701bc32629c41daddf8bd9fbf715a778113df2b0af906350e2ad7f95","signature_hex":"b05f3a623e330c045927c109cd0433c909229e3b073831a2f0434f5f66ad5c1463e5b64e404aac9ede55074d7b64098fdbafd26b4afe996c9de9ead035a80c0c","public_key_hex":"c2f8243b0d573587f285c830a868acd19249d17d59ecbf9329e796dfed6fb630"}
{"seq":34,"ts":1779152400000,"agent_id":"funding-carry","symbol":"BTCUSDT","side":"buy","price":76651.790172576,"quantity":0.026092019449214996,"notional_usd":2000.0,"fee_usd":1.2,"balance_before_usd":9923.360214594439,"balance_after_usd":9921.560354564444,"decision":"ALLOW_CAPPED","cert_hash":"848eb7d7389dfd3a100ecbee2b69140971df4a9fb7f8540b5a999a94c05dd07f","prev_hash":"79fff6f5701bc32629c41daddf8bd9fbf715a778113df2b0af906350e2ad7f95","record_hash":"e3fc85a6a7ad60ad41734069c3dff873d49251582540d968eab4850a98024289","signature_hex":"87c404c15d7d227a3d03309cda3dfcdb6d3c7a09e300a325996dc87dbe5296038fb5587110ae53236ec36177687542f04b03b860d81a585dbbf0666064ea1306","public_key_hex":"c2f8243b0d573587f285c830a868acd19249d17d59ecbf9329e796dfed6fb630"}
{"seq":35,"ts":1779156000000,"agent_id":"funding-carry","symbol":"BTCUSDT","side":"buy","price":76599.03246579706,"quantity":0.012667431499128443,"notional_usd":970.31299666,"fee_usd":0.582187797996,"balance_before_usd":9922.178678855866,"balance_after_usd":9921.355398601127,"decision":"ALLOW","cert_hash":"cef55189d2cf927ff4635dbb17535bc0c983578f9aca8ebc9fe998225133af90","prev_hash":"e3fc85a6a7ad60ad41734069c3dff873d49251582540d968eab4850a98024289","record_hash":"0629fe2baa7a09235e84dd5565a2a340bafb1416d68aeb241469351b2b4b0d2e","signature_hex":"d6b9b79f98203346ac928bb2cd93eb70eaf89e22e51953a040bb18041446d3ce190096e2db971c85f76d4f6c7bc4902147963c5dc8b97be4e2c4bb85346cd102","public_key_hex":"c2f8243b0d573587f285c830a868acd19249d17d59ecbf9329e796dfed6fb630"}
{"seq":36,"ts":1779206400000,"agent_id":"funding-carry","symbol":"BTCUSDT","side":"sell","price":76847.740297416,"quantity":0.02602548874253951,"notional_usd":2000.0,"fee_usd":1.2,"balance_before_usd":9921.354518445254,"balance_after_usd":9919.554378415247,"decision":"ALLOW_CAPPED","cert_hash":"af1cdb945be8f5bcd21d9d35df58b7ee4b18b1d5ae3c7f17b0cd4b7a13a5a27c","prev_hash":"0629fe2baa7a09235e84dd5565a2a340bafb1416d68aeb241469351b2b4b0d2e","record_hash":"a1baaf6641e1e68b62ed24ddd4441ff32558385b312a53d95b80529673abf7fb","signature_hex":"7b2455cceb741a78bee468153b6acfe95fd06c42a1730e9c1a6bf698cc37753cac682e90d83df687da60b43f95a699ffd26253b32342e4817909c38cbe8a0f0c","public_key_hex":"c2f8243b0d573587f285c830a868acd19249d17d59ecbf9329e796dfed6fb630"}
{"seq":37,"ts":1779210000000,"agent_id":"funding-carry","symbol":"BTCUSDT","side":"sell","price":76802.15397650399,"quantity":0.02604093630774806,"notional_usd":2000.0,"fee_usd":1.2,"balance_before_usd":9920.741284261792,"balance_after_usd":9918.941144231787,"decision":"ALLOW_CAPPED","cert_hash":"6dd46579adc18ed8252a32180ea36954d42c06e27dcbfb5df07e51188807b84e","prev_hash":"a1baaf6641e1e68b62ed24ddd4441ff32558385b312a53d95b80529673abf7fb","record_hash":"64fb55da71c96e53a96026c6dae3c922914c95b5b9daa8193342f84e52efd35b","signature_hex":"8dac9088196122d37a75c80bf7949af15d56a061fbd4a71b863aecab76e9d20356b5b8220b894609c6656f5bd018bc23b8b65402add7c60471edb152878c0005","public_key_hex":"c2f8243b0d573587f285c830a868acd19249d17d59ecbf9329e796dfed6fb630"}
{"seq":38,"ts":1779213600000,"agent_id":"funding-carry","symbol":"BTCUSDT","side":"sell","price":76756.74894036667,"quantity":0.012547086199133115,"notional_usd":963.07354532,"fee_usd":0.577844127192,"balance_before_usd":9921.51338115248,"balance_after_usd":9920.696501737882,"decision":"ALLOW","cert_hash":"643436be4614abb4a8054988632db1bcc8771b5df8c6182b10bcc7b5bfc90b80","prev_hash":"64fb55da71c96e53a96026c6dae3c922914c95b5b9daa8193342f84e52efd35b","record_hash":"ed7aac876df5340090caf032c25a15de5690fe962389be39fc29c514a11df1eb","signature_hex":"0a3c0dd7623725caebd80ef92b6fc5a9be4062296ba19444c1405109f993a2ef1f64f17ca4f5cfdb45dc80a4cf9ed3f26a6388bf84bdb0e7e9d025099ea8d60e","public_key_hex":"c2f8243b0d573587f285c830a868acd19249d17d59ecbf9329e796dfed6fb630"}
{"seq":39,"ts":1779235200000,"agent_id":"funding-carry","symbol":"BTCUSDT","side":"buy","price":76786.130465262,"quantity":0.026046370456247938,"notional_usd":2000.0,"fee_usd":1.2,"balance_before_usd":9921.953628721734,"balance_after_usd":9920.15376869174,"decision":"ALLOW_CAPPED","cert_hash":"fe572d33170ba2bcad95a8cab73d0881fb68d9b2992a701646c59f107d4d0776","prev_hash":"ed7aac876df5340090caf032c25a15de5690fe962389be39fc29c514a11df1eb","record_hash":"edd9c826e0f9a5d4f29537d63b812de7d330b490d5d7561dfb816a950635432f","signature_hex":"ecd8e81b5c008c20b203bbf3b1f423fd3a642e4f4699f86b77c9c8f05e265ec5b482fd1b8cc48d3c5763e0db1fb2ecaf6b8403ba0b22388e215bcb8f33035807","public_key_hex":"c2f8243b0d573587f285c830a868acd19249d17d59ecbf9329e796dfed6fb630"}
{"seq":40,"ts":1779238800000,"agent_id":"funding-carry","symbol":"BTCUSDT","side":"buy","price":76809.937605738,"quantity":0.02603829741752833,"notional_usd":2000.0,"fee_usd":1.2,"balance_before_usd":9919.235795812678,"balance_after_usd":9917.435935782683,"decision":"ALLOW_CAPPED","cert_hash":"5cb71e4582ae6a38da6b464ebcc57b82e52bed715dfab332a6522d598866af77","prev_hash":"edd9c826e0f9a5d4f29537d63b812de7d330b490d5d7561dfb816a950635432f","record_hash":"897646ab1b37ad4f8cd9310618e0dc05d0a55e2e261c16f9b8535222655c03f9","signature_hex":"5af31cee68e956c912e11e02715f11e2502ab384abced127e64e241c8c02de5241008de2461780bcb085e3191d5188445eaccd729840d663a364f4d6c269ac0d","public_key_hex":"c2f8243b0d573587f285c830a868acd19249d17d59ecbf9329e796dfed6fb630"}
{"seq":41,"ts":1779242400000,"agent_id":"funding-carry","symbol":"BTCUSDT","side":"buy","price":76678.41532977982,"quantity":0.012528883834756196,"notional_usd":960.6949583,"fee_usd":0.57641697498,"balance_before_usd":9919.033764714073,"balance_after_usd":9918.2191068812,"decision":"ALLOW","cert_hash":"0b3e0344e917fffdbe4dc56e6a4e038a05a4d835141e88b171c78dc7304e2a2c","prev_hash":"897646ab1b37ad4f8cd9310618e0dc05d0a55e2e261c16f9b8535222655c03f9","record_hash":"51ee2ed5dcedf0275ed4131a652558246f385b424a7e3db283dc010f567ae095","signature_hex":"1935d04ecdca87f2f79e879666a6303e220fa28a78cddb3e7a7f1b225bc725e8a29ce8f540575920ae37af21100d8c2821a9e3c5ffa5d7e2c4e3fddb564e8f09","public_key_hex":"c2f8243b0d573587f285c830a868acd19249d17d59ecbf9329e796dfed6fb630"}
{"seq":42,"ts":1779321600000,"agent_id":"funding-carry","symbol":"BTCUSDT","side":"sell","price":77900.52438847799,"quantity":0.025673768125440415,"notional_usd":2000.0,"fee_usd":1.2,"balance_before_usd":9918.215235442656,"balance_after_usd":9916.415095412649,"decision":"ALLOW_CAPPED","cert_hash":"9ca27ce83ddc703830bd5b3b15d4cf908294bea4283229bb47228a7091511a1a","prev_hash":"51ee2ed5dcedf0275ed4131a652558246f385b424a7e3db283dc010f567ae095","record_hash":"d42ec7009c007af789267b23e67f95a731bbf376e7338e7d9957f3cd13195213","signature_hex":"36b16576f895c7ebabceea20986acbe6c50fd277c119d4975cc0e10783dac34e6f3935bca465effdc59d36a09aac1fad814568d5b3a320c5a814b4505fe3d00b","public_key_hex":"c2f8243b0d573587f285c830a868acd19249d17d59ecbf9329e796dfed6fb630"}
{"seq":43,"ts":1779325200000,"agent_id":"funding-carry","symbol":"BTCUSDT","side":"sell","price":77793.056636328,"quantity":0.02570923532867116,"notional_usd":2000.0,"fee_usd":1.2,"balance_before_usd":9919.175359572913,"balance_after_usd":9917.375219542908,"decision":"ALLOW_CAPPED","cert_hash":"c576c64af2b8fdb12ae3ad6781207ba919920b2933e035620664670424e0876d","prev_hash":"d42ec7009c007af789267b23e67f95a731bbf376e7338e7d9957f3cd13195213","record_hash":"a4a195fd51315287412725e09a3677d714afb4c5c3a8a128244b0fbfa4bd6e58","signature_hex":"cc915fe0d1a5078d322ca527d3d77ecfb482ac37904eae394d2af6e3e205825c525d44c0a6e4e286e088f380daedcaa783e3f0afdbc2315f2faa2b5e096c9a0c","public_key_hex":"c2f8243b0d573587f285c830a868acd19249d17d59ecbf9329e796dfed6fb630"}
{"seq":44,"ts":1779328800000,"agent_id":"funding-carry","symbol":"BTCUSDT","side":"sell","price":77890.9075641684,"quantity":0.012232177376866236,"notional_usd":952.77539737,"fee_usd":0.5716652384219999,"balance_before_usd":9912.555202308773,"balance_after_usd":9911.747548573228,"decision":"ALLOW","cert_hash":"733df604f8fcfd465775dd4ab30ad4062b9a2bd8b3b2e8a1aedade71c35e82d5","prev_hash":"a4a195fd51315287412725e09a3677d714afb4c5c3a8a128244b0fbfa4bd6e58","record_hash":"b9a055d35725762cf194b0edc7d6dd3ae610d45099adb3500b84a0a21aee1afc","signature_hex":"1dc85a093243ea88e6878395d83a2973b998ca129c23ed5a2f2edbc9deb24d4a3360c68d24a84b9976ee2d2ec5067302823840ee1cc9174cd372f25807ec4704","public_key_hex":"c2f8243b0d573587f285c830a868acd19249d17d59ecbf9329e796dfed6fb630"}
{"seq":45,"ts":1779350400000,"agent_id":"funding-carry","symbol":"BTCUSDT","side":"buy","price":77913.3685578,"quantity":0.025669535755167623,"notional_usd":2000.0,"fee_usd":1.2,"balance_before_usd":9912.988040946748,"balance_after_usd":9911.188180916753,"decision":"ALLOW_CAPPED","cert_hash":"4644c2af4e672f86d72e74c9078c8962e7ff38ac29f0a8122904bdf6be95ceb5","prev_hash":"b9a055d35725762cf194b0edc7d6dd3ae610d45099adb3500b84a0a21aee1afc","record_hash":"d443bc0321c76b39667f7b2f9a7bc7a4a2335f1906cc41743980e2a162daeaa6","signature_hex":"54aedf4b67be5c8dc7549123f1fbb519546f8636d8c89cacf2a3e428b52d60727e36372c77c962ac83c25293209bcfd742b3a4c06f267fc68296d133d378b101","public_key_hex":"c2f8243b0d573587f285c830a868acd19249d17d59ecbf9329e796dfed6fb630"}
{"seq":46,"ts":1779354000000,"agent_id":"funding-carry","symbol":"BTCUSDT","side":"buy","price":77626.78260207,"quantity":0.025764303671483968,"notional_usd":2000.0,"fee_usd":1.2,"balance_before_usd":9922.060498611087,"balance_after_usd":9920.260638581092,"decision":"ALLOW_CAPPED","cert_hash":"4eb1acceffe4a2be727560bda90c3ffcd3ad4288adffb8b32b3a723e5092cc96","prev_hash":"d443bc0321c76b39667f7b2f9a7bc7a4a2335f1906cc41743980e2a162daeaa6","record_hash":"7cd015143012fe005b2bf18149cd427dbde763c48d81c757d5d3bf057787de0c","signature_hex":"da9736b3769541355c1d51469891bbe12fb96ecd1542b1ff6083ddfdc72e310b31e4ee9931af2f0d805f78b1e7a44a482b63a5c50b500c40de7b9a5c7b256b06","public_key_hex":"c2f8243b0d573587f285c830a868acd19249d17d59ecbf9329e796dfed6fb630"}
{"seq":47,"ts":1779357600000,"agent_id":"funding-carry","symbol":"BTCUSDT","side":"buy","price":77199.56626907564,"quantity":0.012181439948798044,"notional_usd":940.40188058,"fee_usd":0.564241128348,"balance_before_usd":9925.41466058775,"balance_after_usd":9924.618164847609,"decision":"ALLOW","cert_hash":"d7620914e83a3354237be1ccc3d566b68ff1d8f7456c687f6f914c43c1b9b9a4","prev_hash":"7cd015143012fe005b2bf18149cd427dbde763c48d81c757d5d3bf057787de0c","record_hash":"d4790ee0244cdfe083a7d9e5d5034d1e8d5c118e2d5fe05fcf59de6a8367713e","signature_hex":"709448d945f39e3ac9bcdd2acb98d0dd53cbe00a3863633a63706e42465c9aae3eafdaeea5d513dbfddca8b0b20d2939b35ac896e9731f1bc595779c482e5d01","public_key_hex":"c2f8243b0d573587f285c830a868acd19249d17d59ecbf9329e796dfed6fb630"}
{"seq":48,"ts":1779379200000,"agent_id":"funding-carry","symbol":"BTCUSDT","side":"sell","price":77146.75057339799,"quantity":0.025924617500217136,"notional_usd":2000.0,"fee_usd":1.2,"balance_before_usd":9924.61821996782,"balance_after_usd":9922.818079937813,"decision":"ALLOW_CAPPED","cert_hash":"9800172b9b6c7dd1027668be0db55c549b8f247a94bcfb66e22a391895ccd380","prev_hash":"d4790ee0244cdfe083a7d9e5d5034d1e8d5c118e2d5fe05fcf59de6a8367713e","record_hash":"240e626665db86611b9f0761de558ccfe70398688297fadf5d021320ea7d29ec","signature_hex":"7e8308e26048821656e104f83e2bb5cef78b3e14c5dcef4da3eda59bd7afe1e448264480d42ab35aebe67972603b08d2b090a8f96a202fd3aa54e70b9a502806","public_key_hex":"c2f8243b0d573587f285c830a868acd19249d17d59ecbf9329e796dfed6fb630"}
{"seq":49,"ts":1779382800000,"agent_id":"funding-carry","symbol":"BTCUSDT","side":"sell","price":77811.6510567,"quantity":0.02570309166865814,"notional_usd":2000.0,"fee_usd":1.2,"balance_before_usd":9905.573615393214,"balance_after_usd":9903.773475363207,"decision":"ALLOW_CAPPED","cert_hash":"908ff26b52a0a0208e0fc32edb362d94324ddfcd6694ddeea9121436720ce6bc","prev_hash":"240e626665db86611b9f0761de558ccfe70398688297fadf5d021320ea7d29ec","record_hash":"7dfddbd954c98afa413ddc3d54b2d5dc52db4e693d9d204e705bb8b56f762242","signature_hex":"91e2fbbe0bd3c9f7713047596439b05c781a741575304d787bc491ba796143cae40c3a7cbdf12cf6bd2a80ccf708854a067d9fa65e76759503abcc02518cb205","public_key_hex":"c2f8243b0d573587f285c830a868acd19249d17d59ecbf9329e796dfed6fb630"}
{"seq":50,"ts":1779386400000,"agent_id":"funding-carry","symbol":"BTCUSDT","side":"sell","price":77337.87705372227,"quantity":0.012545227355879473,"notional_usd":970.22125086,"fee_usd":0.582132750516,"balance_before_usd":9928.44779569058,"balance_after_usd":9927.624506708558,"decision":"ALLOW","cert_hash":"b152c3ffcd5f88dbaef25c5ca4ca5cf3db7762180cbfd0b748eee5ecdbf786bb","prev_hash":"7dfddbd954c98afa413ddc3d54b2d5dc52db4e693d9d204e705bb8b56f762242","record_hash":"1e77f4b4e4a810da4efe11b04bb5579264a331921e66824e5a6391289da84d96","signature_hex":"5f1dd1c4bdf5a028d58ecc0ce6b685f9a7a005078a71636014a5ae0177a9b462a2ad0ab04f480621a24c5b16a07743af5eca08e939e720e2c070950cfab37e03","public_key_hex":"c2f8243b0d573587f285c830a868acd19249d17d59ecbf9329e796dfed6fb630"}
{"seq":51,"ts":1779408000000,"agent_id":"funding-carry","symbol":"BTCUSDT","side":"buy","price":77366.304476862,"quantity":0.025851047345787876,"notional_usd":2000.0,"fee_usd":1.2,"balance_before_usd":9928.850565344255,"balance_after_usd":9927.050705314261,"decision":"ALLOW_CAPPED","cert_hash":"2d7d7118550cfcee4ad987b0d4364e25ef17e0ee561cbfdf35b79950dbbe18f7","prev_hash":"1e77f4b4e4a810da4efe11b04bb5579264a331921e66824e5a6391289da84d96","record_hash":"645c49ead4659164783e4e02dd45c29ce4999708305aac8f6ff1cdc2b872ae77","signature_hex":"2b86a0f00cea20a8f4ce78ff87024d8059442819bcfe31613e9a4ac166623bc3ca30f3588e200958fd05839ff45bbf1779793d05c33920e9e5c3d349fc19fa0f","public_key_hex":"c2f8243b0d573587f285c830a868acd19249d17d59ecbf9329e796dfed6fb630"}
{"seq":52,"ts":1779411600000,"agent_id":"funding-carry","symbol":"BTCUSDT","side":"buy","price":77600.27465154,"quantity":0.025773104656921588,"notional_usd":2000.0,"fee_usd":1.2,"balance_before_usd":9918.086511574176,"balance_after_usd":9916.286651544182,"decision":"ALLOW_CAPPED","cert_hash":"c3f0a9bc23271be96f027a2aa5fe3851433805964a66ea4d19a801ab0ae856f3","prev_hash":"645c49ead4659164783e4e02dd45c29ce4999708305aac8f6ff1cdc2b872ae77","record_hash":"b292d45e810fc618569bed100d640ac16f99d8becbb4896c7c4723bdc26d9e31","signature_hex":"c63cae287d50b72c9b74519b52e0dffabd73dafab013909ea398511440b36ec9411a3381e6ed4c81a02fabbb4cbd73c2edfdf4f5cbb480be165c4ad0ab41e20f","public_key_hex":"c2f8243b0d573587f285c830a868acd19249d17d59ecbf9329e796dfed6fb630"}
{"seq":53,"ts":1779415200000,"agent_id":"funding-carry","symbol":"BTCUSDT","side":"buy","price":77660.41257348999,"quantity":0.012548672384373419,"notional_usd":974.53507462,"fee_usd":0.584721044772,"balance_before_usd":9915.482081564065,"balance_after_usd":9914.65501336167,"decision":"ALLOW","cert_hash":"6332c56a155baf3609b9d11e9310d66e03e88dd56602f2cc164fafdfd3888e9d","prev_hash":"b292d45e810fc618569bed100d640ac16f99d8becbb4896c7c4723bdc26d9e31","record_hash":"39a1b5f89c52459fe57f53f8d285b4e3ed553e6445f69dcfa73e6b2d6361b37a","signature_hex":"a4903b44b2653eed2e183eea095eb51de970d961a296445f7d830daebf333c7ba012f63199e33778f7bc810e83cd608ef3108ce18ae0eb9ac9608ad5fb31f705","public_key_hex":"c2f8243b0d573587f285c830a868acd19249d17d59ecbf9329e796dfed6fb630"}
{"seq":54,"ts":1779465600000,"agent_id":"funding-carry","symbol":"BTCUSDT","side":"sell","price":76900.92433848,"quantity":0.02600748973051331,"notional_usd":2000.0,"fee_usd":1.2,"balance_before_usd":9914.657275229982,"balance_after_usd":9912.857135199974,"decision":"ALLOW_CAPPED","cert_hash":"6b5d6c38c8222e3b357c3a8f9728e6b84a5a5bc441de86f80c5a33c54969a2b1","prev_hash":"39a1b5f89c52459fe57f53f8d285b4e3ed553e6445f69dcfa73e6b2d6361b37a","record_hash":"01acdbfa914892128443e5adeca4e2675c8a2c0f68aae6dbbd1ada65750f3f3b","signature_hex":"c59e0ef496ee8790f8335f82c98e05cf88e45dd6f76bd6f4f189ada73ff710becdc4a6c4636f5c7422ee9135309c8053027499c8d25e5cb78cd70ff485531202","public_key_hex":"c2f8243b0d573587f285c830a868acd19249d17d59ecbf9329e796dfed6fb630"}
{"seq":55,"ts":1779469200000,"agent_id":"funding-carry","symbol":"BTCUSDT","side":"sell","price":76709.98163466001,"quantity":0.026072226291556512,"notional_usd":2000.0,"fee_usd":1.2,"balance_before_usd":9917.825161921546,"balance_after_usd":9916.025021891539,"decision":"ALLOW_CAPPED","cert_hash":"7c3f09485cd468dfff4f1874f0691370b0407a1925a25988fa7aa5c76eb700cd","prev_hash":"01acdbfa914892128443e5adeca4e2675c8a2c0f68aae6dbbd1ada65750f3f3b","record_hash":"2637da82439361d49a8b389048d7d1a3b9c0a69294b42bf3cb339c0ced7d366f","signature_hex":"b78603b948a1bc572e2e8cfc434c47d3345adbec68ff1307b17a79a6b873d02324f7f37fdf146f27ad7c62e5fb4b9322243e0dc205efbad286a47a7d0a6a9f05","public_key_hex":"c2f8243b0d573587f285c830a868acd19249d17d59ecbf9329e796dfed6fb630"}
{"seq":56,"ts":1779472800000,"agent_id":"funding-carry","symbol":"BTCUSDT","side":"sell","price":76482.5537021195,"quantity":0.012808386412741506,"notional_usd":979.61810165,"fee_usd":0.58777086099,"balance_before_usd":9928.076990465728,"balance_after_usd":9927.245267261755,"decision":"ALLOW","cert_hash":"9f76033679aa4be0dfc0b817ec67abf3e585a475f600202ff1b56aa36eccafed","prev_hash":"2637da82439361d49a8b389048d7d1a3b9c0a69294b42bf3cb339c0ced7d366f","record_hash":"5326c2aafa70c482c2c96541df7221338ccfdc3ad1dd257916af23a1a9fbf51e","signature_hex":"eeae73297b5e2f6135d1828ad49a680c4e9ab0e808dacdbf77073d402a31e079141c6bdf881b9691d6ebb911965a00e19e5e7c82d6912ebe0317e54b7b2b760f","public_key_hex":"c2f8243b0d573587f285c830a868acd19249d17d59ecbf9329e796dfed6fb630"}
{"seq":57,"ts":1779494400000,"agent_id":"funding-carry","symbol":"BTCUSDT","side":"buy","price":75361.303116774,"quantity":0.02653881922531191,"notional_usd":2000.0,"fee_usd":1.2,"balance_before_usd":10002.829491943816,"balance_after_usd":10001.029631913822,"decision":"ALLOW_CAPPED","cert_hash":"ba7e1d296b66ddbb789299fb48c8a2360d0309d316bfe605db2a9a35f91410d0","prev_hash":"5326c2aafa70c482c2c96541df7221338ccfdc3ad1dd257916af23a1a9fbf51e","record_hash":"32647c38d5f7aa60cda100ea2382a4a1572a38a11b71f66e661716927e84a54d","signature_hex":"1bc31ef914e181e96580b09d928867bfdf1b9d4be9e810e0225c8681e22062b15b2c05f3a995beac601b738610d02979f89f718f5cca5e2c8ca931712164b009","public_key_hex":"c2f8243b0d573587f285c830a868acd19249d17d59ecbf9329e796dfed6fb630"}
{"seq":58,"ts":1779498000000,"agent_id":"funding-carry","symbol":"BTCUSDT","side":"buy","price":75482.53947919799,"quantity":0.026496193872109643,"notional_usd":2000.0,"fee_usd":1.2,"balance_before_usd":9996.381320477914,"balance_after_usd":9994.58146044792,"decision":"ALLOW_CAPPED","cert_hash":"9bd50ac91aa6ab5135ef8f16c73603324eeb7b2dd9ebdc1115dda5de673f5797","prev_hash":"32647c38d5f7aa60cda100ea2382a4a1572a38a11b71f66e661716927e84a54d","record_hash":"a018e2f9ae2b2f38a4f01347de83fa2f444b7c95c5b4c8aade5a4b52c79f658b","signature_hex":"8d2b4ed5bd8f094ea3c8fc0edf5d003a6fa525b4ba6b11fe5788181995ccea052f8133ca3eb76dffc49c3919fba0a341558d28d766bb5d272b2a0882ce5a820f","public_key_hex":"c2f8243b0d573587f285c830a868acd19249d17d59ecbf9329e796dfed6fb630"}
{"seq":59,"ts":1779501600000,"agent_id":"funding-carry","symbol":"BTCUSDT","side":"buy","price":75560.89253845267,"quantity":0.01185330906241226,"notional_usd":895.64661229,"fee_usd":0.537387967374,"balance_before_usd":9993.603323063968,"balance_after_usd":9992.846737322965,"decision":"ALLOW","cert_hash":"dc97cb2d8c71a5acbf0a2b0c99318fee1b5b3e49515e260c1bf2a68bd94cc110","prev_hash":"a018e2f9ae2b2f38a4f01347de83fa2f444b7c95c5b4c8aade5a4b52c79f658b","record_hash":"91b69b84a4dac7bd9e086945fd41ff2fbc76ab04afc211c1d8d85ea71203cfa1","signature_hex":"72ea72a161d78777340b5b09b32b06a8f5e5120992f7d02811730dc6d773fab159f40365365c98fdbe6e6f19417da2f3cfc06c34414be36bf53fed6aa9711606","public_key_hex":"c2f8243b0d573587f285c830a868acd19249d17d59ecbf9329e796dfed6fb630"}
{"seq":60,"ts":1779580800000,"agent_id":"funding-carry","symbol":"BTCUSDT","side":"buy","price":76819.940605938,"quantity":0.026034906877361017,"notional_usd":2000.0,"fee_usd":1.2,"balance_before_usd":9992.84307346739,"balance_after_usd":9991.043213437395,"decision":"ALLOW_CAPPED","cert_hash":"7843c671606d1b06fff761270484d00e15613d7eb0e6d38e6e5383f896fbb2af","prev_hash":"91b69b84a4dac7bd9e086945fd41ff2fbc76ab04afc211c1d8d85ea71203cfa1","record_hash":"735b81b140a2cd7f3c26ee420f3b513bc9ed2e8238be8ce8208b7a5c81857876","signature_hex":"1890e8aff785a760ff32bfb8962d04b7694bea84646839153f5db606b617bf448b8ce5a60b8eb8f5b71bf0208b9fb8ca90cbaf1f01bc7edd2fe9e66839362200","public_key_hex":"c2f8243b0d573587f285c830a868acd19249d17d59ecbf9329e796dfed6fb630"}
{"seq":61,"ts":1779584400000,"agent_id":"funding-carry","symbol":"BTCUSDT","side":"buy","price":76865.154166842,"quantity":0.02601959264478725,"notional_usd":2000.0,"fee_usd":1.2,"balance_before_usd":9992.219860073574,"balance_after_usd":9990.420000043581,"decision":"ALLOW_CAPPED","cert_hash":"9883bef674d46bc0de2eddf03f7fa3d0ee108f1d239ac5ad8149f01e7f1c7f00","prev_hash":"735b81b140a2cd7f3c26ee420f3b513bc9ed2e8238be8ce8208b7a5c81857876","record_hash":"f4a612d48aece780cab95e3fd27595a38d4fe97842871a92528fbb555128409a","signature_hex":"628ffd5463a3179b3b289982141f04bef49cfe80bbcc36724a0600cc85ea01086469f260dd5ccc3b03113dab2921c7b0fc9752686b12249c7865425d0e338109","public_key_hex":"c2f8243b0d573587f285c830a868acd19249d17d59ecbf9329e796dfed6fb630"}
{"seq":62,"ts":1779588000000,"agent_id":"funding-carry","symbol":"BTCUSDT","side":"buy","price":76794.98428062524,"quantity":0.012984981130617678,"notional_usd":997.18142181,"fee_usd":0.598308853086,"balance_before_usd":9986.9689791048,"balance_after_usd":9986.121562729793,"decision":"ALLOW","cert_hash":"ae5a29ba9b5cd476ec3a1db5baf4b0653fbe5fb9860049d4aae7ccf7ac64dd09","prev_hash":"f4a612d48aece780cab95e3fd27595a38d4fe97842871a92528fbb555128409a","record_hash":"a636c85accea91ce26b5441c8780d399b010b6d7d77fe7e2a592975a0dcb5bee","signature_hex":"3418e86d5463bea049793bb5b9d4adccf21c184a7d09187139924efd8bd6badb3e032f08107aebfc8b1b94cf7bf09d30ffc8f435818b57c37338a56756c3ad0c","public_key_hex":"c2f8243b0d573587f285c830a868acd19249d17d59ecbf9329e796dfed6fb630"}
{"seq":63,"ts":1779609600000,"agent_id":"funding-carry","symbol":"BTCUSDT","side":"sell","price":76769.86366585799,"quantity":0.02605188943287734,"notional_usd":2000.0,"fee_usd":1.2,"balance_before_usd":9987.68317950638,"balance_after_usd":9985.883039476375,"decision":"ALLOW_CAPPED","cert_hash":"cd53d150bdae09e02187872b338ddafca63cd00f370e1de5dda57e201f70dba2","prev_hash":"a636c85accea91ce26b5441c8780d399b010b6d7d77fe7e2a592975a0dcb5bee","record_hash":"78620f4ad2793f4e0dc6533cb095ac1527c499f39f5021f82055fff1fcce1ddc","signature_hex":"01c509dc29ce12e92c9cd7b4a0dccc82e40b4539bcb2b2ca604bb0a2398ce7481d51fe873c62c8a64fefb9744f344310d397a1c12fb51e73069a6a9a3b82310c","public_key_hex":"c2f8243b0d573587f285c830a868acd19249d17d59ecbf9329e796dfed6fb630"}
{"seq":64,"ts":1779613200000,"agent_id":"funding-carry","symbol":"BTCUSDT","side":"sell","price":76955.90783958,"quantity":0.02598890788435815,"notional_usd":2000.0,"fee_usd":1.2,"balance_before_usd":9993.138090204928,"balance_after_usd":9991.337950174919,"decision":"ALLOW_CAPPED","cert_hash":"d7c0df4e477abdf831d7121c97e64878b10cdd7e512952ee6ba1701cf2eee6de","prev_hash":"78620f4ad2793f4e0dc6533cb095ac1527c499f39f5021f82055fff1fcce1ddc","record_hash":"cf74e3566bc7ebfc37fd35fcd5661ec2820cb546a05cfe2cecca40beb95a16f6","signature_hex":"e7ca34bfad1b3392c16ff3dcab141d8ff6b531038d26a3fd21b4aa83cceb7faecbf266f36286045ed50e3f4d8e096a03be3d0a971daf8f13c2d2007dbef6ae01","public_key_hex":"c2f8243b0d573587f285c830a868acd19249d17d59ecbf9329e796dfed6fb630"}
{"seq":65,"ts":1779616800000,"agent_id":"funding-carry","symbol":"BTCUSDT","side":"sell","price":77125.90497518299,"quantity":0.012999032911738243,"notional_usd":1002.56217712,"fee_usd":0.601537306272,"balance_before_usd":9993.497849090694,"balance_after_usd":9992.645495121793,"decision":"ALLOW","cert_hash":"993272b865970c539a50081deb618ee456c00797dbb57821af8a6aa9ad45f3e9","prev_hash":"cf74e3566bc7ebfc37fd35fcd5661ec2820cb546a05cfe2cecca40beb95a16f6","record_hash":"82988b0c733bebcf26428b61a187fed5bfb393a24bd998ae08bbb9a5e726c594","signature_hex":"79310e7a0a83a77e7c257bdfb59c77c0e083e6f58c460c84eefd8ca60eb118145c9ab2f3659d6d8cff52c1fafd3b33bad72f8cc279b9c975aa43df9ae70ee201","public_key_hex":"c2f8243b0d573587f285c830a868acd19249d17d59ecbf9329e796dfed6fb630"}
{"seq":66,"ts":1779926400000,"agent_id":"funding-carry","symbol":"BTCUSDT","side":"sell","price":74521.13844087,"quantity":0.026838022631483716,"notional_usd":2000.0,"fee_usd":1.2,"balance_before_usd":9992.65399981682,"balance_after_usd":9990.853859786812,"decision":"ALLOW_CAPPED","cert_hash":"55bc6c7e71ede6c4cc4d1c53be3dec487f87a22c1aabd1cdcaaf46eb8651ff83","prev_hash":"82988b0c733bebcf26428b61a187fed5bfb393a24bd998ae08bbb9a5e726c594","record_hash":"88cde56ef8a83fa39af8eb52d5917b93ca4df0cf3fd46982a9c2bf77dccdb4d2","signature_hex":"95a64f34c37934bfb34207a4fc4b74204a3a2066fa61507d5617d81724630b2fc5800a27853d1663bf8eb7634ff1f302d1a307540608bc41d2da6742a63cc40e","public_key_hex":"c2f8243b0d573587f285c830a868acd19249d17d59ecbf9329e796dfed6fb630"}
{"seq":67,"ts":1779930000000,"agent_id":"funding-carry","symbol":"BTCUSDT","side":"sell","price":74294.906326344,"quantity":0.026919745900410755,"notional_usd":2000.0,"fee_usd":1.2,"balance_before_usd":9996.928040061299,"balance_after_usd":9995.127900031292,"decision":"ALLOW_CAPPED","cert_hash":"5a93c2680e9c44e8f7895036ec2d290bfa99d481fbcac4e048310194bb11f182","prev_hash":"88cde56ef8a83fa39af8eb52d5917b93ca4df0cf3fd46982a9c2bf77dccdb4d2","record_hash":"0fac0477496cc24273a9419d2da4a7cd887709f987cd01fc7139565867f08675","signature_hex":"18a8d51e6ec9193a2cd6f73501649e76540aa3ff4b6fe96e31fb89d6b834c5343b65ce7339d2ec844c8dab47d8a493dab74420f23936a306717efed2c0c08702","public_key_hex":"c2f8243b0d573587f285c830a868acd19249d17d59ecbf9329e796dfed6fb630"}
{"seq":68,"ts":1779933600000,"agent_id":"funding-carry","symbol":"BTCUSDT","side":"sell","price":74241.61084744013,"quantity":0.013561021211526077,"notional_usd":1006.79205948,"fee_usd":0.604075235688,"balance_before_usd":9998.192278157627,"balance_after_usd":9997.336115029771,"decision":"ALLOW","cert_hash":"5729e209d883148d2197a7986c8e5ac91030c8dc2aa2552999ba95ca5083b0fd","prev_hash":"0fac0477496cc24273a9419d2da4a7cd887709f987cd01fc7139565867f08675","record_hash":"b80d5602ea244edfb1dbf357d664a66fd2f5f56ea8e94236684c14e157ddad93","signature_hex":"b885efebc618aaedf12b17a5b73eab8fb47265152ec77e24530c8b440969b1537753a2d3c5dde2d57ca2751a5338b80d75d384d3427b6ae9de929d817cfd360c","public_key_hex":"c2f8243b0d573587f285c830a868acd19249d17d59ecbf9329e796dfed6fb630"}
{"seq":69,"ts":1779955200000,"agent_id":"funding-carry","symbol":"BTCUSDT","side":"buy","price":73308.88753573799,"quantity":0.02728182171670526,"notional_usd":2000.0,"fee_usd":1.2,"balance_before_usd":10063.339238405017,"balance_after_usd":10061.539378375022,"decision":"ALLOW_CAPPED","cert_hash":"dca4239a666af57411a7045f20ac5a9eab183e97404d9d8ceacc3133188ab146","prev_hash":"b80d5602ea244edfb1dbf357d664a66fd2f5f56ea8e94236684c14e157ddad93","record_hash":"6c82262f83c99c04b9b34a871080c5dee4b4c7dbe4148afc5848104594fff9f9","signature_hex":"e947c9a6cd99cb04c92c6b26f9461c66c376b06592efb00a6be6f1c9ea37eb385ff92521cb482c69fd543a14301df33126ccb13f9f6c163c946546c42ef43502","public_key_hex":"c2f8243b0d573587f285c830a868acd19249d17d59ecbf9329e796dfed6fb630"}
{"seq":70,"ts":1779958800000,"agent_id":"funding-carry","symbol":"BTCUSDT","side":"buy","price":73534.95534025799,"quantity":0.027197949475126222,"notional_usd":2000.0,"fee_usd":1.2,"balance_before_usd":10052.49028882337,"balance_after_usd":10050.690428793376,"decision":"ALLOW_CAPPED","cert_hash":"57e50aed1fdde4947e72cc0729ab34799a8751b73d4189474df2167c22a9e836","prev_hash":"6c82262f83c99c04b9b34a871080c5dee4b4c7dbe4148afc5848104594fff9f9","record_hash":"17a31fe9906aac4a9de483b70c5cfe3654b36fb1b1e45cfe15a54d1f967d6441","signature_hex":"a125c74c2c6533d47db578984fca04f1532917b29fc0fbc5aac3ea1ac05c834a99fd33ca85b2df5888a6cc6af7d7a6a408dad8519b39a43f575965720c57460e","public_key_hex":"c2f8243b0d573587f285c830a868acd19249d17d59ecbf9329e796dfed6fb630"}
{"seq":71,"ts":1779962400000,"agent_id":"funding-carry","symbol":"BTCUSDT","side":"buy","price":73385.9310296868,"quantity":0.012839096915985821,"notional_usd":942.20908076,"fee_usd":0.5653254484560001,"balance_before_usd":10052.55384213845,"balance_after_usd":10051.755730642657,"decision":"ALLOW","cert_hash":"6b9b0e2e8ab47b9a548a851bda7ac253cda95194f863d112fa351a437cd4723d","prev_hash":"17a31fe9906aac4a9de483b70c5cfe3654b36fb1b1e45cfe15a54d1f967d6441","record_hash":"fb78c9dc493c5bc2cbe4818c433c0f28fb9368dafe1e7faddd245140d3c706c1","signature_hex":"98b3a902fe0563aa39931a219cb062d4051102442a1b99bb6063bb79c92a35fe883f43ff2bcc9a4bdbb8a31b50815aeda88817da2a18073c079b842f5dc3a80b","public_key_hex":"c2f8243b0d573587f285c830a868acd19249d17d59ecbf9329e796dfed6fb630"}
{"seq":72,"ts":1780300800000,"agent_id":"funding-carry","symbol":"BTCUSDT","side":"sell","price":72863.23592770202,"quantity":0.027448684848206367,"notional_usd":2000.0,"fee_usd":1.2,"balance_before_usd":10051.757374427003,"balance_after_usd":10049.957234396996,"decision":"ALLOW_CAPPED","cert_hash":"48bf3b223d88fcba777b79281264710bce02d6bdacec9e4c0c3d8e6f49225c7d","prev_hash":"fb78c9dc493c5bc2cbe4818c433c0f28fb9368dafe1e7faddd245140d3c706c1","record_hash":"8030c055a3cb51e3ed4a0f603a685ed8a16ffa3e9b40f46caa0f742a69f15350","signature_hex":"a5caf83912fc9fbf80317677f87347f4390fda035dfa50cd14e33f813c51dec6f942b021759e5b39cd6d75ccdcf3dd97cec06770eac03ac2ed4a47654b407d0a","public_key_hex":"c2f8243b0d573587f285c830a868acd19249d17d59ecbf9329e796dfed6fb630"}
{"seq":73,"ts":1780304400000,"agent_id":"funding-carry","symbol":"BTCUSDT","side":"sell","price":72846.64090736999,"quantity":0.02745493786794028,"notional_usd":2000.0,"fee_usd":1.2,"balance_before_usd":10050.412935235017,"balance_after_usd":10048.612795205012,"decision":"ALLOW_CAPPED","cert_hash":"48734fdc09fdc003a2c3ebc05d313efe2e99c207cdf6594e5e47ceaeceaf4308","prev_hash":"8030c055a3cb51e3ed4a0f603a685ed8a16ffa3e9b40f46caa0f742a69f15350","record_hash":"ac9138e3d29bb33a25dbf63513a1da104b867f394752bd6f41e05ebefdd6945d","signature_hex":"984c4d34bfad44eb77a8ab1f21d5269656d684c6b6d7eaca805fa4fa96bf78eebb47f75811e586b4f39c541c0e3eba4e394da3e2ff5655cdb7bf1184fa337907","public_key_hex":"c2f8243b0d573587f285c830a868acd19249d17d59ecbf9329e796dfed6fb630"}
{"seq":74,"ts":1780308000000,"agent_id":"funding-carry","symbol":"BTCUSDT","side":"sell","price":72713.49236680844,"quantity":0.014228297508953915,"notional_usd":1034.58920231,"fee_usd":0.620753521386,"balance_before_usd":10056.118554160814,"balance_after_usd":10055.237314187694,"decision":"ALLOW","cert_hash":"2b84a98a3980e3c759572c46466888d346299ab64493a258fc5a3f5c6be88156","prev_hash":"ac9138e3d29bb33a25dbf63513a1da104b867f394752bd6f41e05ebefdd6945d","record_hash":"7bc8cbbf1eaf3172d5e4dd26c1c8378ec2969c1fb39bbcfb34797fe9b8687d2b","signature_hex":"abe1dfda8e4ab274ea5241d3acf1edc157ade08ab9637337bd588b30dd8ce70e0b3b8d59e7d1e312aa5be08c026b8bdf59706f425f7c5014918edd1a2e843c0e","public_key_hex":"c2f8243b0d573587f285c830a868acd19249d17d59ecbf9329e796dfed6fb630"}
{"seq":75,"ts":1780362000000,"agent_id":"funding-carry","symbol":"BTCUSDT","side":"sell","price":70613.50553359035,"quantity":0.0030861056364966423,"notional_usd":217.92073744,"fee_usd":0.130752442464,"balance_before_usd":10201.643492341012,"balance_after_usd":10201.466774001809,"decision":"ALLOW","cert_hash":"b8cd33f725889ebaef3f90ca1581e75dd14b97aad86b8690ba28ce8b9334db00","prev_hash":"7bc8cbbf1eaf3172d5e4dd26c1c8378ec2969c1fb39bbcfb34797fe9b8687d2b","record_hash":"fd2f8c121729fbeb32e6920d6b54f33fd90e4f0d33a178cd789ee591a1bed030","signature_hex":"d35bc08c96d117644a58cf18c61579abb7ea588f1a43394b8ed393a2dfdf3b2bb6eb31132627f34c479ae592c45230ee15da6b15558ddf36a661d964c9a05704","public_key_hex":"c2f8243b0d573587f285c830a868acd19249d17d59ecbf9329e796dfed6fb630"}
{"seq":76,"ts":1780408800000,"agent_id":"funding-carry","symbol":"BTCUSDT","side":"sell","price":67981.93172375816,"quantity":0.0041957649364693815,"notional_usd":285.23620544,"fee_usd":0.17114172326399998,"balance_before_usd":10392.04988917199,"balance_after_usd":10391.817622386086,"decision":"ALLOW","cert_hash":"dc30bbd7572fea420e405c68cfb5080c771f1d40a3ef9428771d3ebd41a69a66","prev_hash":"fd2f8c121729fbeb32e6920d6b54f33fd90e4f0d33a178cd789ee591a1bed030","record_hash":"5fd76eb3742d134878559f0ae2e28d6ffc942d8d14e86e448cdd6aad080acd1d","signature_hex":"e6fb025574e15cc0b16e25896c1ba08b4a37bb1b8a613b387d4540e8199b265f8f527b9ef2cc5b86f5eaa4a0633702f9701ec457b4a52e20bae0c902583ff10b","public_key_hex":"c2f8243b0d573587f285c830a868acd19249d17d59ecbf9329e796dfed6fb630"}
{"seq":77,"ts":1780444800000,"agent_id":"funding-carry","symbol":"BTCUSDT","side":"buy","price":66920.27139800398,"quantity":0.02988631035437871,"notional_usd":2000.0,"fee_usd":1.2,"balance_before_usd":10476.48683598073,"balance_after_usd":10474.686975950735,"decision":"ALLOW_CAPPED","cert_hash":"920a4727422d734e9bb4611c9e80172991c4b70cafd583e127493b2c0ea0620b","prev_hash":"5fd76eb3742d134878559f0ae2e28d6ffc942d8d14e86e448cdd6aad080acd1d","record_hash":"bc090a934b22bdcc93cc668ece9e7017a0730e9053605e5609466f7a8630c413","signature_hex":"1d5123536d9c4e09ab60c098607dc3efec42d4e6f21feb30fa7ecef9c0fb486a8f32ef9d1485c41912ffc4bf697ef64f6b80a4392114ee0ae8f3598689945c04","public_key_hex":"c2f8243b0d573587f285c830a868acd19249d17d59ecbf9329e796dfed6fb630"}
{"seq":78,"ts":1780448400000,"agent_id":"funding-carry","symbol":"BTCUSDT","side":"buy","price":66900.0653376,"quantity":0.02989533702108263,"notional_usd":2000.0,"fee_usd":1.2,"balance_before_usd":10475.62689514755,"balance_after_usd":10473.827035117554,"decision":"ALLOW_CAPPED","cert_hash":"69ead4c9f8ed11701dee6bb55931b558e79172d6b19f9250240d8b6cb4b02700","prev_hash":"bc090a934b22bdcc93cc668ece9e7017a0730e9053605e5609466f7a8630c413","record_hash":"a844cc2aa824fa233ba9928d0d38980710eb05e9159c58742040f7247b576f9b","signature_hex":"a21e7487d4f036438e08d9e7d2c18fd5518b9e9ad536405abf546ed7113730331f87703d79e033305fc755bade36b3bdcf0f4019b7bae950c932e78f8449590d","public_key_hex":"c2f8243b0d573587f285c830a868acd19249d17d59ecbf9329e796dfed6fb630"}
{"seq":79,"ts":1780452000000,"agent_id":"funding-carry","symbol":"BTCUSDT","side":"buy","price":66600.8053471694,"quantity":0.016631068750388254,"notional_usd":1107.64257256,"fee_usd":0.664585543536,"balance_before_usd":10478.75441580164,"balance_after_usd":10477.807013160207,"decision":"ALLOW","cert_hash":"303b92cb008f581ef53db18c1487ccb589031b76bd805164e9a5d76e49054855","prev_hash":"a844cc2aa824fa233ba9928d0d38980710eb05e9159c58742040f7247b576f9b","record_hash":"5319589b6efd4071d29d0905e4ba68a7572e1fb6fbb14f5bfa423ec23a47a02c","signature_hex":"a5345f120e35f098c7b47699de89734f3456ba5c43a55f42dbc1bc06560370181ed47515d03020395fac83764727a141e95a269b72374f9d5aecff5427f23104","public_key_hex":"c2f8243b0d573587f285c830a868acd19249d17d59ecbf9329e796dfed6fb630"}
{"seq":80,"ts":1780502400000,"agent_id":"funding-carry","symbol":"BTCUSDT","side":"sell","price":66030.886111014,"quantity":0.030288855985326518,"notional_usd":2000.0,"fee_usd":1.2,"balance_before_usd":10477.809308991551,"balance_after_usd":10476.009168961544,"decision":"ALLOW_CAPPED","cert_hash":"f628becb448b7f6b61d6943e0440fda28f12b7c64bb015e6bfe26b3e261a2f84","prev_hash":"5319589b6efd4071d29d0905e4ba68a7572e1fb6fbb14f5bfa423ec23a47a02c","record_hash":"5ebf44099d06f439d342f4ec58997780e2f256aade0e17ff50c5bd2da7bd0009","signature_hex":"af0339a0d9d53d3135998860879a20191b8f8ad620eae4ca9a5ad656e3312d6f4d2ada4ef1941ffeb60237d65832bf7109a11d4375cab8ced2cdfd0b8053f50f","public_key_hex":"c2f8243b0d573587f285c830a868acd19249d17d59ecbf9329e796dfed6fb630"}
{"seq":81,"ts":1780506000000,"agent_id":"funding-carry","symbol":"BTCUSDT","side":"sell","price":65929.116648978,"quantity":0.030335610450363936,"notional_usd":2000.0,"fee_usd":1.2,"balance_before_usd":10479.093006900035,"balance_after_usd":10477.29286687003,"decision":"ALLOW_CAPPED","cert_hash":"3b204a7efa961e3845d3d7e3f5db56a4f8fb2754cda010398f3c52e1f91b259b","prev_hash":"5ebf44099d06f439d342f4ec58997780e2f256aade0e17ff50c5bd2da7bd0009","record_hash":"a6dd6ba59eab27b560c694f7a592d954c105f6e4e1a814dac96708f81cf77481","signature_hex":"a1039f341711bc45c47bd97a3c999f9dccb88e3a33a2b00b6638122f13069579b5ffd10ab8df21cb9d5c497460de0af7bf4322ae3127d8b2a99c03fd1a735d0c","public_key_hex":"c2f8243b0d573587f285c830a868acd19249d17d59ecbf9329e796dfed6fb630"}
{"seq":82,"ts":1780509600000,"agent_id":"funding-carry","symbol":"BTCUSDT","side":"sell","price":65998.32417920174,"quantity":0.01870022536313024,"notional_usd":1234.18353574,"fee_usd":0.740510121444,"balance_before_usd":10473.248931648104,"balance_after_usd":10472.185359784398,"decision":"ALLOW","cert_hash":"55f8b8eaf3089e217676bb912cbc85ef83400056e6f3fae39ff4d411a2de2d80","prev_hash":"a6dd6ba59eab27b560c694f7a592d954c105f6e4e1a814dac96708f81cf77481","record_hash":"c9b263f504cc6fb8e4991c3682487bcd88540b812352c8accc0eebfff11c9f5d","signature_hex":"ca99b5d5685d2c57a4e9f69791d5f97766e92cb34617f2f46875c00e38ced017a2c72e63b978ac8d3194c92b247471f44787e8438997f606ad7dd76e9804ec0a","public_key_hex":"c2f8243b0d573587f285c830a868acd19249d17d59ecbf9329e796dfed6fb630"}
{"seq":83,"ts":1780527600000,"agent_id":"funding-carry","symbol":"BTCUSDT","side":"sell","price":64105.056057689486,"quantity":0.0035079237588939893,"notional_usd":224.87564921,"fee_usd":0.134925389526,"balance_before_usd":10622.672357702926,"balance_after_usd":10622.48992119638,"decision":"ALLOW","cert_hash":"bcc5ced88f207c0a17d797492fb04a51e61fd114aa3df57a6936dd033cbd6026","prev_hash":"c9b263f504cc6fb8e4991c3682487bcd88540b812352c8accc0eebfff11c9f5d","record_hash":"3b75b99580705de5c58a25ac1fb1085491a1a230fc164601d589a431144ae1b9","signature_hex":"67c3234d04e2c17d190fc47cb0da4697017396189626e23f13d3ba18a5aa92876830e80be4f3e278cb01ec68288043764c3c28a8054a1b9ed521e3eb598a8c0c","public_key_hex":"c2f8243b0d573587f285c830a868acd19249d17d59ecbf9329e796dfed6fb630"}
{"seq":84,"ts":1780531200000,"agent_id":"funding-carry","symbol":"BTCUSDT","side":"buy","price":63334.796006316,"quantity":0.0315782180746355,"notional_usd":2000.0,"fee_usd":1.2,"balance_before_usd":10689.41619035093,"balance_after_usd":10687.616330320936,"decision":"ALLOW_CAPPED","cert_hash":"53c3478eb2fd4e2c49dc40de9f053bf1e8869e88a0c670f8c90328c4f10cbf98","prev_hash":"3b75b99580705de5c58a25ac1fb1085491a1a230fc164601d589a431144ae1b9","record_hash":"6ec0aa936b02e4625a7b265a436fce3b71acc2378bf02491e7f1972a9db95432","signature_hex":"32e0f0e31912d048970d1db9dd1f10078b790bc99d7d3269fba060f5c1ffaa4b00d3ec43ae0136570250aa520b3fde4124ccfc09f7e933042be25394e087de08","public_key_hex":"c2f8243b0d573587f285c830a868acd19249d17d59ecbf9329e796dfed6fb630"}
{"seq":85,"ts":1780534800000,"agent_id":"funding-carry","symbol":"BTCUSDT","side":"buy","price":62161.744172861996,"quantity":0.03217412938797721,"notional_usd":2000.0,"fee_usd":1.2,"balance_before_usd":10747.72734333504,"balance_after_usd":10745.927483305046,"decision":"ALLOW_CAPPED","cert_hash":"331f3a6e3fa766fe807f2e7d8ecc2365481027a9a72a9b21cd8780f54bcefcf8","prev_hash":"6ec0aa936b02e4625a7b265a436fce3b71acc2378bf02491e7f1972a9db95432","record_hash":"753b69d1b0452d49e573718a640d563cdf81665d5f9bdf095fccf7e12476caf0","signature_hex":"a92a1d706a86ef59dc2c9bec3303c5d1a21ff95ed82e45e8d61cc575d11aef45a27fae58e820962549fd3af2650004f1a48f831be920d0a05a58fc8ffe9a3108","public_key_hex":"c2f8243b0d573587f285c830a868acd19249d17d59ecbf9329e796dfed6fb630"}
{"seq":86,"ts":1780538400000,"agent_id":"funding-carry","symbol":"BTCUSDT","side":"buy","price":63210.45049614358,"quantity":0.019079548893162514,"notional_usd":1206.0268808,"fee_usd":0.72361612848,"balance_before_usd":10725.871565828114,"balance_after_usd":10724.834081654146,"decision":"ALLOW","cert_hash":"b4bcafb41c7272733a7044a51892b3ecf66b1bc3722f2ff1cd4139985bf5594b","prev_hash":"753b69d1b0452d49e573718a640d563cdf81665d5f9bdf095fccf7e12476caf0","record_hash":"0cc98adf46c0c5b9204731db0044084a5ed94e13937fa3c8cdc8a6e020c76cb3","signature_hex":"278b58e22b189241d6f508a4859deb09c4fafa4099a236e8ed57180c24c680956acf95d88522087e7d29d713411b992aac4606519fffa73d92d63321c2192e01","public_key_hex":"c2f8243b0d573587f285c830a868acd19249d17d59ecbf9329e796dfed6fb630"}
{"seq":87,"ts":1781539200000,"agent_id":"funding-carry","symbol":"BTCUSDT","side":"buy","price":67138.33680236399,"quantity":0.029789239579875598,"notional_usd":2000.0,"fee_usd":1.2,"balance_before_usd":10724.814512714824,"balance_after_usd":10723.01465268483,"decision":"ALLOW_CAPPED","cert_hash":"fd991d7c804c7c402c53bfd2a1fdfef62c988fc1d14d9bec5ffe6c153b71ae12","prev_hash":"0cc98adf46c0c5b9204731db0044084a5ed94e13937fa3c8cdc8a6e020c76cb3","record_hash":"64ee6facd5cd3a9f96bf9bab8cfdbf5e0d824726c0db94db286c7feaf9b1fa3e","signature_hex":"49831e99e70538ae95fdcbe2069c2292b7796a0d4b86a99ed42c758f97da73509fca1d04693c1045482986d492c6ccb9a7eb87c1fbc9a232066e6ca056d3b600","public_key_hex":"c2f8243b0d573587f285c830a868acd19249d17d59ecbf9329e796dfed6fb630"}
{"seq":88,"ts":1781542800000,"agent_id":"funding-carry","symbol":"BTCUSDT","side":"buy","price":66832.74514625399,"quantity":0.029925450400447917,"notional_usd":2000.0,"fee_usd":1.2,"balance_before_usd":10713.915557331678,"balance_after_usd":10712.115697301684,"decision":"ALLOW_CAPPED","cert_hash":"46e7113e4829f3d69a118487b23623f747f8b94223256698ee3983b42cf96936","prev_hash":"64ee6facd5cd3a9f96bf9bab8cfdbf5e0d824726c0db94db286c7feaf9b1fa3e","record_hash":"d9f4100974ab72ecc393099a4f2bc1af8a15de810b0a31cc5b7f82970a50efdc","signature_hex":"e3b6683a822a766f05f9774e818981410f8db477e97761a23a3cc10b05224a5162789ebae1d6f3e94157dde151737cf5e2067bc69d947c844276a3a408d98605","public_key_hex":"c2f8243b0d573587f285c830a868acd19249d17d59ecbf9329e796dfed6fb630"}
{"seq":89,"ts":1781546400000,"agent_id":"funding-carry","symbol":"BTCUSDT","side":"buy","price":66740.91414113715,"quantity":0.02051766927816114,"notional_usd":1369.36800367,"fee_usd":0.8216208022020001,"balance_before_usd":10706.75973512686,"balance_after_usd":10705.570557901403,"decision":"ALLOW","cert_hash":"bea5ed76090a74c7d1d8ce188fc49db5fc9d80b4628a3cc6ebe1b213bda4c68d","prev_hash":"d9f4100974ab72ecc393099a4f2bc1af8a15de810b0a31cc5b7f82970a50efdc","record_hash":"cc6526edf27b5fade466bf9f2a92f03a66041443083e6eeefbd440ff7f76078d","signature_hex":"4c38ae4d697f5ff16c8a484d510a382bc34e971fe28fa5f3c8b32fb17e49b238f23d94a7168163da4357317255c857de652c63414d2d7bf5fca77648c424d10a","public_key_hex":"c2f8243b0d573587f285c830a868acd19249d17d59ecbf9329e796dfed6fb630"}
{"seq":90,"ts":1781568000000,"agent_id":"funding-carry","symbol":"BTCUSDT","side":"sell","price":66198.535804368,"quantity":0.030212148587552796,"notional_usd":2000.0,"fee_usd":1.2,"balance_before_usd":10665.342817054941,"balance_after_usd":10663.542677024936,"decision":"ALLOW_CAPPED","cert_hash":"664a66ff61557788252b98e83b94a140ea01414c8c2b3c966124d91e27c28591","prev_hash":"cc6526edf27b5fade466bf9f2a92f03a66041443083e6eeefbd440ff7f76078d","record_hash":"d19bdc78851a479a2767645f9757c78bb715b9fecd08e841011079b6a8b10d7f","signature_hex":"237907928b394146cd15608ce1566c7f938199747a56b598fe20d66f4f71034841ed64338a23d650e5dfe1e006cc1ddab9ecdca294fcf6ac62d8e9c068962203","public_key_hex":"c2f8243b0d573587f285c830a868acd19249d17d59ecbf9329e796dfed6fb630"}
{"seq":91,"ts":1781571600000,"agent_id":"funding-carry","symbol":"BTCUSDT","side":"sell","price":66292.00775623799,"quantity":0.030169549357355264,"notional_usd":2000.0,"fee_usd":1.2,"balance_before_usd":10668.219102332652,"balance_after_usd":10666.418962302645,"decision":"ALLOW_CAPPED","cert_hash":"610a2286104ebbe44313f5ced03a4656d9c69e4f5b6389ed08b040036b084b10","prev_hash":"d19bdc78851a479a2767645f9757c78bb715b9fecd08e841011079b6a8b10d7f","record_hash":"e87d083b83addf0ddaf86bae40b2de73dd391b5f7a2fe56f67c6a06e122e0a4c","signature_hex":"806015ceb57f7dc547a24cd1b4697a106c7255074fd4d5268af541a2b5f2e4210c098d1dcf99054c2e31963ed06f23622662bfdec18050d4ccc4d3d45c57070b","public_key_hex":"c2f8243b0d573587f285c830a868acd19249d17d59ecbf9329e796dfed6fb630"}
{"seq":92,"ts":1781575200000,"agent_id":"funding-carry","symbol":"BTCUSDT","side":"sell","price":65692.17472663191,"quantity":0.019850958773957757,"notional_usd":1304.05265227,"fee_usd":0.7824315913619999,"balance_before_usd":10654.465900459858,"balance_after_usd":10653.33756048524,"decision":"ALLOW","cert_hash":"da3bc2f8f99336393acb0c1dfab0246b99345dc0ea44da7e3d7212708f3048d3","prev_hash":"e87d083b83addf0ddaf86bae40b2de73dd391b5f7a2fe56f67c6a06e122e0a4c","record_hash":"9a8f67cbd70ce6a4b171d58c738651e10c0945dcc3f595c6f74d87176975469f","signature_hex":"96d9e4b2c9351bf8fc8802b99d5c15b522818d4d98ff6e8b1749e8956227449198ebb977cc6cf02304e63fbc0513441453fdb4bd8d0d8a2a017a1a049df9800f","public_key_hex":"c2f8243b0d573587f285c830a868acd19249d17d59ecbf9329e796dfed6fb630"}
