{"seq":0,"ts":1778486400000,"agent_id":"funding-carry","symbol":"BTCUSDT","side":"sell","price":80696.58537441601,"quantity":0.024784196143125513,"notional_usd":2000.0,"fee_usd":1.2,"balance_before_usd":10000.0,"balance_after_usd":9998.199859969993,"decision":"ALLOW_CAPPED","cert_hash":"daf5a48458fe402fe73f8356a0311e0d48924bee1e26f404efbf4001ac9bf05e","prev_hash":"0000000000000000000000000000000000000000000000000000000000000000","record_hash":"67fe69ed34e99ff16c0f7303a6614c0a6ab46cd76ea491e6a36aff2f414390a5","signature_hex":"956c62ee145fe65e12fe43de1406a7c2657af52cfaa602941df6e39b85351cf6ffefe027ab39f1d23c33f912cdb41eb9cd552f34abc299b1fb1ea001d93d2e0a","public_key_hex":"c2f8243b0d573587f285c830a868acd19249d17d59ecbf9329e796dfed6fb630"}
{"seq":1,"ts":1778490000000,"agent_id":"funding-carry","symbol":"BTCUSDT","side":"sell","price":80901.323938512,"quantity":0.0247214742928073,"notional_usd":2000.0,"fee_usd":1.2,"balance_before_usd":9993.124056599881,"balance_after_usd":9991.323916569874,"decision":"ALLOW_CAPPED","cert_hash":"cc042d0fdeaa505d056b2c15aebda7273f84c5a61ec486779db42ad32ea35f4c","prev_hash":"67fe69ed34e99ff16c0f7303a6614c0a6ab46cd76ea491e6a36aff2f414390a5","record_hash":"fdca75a60bc92b59fa8363c12df6d151e02f4b63555733c28da9d25cfe9554ff","signature_hex":"a9e65d0ea9036a6fe397844f5fb6d9933bee18d781889a2cee2bd40fb9c60af022f3366a1255650129da09495021da8eab073398c5920a422749034065629103","public_key_hex":"c2f8243b0d573587f285c830a868acd19249d17d59ecbf9329e796dfed6fb630"}
{"seq":2,"ts":1778493600000,"agent_id":"funding-carry","symbol":"BTCUSDT","side":"sell","price":80880.91151037534,"quantity":0.012255119158898809,"notional_usd":991.20520824,"fee_usd":0.594723124944,"balance_before_usd":9992.536805495554,"balance_after_usd":9991.69467002462,"decision":"ALLOW","cert_hash":"e7a20390519bceff5515ab3443d17a751014b4390045d13a372fb85090eaa61b","prev_hash":"fdca75a60bc92b59fa8363c12df6d151e02f4b63555733c28da9d25cfe9554ff","record_hash":"a455bfd806474dbb87ffb44816527c3683fc31d5979396cc695d1f131f56eb6e","signature_hex":"454ae09efdb4b13419099bbc3a5a2d7cefe69ee668c1bd2ee309a3dca7864c6df53298eb7c679f6e03457461b009239933b3ad6f87b70ba02e8b319d61d5cd01","public_key_hex":"c2f8243b0d573587f285c830a868acd19249d17d59ecbf9329e796dfed6fb630"}
{"seq":3,"ts":1778515200000,"agent_id":"funding-carry","symbol":"BTCUSDT","side":"buy","price":81544.4576304,"quantity":0.0245264982822621,"notional_usd":2000.0,"fee_usd":1.2,"balance_before_usd":9953.49609104222,"balance_after_usd":9951.696231012225,"decision":"ALLOW_CAPPED","cert_hash":"8f0fff33b57f2c7c9b8731d95d92ed146a82f3392d44b6f8024434bcad55a81e","prev_hash":"a455bfd806474dbb87ffb44816527c3683fc31d5979396cc695d1f131f56eb6e","record_hash":"024bbcf14771471296a3de46ea84799c8bd4ae8ce967e9f130adae596ee0ffb1","signature_hex":"a93628919e1776910304bb6af8246eb9dfeb4be7b35dcb890289c3cbb642345e3b9193c4f79939a04533bd86b84ca32fdb4682051d2d3e702692f0735247bb02","public_key_hex":"c2f8243b0d573587f285c830a868acd19249d17d59ecbf9329e796dfed6fb630"}
{"seq":4,"ts":1778518800000,"agent_id":"funding-carry","symbol":"BTCUSDT","side":"buy","price":81913.16821777199,"quantity":0.024416098699574867,"notional_usd":2000.0,"fee_usd":1.2,"balance_before_usd":9937.97167123441,"balance_after_usd":9936.171811204416,"decision":"ALLOW_CAPPED","cert_hash":"41bfb32c4f9df76b7997947607666f7f2ec6f8f8726f633115ebc334f082fce1","prev_hash":"024bbcf14771471296a3de46ea84799c8bd4ae8ce967e9f130adae596ee0ffb1","record_hash":"0cbd33bc1bf71b8f23813e38a3b81434efc1c8c54827c5e2c774099d456b5f7a","signature_hex":"3cdceaf41018d9a839073dd272ddbcde4c302f21aaa1b256129475b4d0f22970ad4bdd954b0394a54499d0cd1483f9b46f894470d5ab3aa2d887db489d2ae909","public_key_hex":"c2f8243b0d573587f285c830a868acd19249d17d59ecbf9329e796dfed6fb630"}
{"seq":5,"ts":1778522400000,"agent_id":"funding-carry","symbol":"BTCUSDT","side":"buy","price":81830.1526233592,"quantity":0.012814957505904159,"notional_usd":1048.64992857,"fee_usd":0.6291899571419999,"balance_before_usd":9937.185730240106,"balance_after_usd":9936.29187779223,"decision":"ALLOW","cert_hash":"d672de40b21032f9c95c0e678053d19640ea0ae73aec6c6644c1145429e3ae10","prev_hash":"0cbd33bc1bf71b8f23813e38a3b81434efc1c8c54827c5e2c774099d456b5f7a","record_hash":"1e880bdac1c26bd89e482d2c94aca1bbde98b36966a58030da377f4de5b79d44","signature_hex":"6b45b4516d114e7bf9fbe14b060375924d96210aa90842cdb8c04d33aa73dd69caba794538adb124836b63f0622987e9df6327def6e22f4d8dd6ffd0eb37420a","public_key_hex":"c2f8243b0d573587f285c830a868acd19249d17d59ecbf9329e796dfed6fb630"}
{"seq":6,"ts":1778544000000,"agent_id":"funding-carry","symbol":"BTCUSDT","side":"buy","price":81528.45283008,"quantity":0.024531313064021475,"notional_usd":2000.0,"fee_usd":1.2,"balance_before_usd":9936.292839750029,"balance_after_usd":9934.492979720035,"decision":"ALLOW_CAPPED","cert_hash":"9f47e003095db2937f218000478dd2ef6de1f125fe41704586d58c2f77f78e0d","prev_hash":"1e880bdac1c26bd89e482d2c94aca1bbde98b36966a58030da377f4de5b79d44","record_hash":"b4d2708f5d6b93d8f54f95b9f43705ea605bc0fefd2d94b1d24087e988c64d66","signature_hex":"fe8d772bb455e0500aedb0eb900072fef8020162af2fd20f373f453439607f41016aa1506ab6f12eb0094bb2dd9761fd1bb7190f508c869ebaeea33c205db50f","public_key_hex":"c2f8243b0d573587f285c830a868acd19249d17d59ecbf9329e796dfed6fb630"}
{"seq":7,"ts":1778547600000,"agent_id":"funding-carry","symbol":"BTCUSDT","side":"buy","price":81182.148963156,"quantity":0.024635957849646076,"notional_usd":2000.0,"fee_usd":1.2,"balance_before_usd":9926.001359131345,"balance_after_usd":9924.201499101353,"decision":"ALLOW_CAPPED","cert_hash":"07a092d6b60483f20e0402b9c206a5c150892ad05ba42458ba15570d67d47613","prev_hash":"b4d2708f5d6b93d8f54f95b9f43705ea605bc0fefd2d94b1d24087e988c64d66","record_hash":"9e2cface385f27add598d65b68164b5c4a94df47e1148198aecae91cb3e47c05","signature_hex":"9c375b1619a675cd5d8f75f174a5ec15a6ac388e8031d1ac3b75a56efeb4a56a6dd2f985fafffaa463097b3673433427b87b52f07fd8979a9deb050ecfaca409","public_key_hex":"c2f8243b0d573587f285c830a868acd19249d17d59ecbf9329e796dfed6fb630"}
{"seq":8,"ts":1778551200000,"agent_id":"funding-carry","symbol":"BTCUSDT","side":"buy","price":81244.48715491778,"quantity":0.011944454253610978,"notional_usd":970.42106018,"fee_usd":0.582252636108,"balance_before_usd":9927.47090748249,"balance_after_usd":9926.647530297956,"decision":"ALLOW","cert_hash":"22d09393bb48bab31ba52511f7239bd6aea35b5ec9aaa7d0caafe8993620ff22","prev_hash":"9e2cface385f27add598d65b68164b5c4a94df47e1148198aecae91cb3e47c05","record_hash":"d8c39d106a507b2a15177a1979259c5fd089fcb2aff13101770a800decf41966","signature_hex":"e41689c3cac1c4d0552823d442c231fa23d502f57ff122041db6f49f14cf4982d9e7ded998071ed21dd7cf8c81fdb43e6332a64323ce4432e263590240146e01","public_key_hex":"c2f8243b0d573587f285c830a868acd19249d17d59ecbf9329e796dfed6fb630"}
{"seq":9,"ts":1778572800000,"agent_id":"funding-carry","symbol":"BTCUSDT","side":"sell","price":80790.7571163,"quantity":0.02475530705970434,"notional_usd":2000.0,"fee_usd":1.2,"balance_before_usd":9901.245685189006,"balance_after_usd":9899.445545159,"decision":"ALLOW_CAPPED","cert_hash":"50159cca04d2079d8e65c5a05404a68b55496902167b9248b067b7cebb9492a7","prev_hash":"d8c39d106a507b2a15177a1979259c5fd089fcb2aff13101770a800decf41966","record_hash":"5ca1bbc2e8344448547ff31d055362ff9ecd1318df9bbb8119568a6e40e7ed00","signature_hex":"b5ca4ce44d2f416c1ef116c74ec1d28889f9a437f11bfdf7223996e0cd4765f6437296fbcafccd1016a528fcf0f06a9d44f7caa7b2c0e4b9e9df316013236309","public_key_hex":"c2f8243b0d573587f285c830a868acd19249d17d59ecbf9329e796dfed6fb630"}
{"seq":10,"ts":1778576400000,"agent_id":"funding-carry","symbol":"BTCUSDT","side":"sell","price":80786.25846621001,"quantity":0.024756685579596784,"notional_usd":2000.0,"fee_usd":1.2,"balance_before_usd":9899.281955835499,"balance_after_usd":9897.481815805491,"decision":"ALLOW_CAPPED","cert_hash":"69a49b4c334c34582aa4432420a8d83b605da623b9f69ca9851995bc7c83e28d","prev_hash":"5ca1bbc2e8344448547ff31d055362ff9ecd1318df9bbb8119568a6e40e7ed00","record_hash":"e62b597fc9f10fc9a8c709d133b4f471a8fd2500d5ff533e3bd4eb6760893a7e","signature_hex":"b2cf8a44444429e4b8aea296dacf9d5a5b1c9bff632ee40e0d70b3186be1211cbb8c9b10891d986641a0efccd27e8b6c8c04bf3e8792e5590bf8a3c71d9a9907","public_key_hex":"c2f8243b0d573587f285c830a868acd19249d17d59ecbf9329e796dfed6fb630"}
{"seq":11,"ts":1778580000000,"agent_id":"funding-carry","symbol":"BTCUSDT","side":"sell","price":80627.90040341658,"quantity":0.011599359527168956,"notional_usd":935.2320047,"fee_usd":0.56113920282,"balance_before_usd":9895.595065675114,"balance_after_usd":9894.803103897077,"decision":"ALLOW","cert_hash":"02abf7169480540e28e3b2ae7020fc3db518efba9e8bb3909bf7f2d0e3cf88de","prev_hash":"e62b597fc9f10fc9a8c709d133b4f471a8fd2500d5ff533e3bd4eb6760893a7e","record_hash":"776ffc3e5a4b9ce30276f98c3704f79bc03752307aa75b9acc763ee55bc9f192","signature_hex":"cc78e700ce7c70e29558d2c45f712db19d527163331dc3383aea080fa052b0ca207d7a5686601c828c54d12ad0fed57f823224ef90a4d5d0538ac3801ead2208","public_key_hex":"c2f8243b0d573587f285c830a868acd19249d17d59ecbf9329e796dfed6fb630"}
{"seq":12,"ts":1778659200000,"agent_id":"funding-carry","symbol":"BTCUSDT","side":"buy","price":81174.346623,"quantity":0.024638325816019793,"notional_usd":2000.0,"fee_usd":1.2,"balance_before_usd":9894.801655831243,"balance_after_usd":9893.001795801249,"decision":"ALLOW_CAPPED","cert_hash":"5c1ea722f04f75693852040ddc5aefe37a554719df9232acba38676fe7dcc416","prev_hash":"776ffc3e5a4b9ce30276f98c3704f79bc03752307aa75b9acc763ee55bc9f192","record_hash":"5609d74708ce4cb183d639c2a23caaa1ec34d2e7fde06fee71c4496fdeeeb4a2","signature_hex":"60facd4746dbdd05a761c0d89842198749493b33a5805e4e155aad029dd295203c1c4e21b864e8da36c1c3d43fc163ac4667e0d3c0c4b4ba93e515cb23d8f60c","public_key_hex":"c2f8243b0d573587f285c830a868acd19249d17d59ecbf9329e796dfed6fb630"}
{"seq":13,"ts":1778662800000,"agent_id":"funding-carry","symbol":"BTCUSDT","side":"buy","price":81274.276594998,"quantity":0.024608032009516397,"notional_usd":2000.0,"fee_usd":1.2,"balance_before_usd":9895.46287862585,"balance_after_usd":9893.663018595857,"decision":"ALLOW_CAPPED","cert_hash":"6df4250672d938166b83f37ee9daee3986f0ca86c5d9d9cfdfc1d12ef3b12cf3","prev_hash":"5609d74708ce4cb183d639c2a23caaa1ec34d2e7fde06fee71c4496fdeeeb4a2","record_hash":"86e6a6ba2f30cc64e3b7b7089fbc3e9f5c9d379e169c4c6ff63adbd40b84e4c1","signature_hex":"80e14c0b455e9c2ef5fa2ebb9d600f0639c1ca89eaf630c78229d353221a75b28364478810029dbaed2b9b2e523a17941486717a2eabfac6557061ecec0f2c06","public_key_hex":"c2f8243b0d573587f285c830a868acd19249d17d59ecbf9329e796dfed6fb630"}
{"seq":14,"ts":1778666400000,"agent_id":"funding-carry","symbol":"BTCUSDT","side":"buy","price":80800.02402066019,"quantity":0.011848661895635135,"notional_usd":957.37216578,"fee_usd":0.574423299468,"balance_before_usd":9870.52349995738,"balance_after_usd":9869.711818807318,"decision":"ALLOW","cert_hash":"49392b43d84f0a6fa6ae5eb49d89d4665df0defc5b2691a7223b0b9c441cbde3","prev_hash":"86e6a6ba2f30cc64e3b7b7089fbc3e9f5c9d379e169c4c6ff63adbd40b84e4c1","record_hash":"758498f92aeb620be9c248bc0305fe28920ad4dc8c7f5fbebd692c1a7a3c464b","signature_hex":"9773f09e33ffbc30e02a6d1f720cd829c9d8400c86537792e6f20171b4793b304105d4bf33763c6993576b87947b0d55e54412932c5c32ada03f55916bd59b0a","public_key_hex":"c2f8243b0d573587f285c830a868acd19249d17d59ecbf9329e796dfed6fb630"}
{"seq":15,"ts":1778688000000,"agent_id":"funding-carry","symbol":"BTCUSDT","side":"sell","price":79082.969572134,"quantity":0.02528989504087525,"notional_usd":2000.0,"fee_usd":1.2,"balance_before_usd":9767.003031571843,"balance_after_usd":9765.202891541838,"decision":"ALLOW_CAPPED","cert_hash":"5c6cafdc1eeb769d71c1126d13ce9674289974da3e4c5292b48d3bae15e7805c","prev_hash":"758498f92aeb620be9c248bc0305fe28920ad4dc8c7f5fbebd692c1a7a3c464b","record_hash":"830ffb2d0f9c44da269ab2d6c22351d3292dbf4f337424de362b0a0d7f970128","signature_hex":"5b283a774ea157c87874f7a2df61bf7edcc7de552fda659d32eb8394e8249b44daba4c27b74ac5144e1e9e5c5af79171521bbc5bf852d5cd3337fb742c3cae09","public_key_hex":"c2f8243b0d573587f285c830a868acd19249d17d59ecbf9329e796dfed6fb630"}
{"seq":16,"ts":1778691600000,"agent_id":"funding-carry","symbol":"BTCUSDT","side":"sell","price":79480.15039008,"quantity":0.02516351554676502,"notional_usd":2000.0,"fee_usd":1.2,"balance_before_usd":9779.427130462494,"balance_after_usd":9777.626990432487,"decision":"ALLOW_CAPPED","cert_hash":"f3b13b2b7b6c43240ab5e118c3f73c35722ab3a278bda7f7d9797b5d8f4fcf71","prev_hash":"830ffb2d0f9c44da269ab2d6c22351d3292dbf4f337424de362b0a0d7f970128","record_hash":"bb6953905c4692ba04f837fb6b36967c5483cca181b7f03d91bf747b8692bd6c","signature_hex":"32d8425dd1878f4b5910f411d13bc5d0d4d2aa75b5218a692049d08605ecd70a44e177ccb04ea1bfe7a84a2608d1c6fe3557f6289157d80b2242918950af1707","public_key_hex":"c2f8243b0d573587f285c830a868acd19249d17d59ecbf9329e796dfed6fb630"}
{"seq":17,"ts":1778695200000,"agent_id":"funding-carry","symbol":"BTCUSDT","side":"sell","price":79544.431101366,"quantity":0.025143180638897727,"notional_usd":2000.0,"fee_usd":1.2,"balance_before_usd":9778.31106186634,"balance_after_usd":9776.510921836332,"decision":"ALLOW_CAPPED","cert_hash":"970bf622329358bdcbc02c63b8cc3a3550b01ab7a21f7cf967715b6eaa10f26a","prev_hash":"bb6953905c4692ba04f837fb6b36967c5483cca181b7f03d91bf747b8692bd6c","record_hash":"06bf28f124a0db2641f18867eb39196a38c8628d991b6d13636ccdd58a8b31b5","signature_hex":"4733fd91fdcbe2fdad665a683af79f5a46dc66d49b2ca68bbb596e566047d282f5ded58e40aa0842483d9dbcfeca594c79c9d64509b76955669e9a4ab75e2108","public_key_hex":"c2f8243b0d573587f285c830a868acd19249d17d59ecbf9329e796dfed6fb630"}
{"seq":18,"ts":1778698800000,"agent_id":"funding-carry","symbol":"BTCUSDT","side":"sell","price":79592.716612332,"quantity":0.02512792734216239,"notional_usd":2000.0,"fee_usd":1.2,"balance_before_usd":9775.81035769289,"balance_after_usd":9774.010217662882,"decision":"ALLOW_CAPPED","cert_hash":"1c0194a148d70218e73121ff19771e43b5e8a1116c1b53d191ce3e9056b755e3","prev_hash":"06bf28f124a0db2641f18867eb39196a38c8628d991b6d13636ccdd58a8b31b5","record_hash":"9482b890e29d1e1d9e08c5c6ce37c54e7000701beabcb411841a827d260b6df5","signature_hex":"35c8617654305e8c5095e44ac1cb4c8adfd0c2d09cefb077619e79996c71a3e78514242da34c5a413e831cbeecd79df7d47a32456e81123203fd2d358dfa060a","public_key_hex":"c2f8243b0d573587f285c830a868acd19249d17d59ecbf9329e796dfed6fb630"}
{"seq":19,"ts":1778702400000,"agent_id":"funding-carry","symbol":"BTCUSDT","side":"sell","price":79649.0821632632,"quantity":0.021699230279104965,"notional_usd":1728.32377538,"fee_usd":1.0369942652279998,"balance_before_usd":9771.818548102137,"balance_after_usd":9770.286424343087,"decision":"ALLOW","cert_hash":"da4b2b4f480532113c532ac34ea2d73ee935048b3ae458fb2831fdd7c02b3fcd","prev_hash":"9482b890e29d1e1d9e08c5c6ce37c54e7000701beabcb411841a827d260b6df5","record_hash":"912286953e10ec19b673b272f41b592a765095a0202a85365e2a7334a28f8e4d","signature_hex":"956f499e4bcd33ae3c27d6c3d8dac4a825253719247f73eaa499188c1340cfc44e4fe8f09bfcfc80ce8424f13dd0f0010455e86047b15f5c5fe0b1c488172c05","public_key_hex":"c2f8243b0d573587f285c830a868acd19249d17d59ecbf9329e796dfed6fb630"}
{"seq":20,"ts":1778716800000,"agent_id":"funding-carry","symbol":"BTCUSDT","side":"buy","price":79560.062450724,"quantity":0.025138240700083813,"notional_usd":2000.0,"fee_usd":1.2,"balance_before_usd":9779.057904790403,"balance_after_usd":9777.258044760409,"decision":"ALLOW_CAPPED","cert_hash":"8648a8be417a1af58edd8869f49d56a323ec9faa50c2c044da7acccc8e8ae1bf","prev_hash":"912286953e10ec19b673b272f41b592a765095a0202a85365e2a7334a28f8e4d","record_hash":"fa88abddb950888b49781d7774e45d979714e3a1d71367fbff7e1b87ff6ae2c8","signature_hex":"63c6b208f7fcf0216e344ad7a7035a37781ad36c704c78eb847bd2ccdf0f296c724afd68084e603621f0ebecbbded2b77d1db878d93628f0b14914c3eb61a60d","public_key_hex":"c2f8243b0d573587f285c830a868acd19249d17d59ecbf9329e796dfed6fb630"}
{"seq":21,"ts":1778720400000,"agent_id":"funding-carry","symbol":"BTCUSDT","side":"buy","price":79583.8695912,"quantity":0.0251307207135496,"notional_usd":2000.0,"fee_usd":1.2,"balance_before_usd":9776.396643017728,"balance_after_usd":9774.596782987732,"decision":"ALLOW_CAPPED","cert_hash":"1a187d47b7ddd5109c076dae3b5b8bb4b748f247ed1c42d77c945bf27c7b4c66","prev_hash":"fa88abddb950888b49781d7774e45d979714e3a1d71367fbff7e1b87ff6ae2c8","record_hash":"74e8ffe3f5dc1bb4f15926fe8fbc6b4617b9694753cf56323cab02cc983ecee4","signature_hex":"b4bd001dd48be035e33e801140db5c8672b353ec071fa28116ffc7ae00ad8b9c26591a6c7c13cf503f27fd8f94887234952cedcab7e46b626af59048e0c97f09","public_key_hex":"c2f8243b0d573587f285c830a868acd19249d17d59ecbf9329e796dfed6fb630"}
{"seq":22,"ts":1778724000000,"agent_id":"funding-carry","symbol":"BTCUSDT","side":"buy","price":79351.24868232783,"quantity":0.011059932353092926,"notional_usd":877.61944256,"fee_usd":0.526571665536,"balance_before_usd":9777.120168849511,"balance_after_usd":9776.379602066307,"decision":"ALLOW","cert_hash":"3ea5c9d7fd11719bf9b24ab59127056dd2297ec3c0856cc2ec74a5df6201c819","prev_hash":"74e8ffe3f5dc1bb4f15926fe8fbc6b4617b9694753cf56323cab02cc983ecee4","record_hash":"2e48e990e09e892cd6274f5aa002307c87b85aad485576b2c96c55c612aeec97","signature_hex":"3aa58d0fad7650e10806af64cc900875cc5c9ff85b646c426c3911a81737acc168a11a27270a8d3e768cbb25fca381502db7459e6fef90d6f7f69e96bc538d05","public_key_hex":"c2f8243b0d573587f285c830a868acd19249d17d59ecbf9329e796dfed6fb630"}
{"seq":23,"ts":1778832000000,"agent_id":"funding-carry","symbol":"BTCUSDT","side":"sell","price":80589.81741228,"quantity":0.024817031037164837,"notional_usd":2000.0,"fee_usd":1.2,"balance_before_usd":9776.376133659713,"balance_after_usd":9774.575993629705,"decision":"ALLOW_CAPPED","cert_hash":"1d7a49b1f85bccd513d2c4dcee91b1cfa53ceb42dd0a4d5e86ce265554b799a9","prev_hash":"2e48e990e09e892cd6274f5aa002307c87b85aad485576b2c96c55c612aeec97","record_hash":"5496c7d68c00906e1fbda030a44b0acb6a772e4747e313f9a83171496f51aff9","signature_hex":"bdcbae35330d7f268a5d74eaf20530033a3bafee392a5044d31a34d2ea5acc0eb5a569b544af773ecd088be0885e1533bed8ff6815ab41f20515e3184dea430d","public_key_hex":"c2f8243b0d573587f285c830a868acd19249d17d59ecbf9329e796dfed6fb630"}
{"seq":24,"ts":1778835600000,"agent_id":"funding-carry","symbol":"BTCUSDT","side":"sell","price":80429.765439078,"quantity":0.02486641592303178,"notional_usd":2000.0,"fee_usd":1.2,"balance_before_usd":9778.549632163093,"balance_after_usd":9776.749492133085,"decision":"ALLOW_CAPPED","cert_hash":"deddd646058eb661847e16dd61db2d2066e7e7eee2f0ab399203a06d4caa8e88","prev_hash":"5496c7d68c00906e1fbda030a44b0acb6a772e4747e313f9a83171496f51aff9","record_hash":"7b47b13c0e26be21b57c9c8545ede51bbb422dff406260f8a85151f0243d4a15","signature_hex":"3ad3c9256f54bb74667a158ee8c5b99ed9bbe9245239aa6d38a4cd8d23202df2e87ef41b23f4e2e46dc31526ac5d0c38160aa364ea73460a2e0d412511306202","public_key_hex":"c2f8243b0d573587f285c830a868acd19249d17d59ecbf9329e796dfed6fb630"}
{"seq":25,"ts":1778839200000,"agent_id":"funding-carry","symbol":"BTCUSDT","side":"sell","price":80662.1392248052,"quantity":0.010834642509223764,"notional_usd":873.94544253,"fee_usd":0.5243672655180001,"balance_before_usd":9765.426019818311,"balance_after_usd":9764.688635082102,"decision":"ALLOW","cert_hash":"1a9089927f687bb69c346f8d70b9470e270b83779f553f12028dc2d38262ac25","prev_hash":"7b47b13c0e26be21b57c9c8545ede51bbb422dff406260f8a85151f0243d4a15","record_hash":"bf53b8102018cb2a47c2347c78ef992236f19a464dbaf9d117a9898c899f003e","signature_hex":"042917e7f83068f7ecbaa3ce19d726854993d17845df3c0e9aea580b8f63798fb3c49d11e450dfd6d327977aca302d7b6ebe27b6bbf862d409f2cf7842156f02","public_key_hex":"c2f8243b0d573587f285c830a868acd19249d17d59ecbf9329e796dfed6fb630"}
{"seq":26,"ts":1778914800000,"agent_id":"funding-carry","symbol":"BTCUSDT","side":"sell","price":78333.50199749344,"quantity":0.0027010292889340028,"notional_usd":211.5810832,"fee_usd":0.12694864992,"balance_before_usd":9906.76947920813,"balance_after_usd":9906.597968970229,"decision":"ALLOW","cert_hash":"a5a470b2edeba5fe7e2e9df4dfd49d1a183f304954d06871044a29b4528f221e","prev_hash":"bf53b8102018cb2a47c2347c78ef992236f19a464dbaf9d117a9898c899f003e","record_hash":"d5e9150a5928d1c541bdf50d470b927b52fbd07bc51cd48203d84f22591d7a0d","signature_hex":"9f33968abb2324175a056e9ba9e874f4537e58bcb984427fedfdede5cc336662955d98d87a2ea9c030c9eed5b782920857d8b833c81f7502f8a5ec522993c203","public_key_hex":"c2f8243b0d573587f285c830a868acd19249d17d59ecbf9329e796dfed6fb630"}
{"seq":27,"ts":1779033600000,"agent_id":"funding-carry","symbol":"BTCUSDT","side":"buy","price":78023.30152999799,"quantity":0.025633367991112894,"notional_usd":2000.0,"fee_usd":1.2,"balance_before_usd":9930.994115583106,"balance_after_usd":9929.194255553111,"decision":"ALLOW_CAPPED","cert_hash":"832ca03a45b1731df81bce892f79ae13c2c32c284febf3c8649cd57acdf0b159","prev_hash":"d5e9150a5928d1c541bdf50d470b927b52fbd07bc51cd48203d84f22591d7a0d","record_hash":"00bbd63e41c729c459abf7f1d55457015f43549c03aa087509c62f379e01024c","signature_hex":"a60c4a41b2a13fef29691dab7db1b34936dd0f1a14d2fb2b7a1e78a0905dccbbc90441efe72c9b0c58de1790f043f52e10641751513cd398ff3911642665ee06","public_key_hex":"c2f8243b0d573587f285c830a868acd19249d17d59ecbf9329e796dfed6fb630"}
{"seq":28,"ts":1779037200000,"agent_id":"funding-carry","symbol":"BTCUSDT","side":"buy","price":78077.91791109,"quantity":0.02561543716211117,"notional_usd":2000.0,"fee_usd":1.2,"balance_before_usd":9927.141926279566,"balance_after_usd":9925.342066249572,"decision":"ALLOW_CAPPED","cert_hash":"acc773aed3319cfc31eba0bc27e716684fdda6939b18a5a36307d16c4e106f38","prev_hash":"00bbd63e41c729c459abf7f1d55457015f43549c03aa087509c62f379e01024c","record_hash":"9082f0690c935df43253b57826105042eaf1bf86338a95c745f4f0b8c3407fcd","signature_hex":"653974f6bf69b4364161f07d928d3a10e1f75080eb7c1bdd1fc39fd7c3d6f8311cc42faa421f3956facf6134edd546ae97202c201f941ddc923cf18d17be0d05","public_key_hex":"c2f8243b0d573587f285c830a868acd19249d17d59ecbf9329e796dfed6fb630"}
{"seq":29,"ts":1779040800000,"agent_id":"funding-carry","symbol":"BTCUSDT","side":"buy","price":78252.31173094657,"quantity":0.01197005627591661,"notional_usd":936.68457514,"fee_usd":0.562010745084,"balance_before_usd":9923.20488377334,"balance_after_usd":9922.411710522041,"decision":"ALLOW","cert_hash":"e0b0c5366df285d304403ca38db3ded4f21b3e6f51779a07813aba57f49cb240","prev_hash":"9082f0690c935df43253b57826105042eaf1bf86338a95c745f4f0b8c3407fcd","record_hash":"03bc35c7b1ec8c7cbcd174ffd42b94954238557221ba1f359bbbb2c3df534f80","signature_hex":"75f9653364b9f122c34cc082c8c8d58d980a9dcf2ea1ee5ec167cb647aa3a168142418aa1718ce3b75d058b8dcc0ccfd877534321b207b31c848455108f35903","public_key_hex":"c2f8243b0d573587f285c830a868acd19249d17d59ecbf9329e796dfed6fb630"}
{"seq":30,"ts":1779091200000,"agent_id":"funding-carry","symbol":"BTCUSDT","side":"sell","price":76986.8985402,"quantity":0.025978446176210965,"notional_usd":2000.0,"fee_usd":1.2,"balance_before_usd":9922.415368200509,"balance_after_usd":9920.6152281705,"decision":"ALLOW_CAPPED","cert_hash":"297ace06fabc0112009d7939a7fac1ad8330bd01a0b3015cd6eb78b2986353da","prev_hash":"03bc35c7b1ec8c7cbcd174ffd42b94954238557221ba1f359bbbb2c3df534f80","record_hash":"a410778187dc0e19854547114f043f8744e31a915c5f3451a5cfc32a31f47b0a","signature_hex":"115a68e61137abfd73d6780087338dbd71b9ded09953b3ce6492f374cb802c180105f5d000500ab10bdd76c46da364e9916f3c4d6902bf563e6804ec418f310a","public_key_hex":"c2f8243b0d573587f285c830a868acd19249d17d59ecbf9329e796dfed6fb630"}
{"seq":31,"ts":1779094800000,"agent_id":"funding-carry","symbol":"BTCUSDT","side":"sell","price":76887.328418208,"quantity":0.026012088612593437,"notional_usd":2000.0,"fee_usd":1.2,"balance_before_usd":9923.202975707274,"balance_after_usd":9921.402835677267,"decision":"ALLOW_CAPPED","cert_hash":"4735b923ad5f6067f357ba0d323a4cc2cac2479f56e22e06bf08db2d97e18bb4","prev_hash":"a410778187dc0e19854547114f043f8744e31a915c5f3451a5cfc32a31f47b0a","record_hash":"eb4afc87632c13fad385ab9333cc28ae087579361289d28a5f1c3fa6d7d654f3","signature_hex":"e1d5a411054f6b1f25f63f5286f2ece40da7c9a44365a8f9dfcf8f16877667beda1ba0e4410eeb85152bc53663c54d06a7872c52e29b7e331833f106056cae04","public_key_hex":"c2f8243b0d573587f285c830a868acd19249d17d59ecbf9329e796dfed6fb630"}
{"seq":32,"ts":1779098400000,"agent_id":"funding-carry","symbol":"BTCUSDT","side":"sell","price":76728.81188667098,"quantity":0.012701027497329098,"notional_usd":974.53474961,"fee_usd":0.584720849766,"balance_before_usd":9929.8517777347,"balance_after_usd":9929.024618232672,"decision":"ALLOW","cert_hash":"3da7089a919df60d46f9b6014676b8098017f13f7fd456d458ae5e23ca4a0e49","prev_hash":"eb4afc87632c13fad385ab9333cc28ae087579361289d28a5f1c3fa6d7d654f3","record_hash":"ef99c549c410e89e0d06c32e59ce44e40241430d046496aec24ca6a76d4758e0","signature_hex":"2835affda0152cc9478db28c4f29f1f992cc3ea866ea2ea518d315e0f483d62b0ae9f2f6d132cf4aaba95a41a8793ed9ea472ab7260207fcf5f7620e5045410d","public_key_hex":"c2f8243b0d573587f285c830a868acd19249d17d59ecbf9329e796dfed6fb630"}
{"seq":33,"ts":1779148800000,"agent_id":"funding-carry","symbol":"BTCUSDT","side":"buy","price":77125.032112038,"quantity":0.025931917890090986,"notional_usd":2000.0,"fee_usd":1.2,"balance_before_usd":9906.821488946962,"balance_after_usd":9905.021628916968,"decision":"ALLOW_CAPPED","cert_hash":"d9da3702db93a7c9909a12fc4b29ec94581bbdd010b1c3ae577370064741e5f2","prev_hash":"ef99c549c410e89e0d06c32e59ce44e40241430d046496aec24ca6a76d4758e0","record_hash":"b9ee8122c7707680cf2ccaacbd9e96eed21e1ab4ca0c26ea2d540b486d5fc5ff","signature_hex":"38c4ba7ff86b0d48a5e2d713b5f647a13b5fa16028f3969ee81a932614ca95069f62cf502a62c679f6f8df49c9c6907477fe1ab2f0694cc4053089b086a00e0f","public_key_hex":"c2f8243b0d573587f285c830a868acd19249d17d59ecbf9329e796dfed6fb630"}
{"seq":34,"ts":1779152400000,"agent_id":"funding-carry","symbol":"BTCUSDT","side":"buy","price":76651.790172576,"quantity":0.026092019449214996,"notional_usd":2000.0,"fee_usd":1.2,"balance_before_usd":9923.360214594439,"balance_after_usd":9921.560354564444,"decision":"ALLOW_CAPPED","cert_hash":"94eb18a5136f482b85771f9659823dcf794c66bbab487c4f4f30cf54e2b1ad6b","prev_hash":"b9ee8122c7707680cf2ccaacbd9e96eed21e1ab4ca0c26ea2d540b486d5fc5ff","record_hash":"8c7010914f3c00690d08c6c2cd58b3876be4dcd9e69dafa5b4748481249ca669","signature_hex":"6cf8177248420701a49ed6a432f8825b0ce72baa968ab2f436f6d673f8763759788d85ad212bf3111ce7600c53f78745022b2efd720074c48c762766cbf53905","public_key_hex":"c2f8243b0d573587f285c830a868acd19249d17d59ecbf9329e796dfed6fb630"}
{"seq":35,"ts":1779156000000,"agent_id":"funding-carry","symbol":"BTCUSDT","side":"buy","price":76599.03246579706,"quantity":0.012667431499128443,"notional_usd":970.31299666,"fee_usd":0.582187797996,"balance_before_usd":9922.178678855866,"balance_after_usd":9921.355398601127,"decision":"ALLOW","cert_hash":"127361c7c1c8649130c34dff6b585d0541458bd7228daa1e0719a9a77497f0e9","prev_hash":"8c7010914f3c00690d08c6c2cd58b3876be4dcd9e69dafa5b4748481249ca669","record_hash":"c61c10a27e19c9c149dc7e729e66b5bc1ef0c3901698458857a56f7293e2a2ea","signature_hex":"a055edeadda06d60781ab34a81ffddac31d1015337e677f2be45fdff2a44a506c028d85d3a665c94be731eaba4403d1a34b819f0064bfb98cbff4e767d0f4406","public_key_hex":"c2f8243b0d573587f285c830a868acd19249d17d59ecbf9329e796dfed6fb630"}
{"seq":36,"ts":1779206400000,"agent_id":"funding-carry","symbol":"BTCUSDT","side":"sell","price":76847.740297416,"quantity":0.02602548874253951,"notional_usd":2000.0,"fee_usd":1.2,"balance_before_usd":9921.354518445254,"balance_after_usd":9919.554378415247,"decision":"ALLOW_CAPPED","cert_hash":"aad82a7ceb24b3fa6253918203e63d0ac8ec6a43224ca35ccbbe87c5896dd4fe","prev_hash":"c61c10a27e19c9c149dc7e729e66b5bc1ef0c3901698458857a56f7293e2a2ea","record_hash":"9424865515021e4ea5fe73e8b765825247e35cddaf761361e387b33699a36788","signature_hex":"2622d2ea447da2d70cf282feaf741dd0ad04b248ff632e181dd3644c7484316d1a189d556128ddad68e177074e6d554e38a3cc1377f000e63dac81f2c8a96b0a","public_key_hex":"c2f8243b0d573587f285c830a868acd19249d17d59ecbf9329e796dfed6fb630"}
{"seq":37,"ts":1779210000000,"agent_id":"funding-carry","symbol":"BTCUSDT","side":"sell","price":76802.15397650399,"quantity":0.02604093630774806,"notional_usd":2000.0,"fee_usd":1.2,"balance_before_usd":9920.741284261792,"balance_after_usd":9918.941144231787,"decision":"ALLOW_CAPPED","cert_hash":"dd583322ccf2a355b1bae76a8d5870b60ff0d5224b5723104fbd147c48c1df8c","prev_hash":"9424865515021e4ea5fe73e8b765825247e35cddaf761361e387b33699a36788","record_hash":"ea610ee942598a676259eebe55f11c178b3439751e4e19d40576141ed3496a49","signature_hex":"49cf3e7bfc8d87b1d26418e1a176efa408c2e2ebabc2c04c596da792030eae3b273c7ffcb8278fe3547b35064e38ad4836a3efa8f523909a1a8ff6de6dabfd0c","public_key_hex":"c2f8243b0d573587f285c830a868acd19249d17d59ecbf9329e796dfed6fb630"}
{"seq":38,"ts":1779213600000,"agent_id":"funding-carry","symbol":"BTCUSDT","side":"sell","price":76756.74894036667,"quantity":0.012547086199133115,"notional_usd":963.07354532,"fee_usd":0.577844127192,"balance_before_usd":9921.51338115248,"balance_after_usd":9920.696501737882,"decision":"ALLOW","cert_hash":"e1e834377528e7d23233b6242a24ee47842f05b11250fd96d94b0b7d839278a2","prev_hash":"ea610ee942598a676259eebe55f11c178b3439751e4e19d40576141ed3496a49","record_hash":"0dadc1c63a2b7db108cb6babf56687b2fbcff2d25d6921afbdd2f5a79bdadf0f","signature_hex":"8279353d1d6a369e9c35b237b49b0f2fcba07ac412e005c54a2cfe3488037e8c3c7e0b8785847dc7f91f836d104a8c28ac45d37263c9dbc0dc030d8a346a940e","public_key_hex":"c2f8243b0d573587f285c830a868acd19249d17d59ecbf9329e796dfed6fb630"}
{"seq":39,"ts":1779235200000,"agent_id":"funding-carry","symbol":"BTCUSDT","side":"buy","price":76786.130465262,"quantity":0.026046370456247938,"notional_usd":2000.0,"fee_usd":1.2,"balance_before_usd":9921.953628721734,"balance_after_usd":9920.15376869174,"decision":"ALLOW_CAPPED","cert_hash":"196a9744d94b1ed89f9a6f9016225a9575facaab0ddc92684d74cd0678fdeb7c","prev_hash":"0dadc1c63a2b7db108cb6babf56687b2fbcff2d25d6921afbdd2f5a79bdadf0f","record_hash":"5299a70d858b686b0f08ac79bd24c12ebb411e87d028ad32cd222fdffbcbfa7e","signature_hex":"8e3f09e986f8e46e42d9acf1fdbab0838e630392a9464639c1e0521d555dd64c93dbbb74372190600a1e5cd6b1c88dc7f8db4b0fbfe4bfb13f5d37b6781e0005","public_key_hex":"c2f8243b0d573587f285c830a868acd19249d17d59ecbf9329e796dfed6fb630"}
{"seq":40,"ts":1779238800000,"agent_id":"funding-carry","symbol":"BTCUSDT","side":"buy","price":76809.937605738,"quantity":0.02603829741752833,"notional_usd":2000.0,"fee_usd":1.2,"balance_before_usd":9919.235795812678,"balance_after_usd":9917.435935782683,"decision":"ALLOW_CAPPED","cert_hash":"3108114582d5d4c57441967422a9cf9277e82ed16ca58d43de563023fa956745","prev_hash":"5299a70d858b686b0f08ac79bd24c12ebb411e87d028ad32cd222fdffbcbfa7e","record_hash":"8c6aeaca991d83203a736e5e306b0c8de1cdd5f0d995e1db5026c600d635e1a2","signature_hex":"d39e385f90aaf1cce2687cc56dcfb4ae3f0f051b035aa5240e9204705faa7480b44d1a8338c21ad46bbad233e1d3a17b921b7834b44b859e730293df3a394804","public_key_hex":"c2f8243b0d573587f285c830a868acd19249d17d59ecbf9329e796dfed6fb630"}
{"seq":41,"ts":1779242400000,"agent_id":"funding-carry","symbol":"BTCUSDT","side":"buy","price":76678.41532977982,"quantity":0.012528883834756196,"notional_usd":960.6949583,"fee_usd":0.57641697498,"balance_before_usd":9919.033764714073,"balance_after_usd":9918.2191068812,"decision":"ALLOW","cert_hash":"97d731093189a510f7fd8878748ebb664e27cf2a45b227ca0197960d5523d6bc","prev_hash":"8c6aeaca991d83203a736e5e306b0c8de1cdd5f0d995e1db5026c600d635e1a2","record_hash":"641d570d5fbbaf64e42430997ac76fe59b727245e915f464f8a0fa2d4b65e342","signature_hex":"98e462a2d68c3d772d04f3421179f235913f005f0259cc65c81219d943ded57222bc347eae96c85708101b04cdfd1e149a585c590b344b7030cede77b53e2d01","public_key_hex":"c2f8243b0d573587f285c830a868acd19249d17d59ecbf9329e796dfed6fb630"}
{"seq":42,"ts":1779321600000,"agent_id":"funding-carry","symbol":"BTCUSDT","side":"sell","price":77900.52438847799,"quantity":0.025673768125440415,"notional_usd":2000.0,"fee_usd":1.2,"balance_before_usd":9918.215235442656,"balance_after_usd":9916.415095412649,"decision":"ALLOW_CAPPED","cert_hash":"8ce65136d68f8c498764687a6bb04373b7a6c968dd0fc23f4419b460e7a8eb74","prev_hash":"641d570d5fbbaf64e42430997ac76fe59b727245e915f464f8a0fa2d4b65e342","record_hash":"2ca808f935e35d0a6fae8baaa63b637dafc471dd6e17b9fc397a054422d84b36","signature_hex":"d699175c5ac094645202a626cd4bc031a61f4d3e2240fa4bd1a77340e1e7b49301c9b2c6fb2b7bee10a4be38a8e41933240c04c20f483df96695f22b221d8203","public_key_hex":"c2f8243b0d573587f285c830a868acd19249d17d59ecbf9329e796dfed6fb630"}
{"seq":43,"ts":1779325200000,"agent_id":"funding-carry","symbol":"BTCUSDT","side":"sell","price":77793.056636328,"quantity":0.02570923532867116,"notional_usd":2000.0,"fee_usd":1.2,"balance_before_usd":9919.175359572913,"balance_after_usd":9917.375219542908,"decision":"ALLOW_CAPPED","cert_hash":"b7635970fc17e2965cacfc0acc5c354dadf4ff8f7becb9f693036c55065999b7","prev_hash":"2ca808f935e35d0a6fae8baaa63b637dafc471dd6e17b9fc397a054422d84b36","record_hash":"93dd2c2935e04ae89fa92247868824f5d8e00a660543f57590c29dca84820e90","signature_hex":"6068dc398603bca33bbf217dd6a9de9df776f00c507a62b6b4691cfab3b7cda6e535edf4233a051252e8c0c30bdfecb453c0d74dc4bc4b0bc958ef14fdad490b","public_key_hex":"c2f8243b0d573587f285c830a868acd19249d17d59ecbf9329e796dfed6fb630"}
{"seq":44,"ts":1779328800000,"agent_id":"funding-carry","symbol":"BTCUSDT","side":"sell","price":77890.9075641684,"quantity":0.012232177376866236,"notional_usd":952.77539737,"fee_usd":0.5716652384219999,"balance_before_usd":9912.555202308773,"balance_after_usd":9911.747548573228,"decision":"ALLOW","cert_hash":"8b2db5dea0cf3a70a69274fa9fee4dd67c14be59826f60ad1c2237aa738dbf1e","prev_hash":"93dd2c2935e04ae89fa92247868824f5d8e00a660543f57590c29dca84820e90","record_hash":"07881f99bd4bb4383c7cddaa15db44aa247414be856eea9443857ee9d912f051","signature_hex":"a860e7da0071ce32246b916f8d22adc559e01c03ac7778b605c6bf487960834a630c0af62106c68816a9f1e5d7ac022f652b1149605f14b234e9f64c05688002","public_key_hex":"c2f8243b0d573587f285c830a868acd19249d17d59ecbf9329e796dfed6fb630"}
{"seq":45,"ts":1779350400000,"agent_id":"funding-carry","symbol":"BTCUSDT","side":"buy","price":77913.3685578,"quantity":0.025669535755167623,"notional_usd":2000.0,"fee_usd":1.2,"balance_before_usd":9912.988040946748,"balance_after_usd":9911.188180916753,"decision":"ALLOW_CAPPED","cert_hash":"1412b9abf26c1b6f8dce4905e6dabfa3b0bb40f2d4fa8a5fcd84097d39000f0f","prev_hash":"07881f99bd4bb4383c7cddaa15db44aa247414be856eea9443857ee9d912f051","record_hash":"0bd1be573732a20e2fa6425d3f0fab97907320314404610a3e9c5c9cff7d8e92","signature_hex":"359a8512bd1c7d82cd50212141a4359deec0624ced102db53a18486340f0f9677317033f81942213626db8be4e5adfd341f37416e9fe63fbc1ffae941c502008","public_key_hex":"c2f8243b0d573587f285c830a868acd19249d17d59ecbf9329e796dfed6fb630"}
{"seq":46,"ts":1779354000000,"agent_id":"funding-carry","symbol":"BTCUSDT","side":"buy","price":77626.78260207,"quantity":0.025764303671483968,"notional_usd":2000.0,"fee_usd":1.2,"balance_before_usd":9922.060498611087,"balance_after_usd":9920.260638581092,"decision":"ALLOW_CAPPED","cert_hash":"c4a2391909e0b4b7a74638604e1b3cbe797cf383e24eb114321b2468e88d260e","prev_hash":"0bd1be573732a20e2fa6425d3f0fab97907320314404610a3e9c5c9cff7d8e92","record_hash":"26f8f047e4f3f29cf3ac5e01f502c67352817cfd080f5011446e455ccb154fd8","signature_hex":"7f0a9c418d8cb6af1be10c6b52df75acbf47f0153e57aa8d5d349ab99d41ce28751a6e99a14d93b4eedf51342135b780cb5d66b4f45901814a35f625ecd32c0a","public_key_hex":"c2f8243b0d573587f285c830a868acd19249d17d59ecbf9329e796dfed6fb630"}
{"seq":47,"ts":1779357600000,"agent_id":"funding-carry","symbol":"BTCUSDT","side":"buy","price":77199.56626907564,"quantity":0.012181439948798044,"notional_usd":940.40188058,"fee_usd":0.564241128348,"balance_before_usd":9925.41466058775,"balance_after_usd":9924.618164847609,"decision":"ALLOW","cert_hash":"069fce4ab64c247a5964a6e2fb48ab96026e32e8e0c1c331b45292fde8b48a35","prev_hash":"26f8f047e4f3f29cf3ac5e01f502c67352817cfd080f5011446e455ccb154fd8","record_hash":"92fe8ea2dc83f8aedb7811cdd370cf870e79800c5f7146b323eb72f0f9825436","signature_hex":"d8fef91ab629e7b96b2918bb8b5a319fa1d25982bc6cfd4acb9d5d424e4ee00b2c53b5cdbf4eaac9a4254616004258599e795fd29145240c7a532c9d962d2e0c","public_key_hex":"c2f8243b0d573587f285c830a868acd19249d17d59ecbf9329e796dfed6fb630"}
{"seq":48,"ts":1779379200000,"agent_id":"funding-carry","symbol":"BTCUSDT","side":"sell","price":77146.75057339799,"quantity":0.025924617500217136,"notional_usd":2000.0,"fee_usd":1.2,"balance_before_usd":9924.61821996782,"balance_after_usd":9922.818079937813,"decision":"ALLOW_CAPPED","cert_hash":"84806b39456cde8fbe0ab5052df430fcfc2e46df2b3c1befc4c66690b46f4ab6","prev_hash":"92fe8ea2dc83f8aedb7811cdd370cf870e79800c5f7146b323eb72f0f9825436","record_hash":"2052c828b7a8ab4af7f6f3345f8a04198882f961cf54396b625a2af6cf79fbbf","signature_hex":"53304b9f8ab2bb4a08c9a37e2eab78ca5ff384c4360384beee8d7137799102babdca49689b0f605313b56daf9c1572706b3738dfbba4c80e0dacb3ac8b25810e","public_key_hex":"c2f8243b0d573587f285c830a868acd19249d17d59ecbf9329e796dfed6fb630"}
{"seq":49,"ts":1779382800000,"agent_id":"funding-carry","symbol":"BTCUSDT","side":"sell","price":77811.6510567,"quantity":0.02570309166865814,"notional_usd":2000.0,"fee_usd":1.2,"balance_before_usd":9905.573615393214,"balance_after_usd":9903.773475363207,"decision":"ALLOW_CAPPED","cert_hash":"a6e442a57a8b2b50fd2897b2ff15e6e47868ddb3d5b59dda5216095496c75be1","prev_hash":"2052c828b7a8ab4af7f6f3345f8a04198882f961cf54396b625a2af6cf79fbbf","record_hash":"d0c09156b3dec5f402837221f3a63c4a5ba542a9f6b5a094224e1c1300f1c599","signature_hex":"ac0fe4694b36586727e69292b807bbb64a5657032c46e35ee5b05cb2d546d77e2b55a06f06c8241dfd8671b0473e2300d0ead1c6b9b135a1366f181231c75f02","public_key_hex":"c2f8243b0d573587f285c830a868acd19249d17d59ecbf9329e796dfed6fb630"}
{"seq":50,"ts":1779386400000,"agent_id":"funding-carry","symbol":"BTCUSDT","side":"sell","price":77337.87705372227,"quantity":0.012545227355879473,"notional_usd":970.22125086,"fee_usd":0.582132750516,"balance_before_usd":9928.44779569058,"balance_after_usd":9927.624506708558,"decision":"ALLOW","cert_hash":"c9a48d0e585403a613f1aab04acd18b5ce09a7e75b54182e1259c787029e77a2","prev_hash":"d0c09156b3dec5f402837221f3a63c4a5ba542a9f6b5a094224e1c1300f1c599","record_hash":"d4d76fbb0f0a179631c3262d564c37f9be0741674d670835ddbdde3aba94523b","signature_hex":"3782f0ecff3c7b679bdadd262e61f3ee47a4778fbc585bfa69a06dce3acdc5a5d2358fbc6f2d604e35a46084cca425d721c648500b0498f26d84350c615c5706","public_key_hex":"c2f8243b0d573587f285c830a868acd19249d17d59ecbf9329e796dfed6fb630"}
{"seq":51,"ts":1779408000000,"agent_id":"funding-carry","symbol":"BTCUSDT","side":"buy","price":77366.304476862,"quantity":0.025851047345787876,"notional_usd":2000.0,"fee_usd":1.2,"balance_before_usd":9928.850565344255,"balance_after_usd":9927.050705314261,"decision":"ALLOW_CAPPED","cert_hash":"5c3a70898afe783513d9a18447664cfab3eee0ded05f425183ce6da31bfd4030","prev_hash":"d4d76fbb0f0a179631c3262d564c37f9be0741674d670835ddbdde3aba94523b","record_hash":"7b4538d5b40071f283a6fcccc4117fd5e837c1ca7c1713ea3e68a2c50eb1b0b0","signature_hex":"cd6a3a36de2209905d23227499280b3c9514a672c8dc6f41e428e77702482f8a04a80fd9648541ec4d3df4a996fc515459d9b70d4135047cfa36054cdff33403","public_key_hex":"c2f8243b0d573587f285c830a868acd19249d17d59ecbf9329e796dfed6fb630"}
{"seq":52,"ts":1779411600000,"agent_id":"funding-carry","symbol":"BTCUSDT","side":"buy","price":77600.27465154,"quantity":0.025773104656921588,"notional_usd":2000.0,"fee_usd":1.2,"balance_before_usd":9918.086511574176,"balance_after_usd":9916.286651544182,"decision":"ALLOW_CAPPED","cert_hash":"93913fe21ca68c5b6865116b4d721644f233920a2525a39f4563367c3b120ae1","prev_hash":"7b4538d5b40071f283a6fcccc4117fd5e837c1ca7c1713ea3e68a2c50eb1b0b0","record_hash":"3b5375e49fcdb472162a36eae06d34a570e9eeaab86381e3b0c212aa83bbb801","signature_hex":"803b64182b5966eac75b8e71b12461607f82db45b93505f2ff9ec966f2d7b607969aca608ce1679675a981e83085d36fb10adb5bc77fde8853863e55d5b35a0f","public_key_hex":"c2f8243b0d573587f285c830a868acd19249d17d59ecbf9329e796dfed6fb630"}
{"seq":53,"ts":1779415200000,"agent_id":"funding-carry","symbol":"BTCUSDT","side":"buy","price":77660.41257348999,"quantity":0.012548672384373419,"notional_usd":974.53507462,"fee_usd":0.584721044772,"balance_before_usd":9915.482081564065,"balance_after_usd":9914.65501336167,"decision":"ALLOW","cert_hash":"0bb2c99e0614b1d345a75d921050889d5aecee907daab4fe3f5d0c694e35df4b","prev_hash":"3b5375e49fcdb472162a36eae06d34a570e9eeaab86381e3b0c212aa83bbb801","record_hash":"7e693fe6e5d4faeffab0f6f04017b9799f6bd878ce69d3b87e34215c7005cdbf","signature_hex":"e5e06b243e3ab1d07d4e5a9e3a799161252c017ef6b25d2be51f3a826fb90db26546b75e46435f7a72efd6647a1692b31693e8b53a21273c9b8ec359743a8c07","public_key_hex":"c2f8243b0d573587f285c830a868acd19249d17d59ecbf9329e796dfed6fb630"}
{"seq":54,"ts":1779465600000,"agent_id":"funding-carry","symbol":"BTCUSDT","side":"sell","price":76900.92433848,"quantity":0.02600748973051331,"notional_usd":2000.0,"fee_usd":1.2,"balance_before_usd":9914.657275229982,"balance_after_usd":9912.857135199974,"decision":"ALLOW_CAPPED","cert_hash":"063cf4366a0157c1da9f4c8a6c0811b966f5042ee779e71fe26cdd6b295589b9","prev_hash":"7e693fe6e5d4faeffab0f6f04017b9799f6bd878ce69d3b87e34215c7005cdbf","record_hash":"66440d3277644969655548cf947b9c3747d98eee38ba6954f7d730e1d18822d4","signature_hex":"964fe02df936e26b351f806751395b1697d063864e220b2dbceab0f66a00abba151524ba0f15a39bed64e39940ee8f2d0d3f88ef4e88182c11bf74c09f90e80d","public_key_hex":"c2f8243b0d573587f285c830a868acd19249d17d59ecbf9329e796dfed6fb630"}
{"seq":55,"ts":1779469200000,"agent_id":"funding-carry","symbol":"BTCUSDT","side":"sell","price":76709.98163466001,"quantity":0.026072226291556512,"notional_usd":2000.0,"fee_usd":1.2,"balance_before_usd":9917.825161921546,"balance_after_usd":9916.025021891539,"decision":"ALLOW_CAPPED","cert_hash":"d9dc3a3ab9bd823b9c7d209b9ab77098034a487075335dda15f2ffb1356dc6aa","prev_hash":"66440d3277644969655548cf947b9c3747d98eee38ba6954f7d730e1d18822d4","record_hash":"01932f41348dd40ade052dfcf64362c0598e8af3c475480fda99cf5d618a2476","signature_hex":"6eef0dd42d1c5e6f6ffb99f9f28f841cdd6c4f89d67665e7ecc64d4298e4494e0bc43d782e2eeec32088bf8ca6cb29f33f4423e99a08bd2887963ec12a8a3e01","public_key_hex":"c2f8243b0d573587f285c830a868acd19249d17d59ecbf9329e796dfed6fb630"}
{"seq":56,"ts":1779472800000,"agent_id":"funding-carry","symbol":"BTCUSDT","side":"sell","price":76482.5537021195,"quantity":0.012808386412741506,"notional_usd":979.61810165,"fee_usd":0.58777086099,"balance_before_usd":9928.076990465728,"balance_after_usd":9927.245267261755,"decision":"ALLOW","cert_hash":"7e1312252a827c5f93adaf5f1a932c22e0774fdfc35757eaea19208884c2ec34","prev_hash":"01932f41348dd40ade052dfcf64362c0598e8af3c475480fda99cf5d618a2476","record_hash":"5217474bc27944bece1619755459b3954c792ed6fe6ae61ba8f6b5581c0b04b0","signature_hex":"687f5f5a23bdccee76879040f32bcdb43f30c305ad1f427e247252bdac87161cfc9e05ea3e3c70bfd95f0d191559a5d68c0c0ff44d3abbd8aee93275b543d101","public_key_hex":"c2f8243b0d573587f285c830a868acd19249d17d59ecbf9329e796dfed6fb630"}
{"seq":57,"ts":1779494400000,"agent_id":"funding-carry","symbol":"BTCUSDT","side":"buy","price":75361.303116774,"quantity":0.02653881922531191,"notional_usd":2000.0,"fee_usd":1.2,"balance_before_usd":10002.829491943816,"balance_after_usd":10001.029631913822,"decision":"ALLOW_CAPPED","cert_hash":"37619a5b3f8408b50bb78bebab8c68e2c6534d7203edfe7bac2c009d4d578cd3","prev_hash":"5217474bc27944bece1619755459b3954c792ed6fe6ae61ba8f6b5581c0b04b0","record_hash":"9dde9e59bf5657d0ae2192ee981613159d539f90530e63d4ee2cd674cfbbc0eb","signature_hex":"953ea27cfe4074fb89bceb04375b6ea779a936273cd89e90a6b7f21f066199e4fc78db8e728fc0a618ac54c80133d8c7ec4666164372f1fe89801cbc44e6bf05","public_key_hex":"c2f8243b0d573587f285c830a868acd19249d17d59ecbf9329e796dfed6fb630"}
{"seq":58,"ts":1779498000000,"agent_id":"funding-carry","symbol":"BTCUSDT","side":"buy","price":75482.53947919799,"quantity":0.026496193872109643,"notional_usd":2000.0,"fee_usd":1.2,"balance_before_usd":9996.381320477914,"balance_after_usd":9994.58146044792,"decision":"ALLOW_CAPPED","cert_hash":"7677bb2886b1704d1bdbd19290b95d45dbc0b1d721a4faa22ea873fed25e921e","prev_hash":"9dde9e59bf5657d0ae2192ee981613159d539f90530e63d4ee2cd674cfbbc0eb","record_hash":"b58237ffd622005b9c41d963f76f0413bee45bcaf0ae4c6a538b1d5d0a8acb29","signature_hex":"03b2849f51cda5fbba87431f5c08b5bc2d4c85017324d21d1c2a1c0aa6b473e8d6ea97b3ded3075b47903a0f37bd5238e494e6e6496de82b30c65786d4c4d709","public_key_hex":"c2f8243b0d573587f285c830a868acd19249d17d59ecbf9329e796dfed6fb630"}
{"seq":59,"ts":1779501600000,"agent_id":"funding-carry","symbol":"BTCUSDT","side":"buy","price":75560.89253845267,"quantity":0.01185330906241226,"notional_usd":895.64661229,"fee_usd":0.537387967374,"balance_before_usd":9993.603323063968,"balance_after_usd":9992.846737322965,"decision":"ALLOW","cert_hash":"04fd24f9327dc4324b43f91581e18a4a2d17f1954e81bfb9562a5f173608ad72","prev_hash":"b58237ffd622005b9c41d963f76f0413bee45bcaf0ae4c6a538b1d5d0a8acb29","record_hash":"97c830ce4bf62cacdc748711588142fe4774dee1dcd9c5a6b993965e684df521","signature_hex":"4d54129bf870c5e80cd3eb7e346753a670e7c54b35b92220adace738b4ab18d4368149e5b019fb0ba93b21b888ac9483d0995a04b6efcf919b50a977d1043808","public_key_hex":"c2f8243b0d573587f285c830a868acd19249d17d59ecbf9329e796dfed6fb630"}
{"seq":60,"ts":1779580800000,"agent_id":"funding-carry","symbol":"BTCUSDT","side":"buy","price":76819.940605938,"quantity":0.026034906877361017,"notional_usd":2000.0,"fee_usd":1.2,"balance_before_usd":9992.84307346739,"balance_after_usd":9991.043213437395,"decision":"ALLOW_CAPPED","cert_hash":"d53546c26946a4ee3805c9215748afc9447d565d6491b5b63a8119a6ef6d7e84","prev_hash":"97c830ce4bf62cacdc748711588142fe4774dee1dcd9c5a6b993965e684df521","record_hash":"e5167a00d9157077c738945c6548b501896b62fc3c8e96cd9dd7d9847325ead4","signature_hex":"05e1890b1d8fa5fd5cdc318f93bdd96f76f6e7e59aa8384ac4eba55f7af35fb3e837b8c574e6da3ab630f440db7c47eb1b24d6128a7f33d3c2d0a5022c128a00","public_key_hex":"c2f8243b0d573587f285c830a868acd19249d17d59ecbf9329e796dfed6fb630"}
{"seq":61,"ts":1779584400000,"agent_id":"funding-carry","symbol":"BTCUSDT","side":"buy","price":76865.154166842,"quantity":0.02601959264478725,"notional_usd":2000.0,"fee_usd":1.2,"balance_before_usd":9992.219860073574,"balance_after_usd":9990.420000043581,"decision":"ALLOW_CAPPED","cert_hash":"088b08ae127c876da04b36317beb6c7d9409a0629c4298f15240b782868e1120","prev_hash":"e5167a00d9157077c738945c6548b501896b62fc3c8e96cd9dd7d9847325ead4","record_hash":"7089830adb954af9ad05acfcffd0335fe1bc2004c88285598ad69d488390a97c","signature_hex":"f15b293999afef1afa140e53d25f1f8fe3fb2308f7fe8c4754b8d93e3d4f3d981196695f470b207689378881e4f543ab5f595f8df567d63c5a38a945979fc102","public_key_hex":"c2f8243b0d573587f285c830a868acd19249d17d59ecbf9329e796dfed6fb630"}
{"seq":62,"ts":1779588000000,"agent_id":"funding-carry","symbol":"BTCUSDT","side":"buy","price":76794.98428062524,"quantity":0.012984981130617678,"notional_usd":997.18142181,"fee_usd":0.598308853086,"balance_before_usd":9986.9689791048,"balance_after_usd":9986.121562729793,"decision":"ALLOW","cert_hash":"98030c2d77c4aa314f518a13a6883e4749339dfba4a218cd4e1210cff2f03d37","prev_hash":"7089830adb954af9ad05acfcffd0335fe1bc2004c88285598ad69d488390a97c","record_hash":"c018877be9ad351808ef2f761650a4cdb3dec4e00e7f2620e7336d8fdcbf2267","signature_hex":"179055fda9fc6a4815c252442ef87c842c0ca3bb9286f6a160d430132479ef58af6872e0c9d1cbfee55ffef006e8a007f0125ab70d86d3dd37bc765597c05c0e","public_key_hex":"c2f8243b0d573587f285c830a868acd19249d17d59ecbf9329e796dfed6fb630"}
{"seq":63,"ts":1779609600000,"agent_id":"funding-carry","symbol":"BTCUSDT","side":"sell","price":76769.86366585799,"quantity":0.02605188943287734,"notional_usd":2000.0,"fee_usd":1.2,"balance_before_usd":9987.68317950638,"balance_after_usd":9985.883039476375,"decision":"ALLOW_CAPPED","cert_hash":"f34e7095328c5f745a2bcd22e77f24b0681a54f237680d10660895b510422e9a","prev_hash":"c018877be9ad351808ef2f761650a4cdb3dec4e00e7f2620e7336d8fdcbf2267","record_hash":"486d819363cc855b9873db708c7d704cdde56aa23f09a9234dee46f72d685581","signature_hex":"d83b77ef3d49352b240b479ae3a013cf4b743bb0ead0d63bbd08a8e67591d7ed4ce47b50be393d8de166c768822c85b477ab3ef846e49a88437d4cf84c861005","public_key_hex":"c2f8243b0d573587f285c830a868acd19249d17d59ecbf9329e796dfed6fb630"}
{"seq":64,"ts":1779613200000,"agent_id":"funding-carry","symbol":"BTCUSDT","side":"sell","price":76955.90783958,"quantity":0.02598890788435815,"notional_usd":2000.0,"fee_usd":1.2,"balance_before_usd":9993.138090204928,"balance_after_usd":9991.337950174919,"decision":"ALLOW_CAPPED","cert_hash":"49b791c48f86880baae694d5d713193990de91f12b8b58c72ce751319f71d6a6","prev_hash":"486d819363cc855b9873db708c7d704cdde56aa23f09a9234dee46f72d685581","record_hash":"7254328ef50d14e2c7db11957bda09469e653c686e7cd27735ea9c9d87af76bb","signature_hex":"ec2c0cb62d0c3ea9d6311509304bb7e67fd3db0769e321ef2441f356432a49bade12cad683632c1108a9bff0eb8cfd7f02303eca85847c1ad910abec4748a704","public_key_hex":"c2f8243b0d573587f285c830a868acd19249d17d59ecbf9329e796dfed6fb630"}
{"seq":65,"ts":1779616800000,"agent_id":"funding-carry","symbol":"BTCUSDT","side":"sell","price":77125.90497518299,"quantity":0.012999032911738243,"notional_usd":1002.56217712,"fee_usd":0.601537306272,"balance_before_usd":9993.497849090694,"balance_after_usd":9992.645495121793,"decision":"ALLOW","cert_hash":"d5260683cb690ee7028647e9fc41a09e8d2f7d073f038330172c6c972f166db1","prev_hash":"7254328ef50d14e2c7db11957bda09469e653c686e7cd27735ea9c9d87af76bb","record_hash":"c13d080a6d5e94b583b482b6dae4d21ab51b129fa9eb5360bc786446ebd12cd1","signature_hex":"8748a62d3af8ec62360c65ed8ccb1df2f9129f7385c17fd5ef698e3f620797b69910fc1a0bcc88ad8066e9f6a44f2c562ef610ec88e211f7fbd0b3bcbf80b008","public_key_hex":"c2f8243b0d573587f285c830a868acd19249d17d59ecbf9329e796dfed6fb630"}
{"seq":66,"ts":1779926400000,"agent_id":"funding-carry","symbol":"BTCUSDT","side":"sell","price":74521.13844087,"quantity":0.026838022631483716,"notional_usd":2000.0,"fee_usd":1.2,"balance_before_usd":9992.65399981682,"balance_after_usd":9990.853859786812,"decision":"ALLOW_CAPPED","cert_hash":"4a9fefb8edf58b710fc210bb8f5345fbbfeab17e66e392366c609c83c3b7878d","prev_hash":"c13d080a6d5e94b583b482b6dae4d21ab51b129fa9eb5360bc786446ebd12cd1","record_hash":"8c5be93c8b4872c9681f73bacc1b2a28ce5c7c5580de6e82fd9a4e1c00ba612d","signature_hex":"52748d3736818735f3f13d151653d0b6ac6f91bc854ae31348683e9cf11f9b0f580a4ffc6d0f77a1d6bce9ea89351ce8f288d8934b1832f9e757ca1d6e36f509","public_key_hex":"c2f8243b0d573587f285c830a868acd19249d17d59ecbf9329e796dfed6fb630"}
{"seq":67,"ts":1779930000000,"agent_id":"funding-carry","symbol":"BTCUSDT","side":"sell","price":74294.906326344,"quantity":0.026919745900410755,"notional_usd":2000.0,"fee_usd":1.2,"balance_before_usd":9996.928040061299,"balance_after_usd":9995.127900031292,"decision":"ALLOW_CAPPED","cert_hash":"33d6e868913de9137405476ca3767790513f9b96c865cc9ac605105069409e2c","prev_hash":"8c5be93c8b4872c9681f73bacc1b2a28ce5c7c5580de6e82fd9a4e1c00ba612d","record_hash":"b7c9e296157f007a9dc195834baadffcf742a4827219bad27e1acf39848a07a8","signature_hex":"334685a8fa7ba7a18c4f2a9d2eddf6e09b33f1ad42ebbc0378c7a0f6b3d3d52139ec9c7da0fe8186d4eb8a3f16fdcf0f72f0debe31e20e123533aa7197c26109","public_key_hex":"c2f8243b0d573587f285c830a868acd19249d17d59ecbf9329e796dfed6fb630"}
{"seq":68,"ts":1779933600000,"agent_id":"funding-carry","symbol":"BTCUSDT","side":"sell","price":74241.61084744013,"quantity":0.013561021211526077,"notional_usd":1006.79205948,"fee_usd":0.604075235688,"balance_before_usd":9998.192278157627,"balance_after_usd":9997.336115029771,"decision":"ALLOW","cert_hash":"2b29956c941b315d3e069b4dadac13ac39c025694e2ac49c673930c0575834ee","prev_hash":"b7c9e296157f007a9dc195834baadffcf742a4827219bad27e1acf39848a07a8","record_hash":"dda7d82fc6d94f52010574f7b86366ec50d056fb7b7f4d5429f19e82847f62d8","signature_hex":"2de754f7ff8d3e868652548d220c5e9224615756c145a4470496de68d69c5f31e6c547213edbe540295bf7ea36ed62324dc3fe6a457f6044015e70a7fe7b2303","public_key_hex":"c2f8243b0d573587f285c830a868acd19249d17d59ecbf9329e796dfed6fb630"}
{"seq":69,"ts":1779955200000,"agent_id":"funding-carry","symbol":"BTCUSDT","side":"buy","price":73308.88753573799,"quantity":0.02728182171670526,"notional_usd":2000.0,"fee_usd":1.2,"balance_before_usd":10063.339238405017,"balance_after_usd":10061.539378375022,"decision":"ALLOW_CAPPED","cert_hash":"8d1d436cff21761107418defb0f0ef4d6b6361cd09fcd26c83c6bdaa3e766f78","prev_hash":"dda7d82fc6d94f52010574f7b86366ec50d056fb7b7f4d5429f19e82847f62d8","record_hash":"db8cf53434d2ba222328cdedceedd28e9e61305dcfbdaae20f847e4caf23612d","signature_hex":"5326c0a90d3be646ae26f32b55f13b2ed236a085cf7ac8a63ab2950cb2f9a692ba91162a750e3064a5cb9ad117e392d3810370d08d2710e41aac8ade694f7109","public_key_hex":"c2f8243b0d573587f285c830a868acd19249d17d59ecbf9329e796dfed6fb630"}
{"seq":70,"ts":1779958800000,"agent_id":"funding-carry","symbol":"BTCUSDT","side":"buy","price":73534.95534025799,"quantity":0.027197949475126222,"notional_usd":2000.0,"fee_usd":1.2,"balance_before_usd":10052.49028882337,"balance_after_usd":10050.690428793376,"decision":"ALLOW_CAPPED","cert_hash":"9e56b2132d2f48a4478635a8233524c4c0a20877513933f092585363bf103dbd","prev_hash":"db8cf53434d2ba222328cdedceedd28e9e61305dcfbdaae20f847e4caf23612d","record_hash":"37aa090d982a3e5628797740c4d86a17f89ff851e0ae17c7feb1a010031e7d92","signature_hex":"f5ad5d74b42596db49a1ffc95d17d0caa306360aa19cb8440e6090e0c74e8e59daf2297ac10c17a5ff4144da52510feacf75f07b17b20aeea1b5cc425f4c4e02","public_key_hex":"c2f8243b0d573587f285c830a868acd19249d17d59ecbf9329e796dfed6fb630"}
{"seq":71,"ts":1779962400000,"agent_id":"funding-carry","symbol":"BTCUSDT","side":"buy","price":73385.9310296868,"quantity":0.012839096915985821,"notional_usd":942.20908076,"fee_usd":0.5653254484560001,"balance_before_usd":10052.55384213845,"balance_after_usd":10051.755730642657,"decision":"ALLOW","cert_hash":"8769e39df39247feb011f0873aa7b5730d676c04e462a3ee368fe0c46f3e8231","prev_hash":"37aa090d982a3e5628797740c4d86a17f89ff851e0ae17c7feb1a010031e7d92","record_hash":"efd6223749cd2fba6352e426372c1f553abf510a5c73e7b70829e7571e750325","signature_hex":"1f16d00796205f6dca2f2099de7df4304f382badfd4b543ea749766a06aef1eeeae0f2fd7b2bd4f4981534d0cc4f5c38b70b839080ee76d362add9a3a0152000","public_key_hex":"c2f8243b0d573587f285c830a868acd19249d17d59ecbf9329e796dfed6fb630"}
{"seq":72,"ts":1780300800000,"agent_id":"funding-carry","symbol":"BTCUSDT","side":"sell","price":72863.23592770202,"quantity":0.027448684848206367,"notional_usd":2000.0,"fee_usd":1.2,"balance_before_usd":10051.757374427003,"balance_after_usd":10049.957234396996,"decision":"ALLOW_CAPPED","cert_hash":"b14bcde434b78a0e278d95910a550106f3b01e6ad17fa4a1b4bf475efe7928a7","prev_hash":"efd6223749cd2fba6352e426372c1f553abf510a5c73e7b70829e7571e750325","record_hash":"cd3f5bf742907ef87897d7d906785437d1c27e1b2ef0c0d3a90e5a9ad83f8dc4","signature_hex":"e0edfb9af4d467f34c5c1f795a38fdb43b661f0386bbcd9a76ed085801611aa9e6fecca83d672d03a373d34521a60f051752aef81b4f0d32367c15b7c7fc6009","public_key_hex":"c2f8243b0d573587f285c830a868acd19249d17d59ecbf9329e796dfed6fb630"}
{"seq":73,"ts":1780304400000,"agent_id":"funding-carry","symbol":"BTCUSDT","side":"sell","price":72846.64090736999,"quantity":0.02745493786794028,"notional_usd":2000.0,"fee_usd":1.2,"balance_before_usd":10050.412935235017,"balance_after_usd":10048.612795205012,"decision":"ALLOW_CAPPED","cert_hash":"b19fe5b86cd7a9336928a51c51ab3dc2a501cfda8328086c46a14a55950000fb","prev_hash":"cd3f5bf742907ef87897d7d906785437d1c27e1b2ef0c0d3a90e5a9ad83f8dc4","record_hash":"fedd2576dafe642a9398767a7607f84845e2c81273a3c82fb974c7904f2fbd54","signature_hex":"8da5b7c1025b6ebd3ec1ba77f08022da748532d5739b3bba74f417b295d2089fb71acba79ff1a6356f38a8621ba0fcb5bb1bf56e7df883ef5a447021c76fff07","public_key_hex":"c2f8243b0d573587f285c830a868acd19249d17d59ecbf9329e796dfed6fb630"}
{"seq":74,"ts":1780308000000,"agent_id":"funding-carry","symbol":"BTCUSDT","side":"sell","price":72713.49236680844,"quantity":0.014228297508953915,"notional_usd":1034.58920231,"fee_usd":0.620753521386,"balance_before_usd":10056.118554160814,"balance_after_usd":10055.237314187694,"decision":"ALLOW","cert_hash":"6f86e7927c5ecd65cd067c7e353aa4e798ae72c8b52503019e35c2dc8aab7243","prev_hash":"fedd2576dafe642a9398767a7607f84845e2c81273a3c82fb974c7904f2fbd54","record_hash":"879452c1fd52af55b14ee0a4b31dee669bc570b30a4ca9f4e0b000f819969ddc","signature_hex":"2d62e2c16b0f1a7fb4524a45101f5a63ba7bd46fc12f3ca4e6d9b5d5e70bf5b583f9810777526e7c7db66713440e48373354115e5169c2f17cd1cdfc2cd89202","public_key_hex":"c2f8243b0d573587f285c830a868acd19249d17d59ecbf9329e796dfed6fb630"}
{"seq":75,"ts":1780362000000,"agent_id":"funding-carry","symbol":"BTCUSDT","side":"sell","price":70613.50553359035,"quantity":0.0030861056364966423,"notional_usd":217.92073744,"fee_usd":0.130752442464,"balance_before_usd":10201.643492341012,"balance_after_usd":10201.466774001809,"decision":"ALLOW","cert_hash":"beb82885473cb1cf812c167d4a7ab2aa7276ff428a5df97ec6cd59ab3a025851","prev_hash":"879452c1fd52af55b14ee0a4b31dee669bc570b30a4ca9f4e0b000f819969ddc","record_hash":"8991313c1a7d5b89103d0c190cac68efcb737c924d5f94d0d89234f930cd1ec7","signature_hex":"f460c61dba3fbb940042b34d0e2af7a6d179e9a5aed44f2e6d95605ef2518ad2de2f915765120c9cf67d95757f0650852e051c67b04fa88363d6f09d3f236204","public_key_hex":"c2f8243b0d573587f285c830a868acd19249d17d59ecbf9329e796dfed6fb630"}
{"seq":76,"ts":1780408800000,"agent_id":"funding-carry","symbol":"BTCUSDT","side":"sell","price":67981.93172375816,"quantity":0.0041957649364693815,"notional_usd":285.23620544,"fee_usd":0.17114172326399998,"balance_before_usd":10392.04988917199,"balance_after_usd":10391.817622386086,"decision":"ALLOW","cert_hash":"ed5f6ce5e07c585e6de22cb651f8caf436fc4010b713f53dfbe7fe64b2f01195","prev_hash":"8991313c1a7d5b89103d0c190cac68efcb737c924d5f94d0d89234f930cd1ec7","record_hash":"398f428239700c745f35290cfb5a14e9b7433112db32394284613ab9957676a4","signature_hex":"2b9c9286a2a57919b9e357ca364076535e57009594e2d015b778941ad646c1d86260840135aa384fb962a92c961083a1403f9da90fee4275b6362229f9b74d09","public_key_hex":"c2f8243b0d573587f285c830a868acd19249d17d59ecbf9329e796dfed6fb630"}
{"seq":77,"ts":1780444800000,"agent_id":"funding-carry","symbol":"BTCUSDT","side":"buy","price":66920.27139800398,"quantity":0.02988631035437871,"notional_usd":2000.0,"fee_usd":1.2,"balance_before_usd":10476.48683598073,"balance_after_usd":10474.686975950735,"decision":"ALLOW_CAPPED","cert_hash":"0a53a893f58f670d4837d3280f978823e694d9f4440b1773b9a252b5f7af943a","prev_hash":"398f428239700c745f35290cfb5a14e9b7433112db32394284613ab9957676a4","record_hash":"61140cffb9e5894e790368a8c32890e6d4cfb873e0fde83f6b94d70fe39f1145","signature_hex":"ded3017283c0f72743b1e47fd4f99ba49084f17a062ab82694f3f622d64e0e73c9bc7df47eaa17c45043a22160d38457637d165578b1de9eee7d5c7a3ca40004","public_key_hex":"c2f8243b0d573587f285c830a868acd19249d17d59ecbf9329e796dfed6fb630"}
{"seq":78,"ts":1780448400000,"agent_id":"funding-carry","symbol":"BTCUSDT","side":"buy","price":66900.0653376,"quantity":0.02989533702108263,"notional_usd":2000.0,"fee_usd":1.2,"balance_before_usd":10475.62689514755,"balance_after_usd":10473.827035117554,"decision":"ALLOW_CAPPED","cert_hash":"bd7fdf322b79375f702f353daaa28f2636f11af1b2742e0e9e52d2932236ac75","prev_hash":"61140cffb9e5894e790368a8c32890e6d4cfb873e0fde83f6b94d70fe39f1145","record_hash":"6f68cb2c66493ffaffbb181e8d250476fc98fc2e1120d9b97c554516b5cdc5b6","signature_hex":"661378d29e9329357f25e053e74a8baefe7075417cea523d21f12e9356b1045b16d28296bab66061fad132cf833fd1cc6b670fec54bad6595d500ab219087d09","public_key_hex":"c2f8243b0d573587f285c830a868acd19249d17d59ecbf9329e796dfed6fb630"}
{"seq":79,"ts":1780452000000,"agent_id":"funding-carry","symbol":"BTCUSDT","side":"buy","price":66600.8053471694,"quantity":0.016631068750388254,"notional_usd":1107.64257256,"fee_usd":0.664585543536,"balance_before_usd":10478.75441580164,"balance_after_usd":10477.807013160207,"decision":"ALLOW","cert_hash":"11a1c69ba1bf037c1575d56c547ca80aed35ef2221923c3a437fcacceec36d00","prev_hash":"6f68cb2c66493ffaffbb181e8d250476fc98fc2e1120d9b97c554516b5cdc5b6","record_hash":"3377e3d66e8e6c328388429342270caa30447b6c563bcf06cce042ba62b4cbad","signature_hex":"d1c5817716ef9d7056f86afdd886927f363d41fdc651931cc587e2a2c999a40dc62ffff8b722903a67662b9f0bae75f0bc0a09f6b38599dcedca258778ae2201","public_key_hex":"c2f8243b0d573587f285c830a868acd19249d17d59ecbf9329e796dfed6fb630"}
{"seq":80,"ts":1780502400000,"agent_id":"funding-carry","symbol":"BTCUSDT","side":"sell","price":66030.886111014,"quantity":0.030288855985326518,"notional_usd":2000.0,"fee_usd":1.2,"balance_before_usd":10477.809308991551,"balance_after_usd":10476.009168961544,"decision":"ALLOW_CAPPED","cert_hash":"e696d1f87ae39277a267cc88626de4ffbd79acdf1b8238ff256979309bdfe605","prev_hash":"3377e3d66e8e6c328388429342270caa30447b6c563bcf06cce042ba62b4cbad","record_hash":"5774b32e21c76eaf23347ccd09790e699eeae7f2ea0a54ec4f48665f3a59df70","signature_hex":"3d075526a980b2b93f4243c01986af0e98c0b718f6897115585b8002a291a4e094173a27ec3a9568eb4157a2be2706add9c8f6c9158006e86f428acbee1be407","public_key_hex":"c2f8243b0d573587f285c830a868acd19249d17d59ecbf9329e796dfed6fb630"}
{"seq":81,"ts":1780506000000,"agent_id":"funding-carry","symbol":"BTCUSDT","side":"sell","price":65929.116648978,"quantity":0.030335610450363936,"notional_usd":2000.0,"fee_usd":1.2,"balance_before_usd":10479.093006900035,"balance_after_usd":10477.29286687003,"decision":"ALLOW_CAPPED","cert_hash":"e3d1aa7a6c1f26d4caffd8d76b9fd164be54e6b720d95f8823498f287b55c1ed","prev_hash":"5774b32e21c76eaf23347ccd09790e699eeae7f2ea0a54ec4f48665f3a59df70","record_hash":"ab8d45ef0f73504a28bc23d5bb7a9d8961f2f945aeaf95982971b7616a4d0d9c","signature_hex":"0840d6c299590ce0db65b4294aa291be1bb480f385b21b8e5c592e4fd0df7c3cc15efd7d90334a55f0fec3657460553b4e2f6522d99abcdb18ea3016badb520c","public_key_hex":"c2f8243b0d573587f285c830a868acd19249d17d59ecbf9329e796dfed6fb630"}
{"seq":82,"ts":1780509600000,"agent_id":"funding-carry","symbol":"BTCUSDT","side":"sell","price":65998.32417920174,"quantity":0.01870022536313024,"notional_usd":1234.18353574,"fee_usd":0.740510121444,"balance_before_usd":10473.248931648104,"balance_after_usd":10472.185359784398,"decision":"ALLOW","cert_hash":"5117bd1c29ab67a3eaeeea8a3c242e65690cb8bd622f59d50dc5c7af7d8345ca","prev_hash":"ab8d45ef0f73504a28bc23d5bb7a9d8961f2f945aeaf95982971b7616a4d0d9c","record_hash":"b711c2b653b465c7ed5c7bf603d25d3e3aa0e64ee38f91701c02a027e22ae7ab","signature_hex":"0570509433af10d48f96b58235b5b8d3a86749b0da1c83e5cd1260a610d4d1c198219482632dfa4fc897c1e81d9977bc1134b961d812107e61d2d6565f50200d","public_key_hex":"c2f8243b0d573587f285c830a868acd19249d17d59ecbf9329e796dfed6fb630"}
{"seq":83,"ts":1780527600000,"agent_id":"funding-carry","symbol":"BTCUSDT","side":"sell","price":64105.056057689486,"quantity":0.0035079237588939893,"notional_usd":224.87564921,"fee_usd":0.134925389526,"balance_before_usd":10622.672357702926,"balance_after_usd":10622.48992119638,"decision":"ALLOW","cert_hash":"4c85dd491bd97b8c945271788e062697b08b671292997729b91d4fa580ae8315","prev_hash":"b711c2b653b465c7ed5c7bf603d25d3e3aa0e64ee38f91701c02a027e22ae7ab","record_hash":"884cf1e9ac81af7918b2acf826dbb075a5c889bc9434887f97c73083af9e8d0e","signature_hex":"c242637a2ae4e377082801f4d4583a16e5dd842ae9f82bdc42476cf1300ecbe1b42df40d365e126c0dd394667020decb8a972fad889720153b0267866f57a606","public_key_hex":"c2f8243b0d573587f285c830a868acd19249d17d59ecbf9329e796dfed6fb630"}
{"seq":84,"ts":1780531200000,"agent_id":"funding-carry","symbol":"BTCUSDT","side":"buy","price":63334.796006316,"quantity":0.0315782180746355,"notional_usd":2000.0,"fee_usd":1.2,"balance_before_usd":10689.41619035093,"balance_after_usd":10687.616330320936,"decision":"ALLOW_CAPPED","cert_hash":"b2fdc3ecc65d3acb3f0323bf1ffb9fd143b24d1ed9ba01b71a69be7e6a18ff54","prev_hash":"884cf1e9ac81af7918b2acf826dbb075a5c889bc9434887f97c73083af9e8d0e","record_hash":"a43c6f2bcff38f09177dfcdd27d26c872ac8a1ae51bc4232d6ea4f04ddc4baaf","signature_hex":"c0cdbe2a687caadb1caa8b53a62c616f2eddb2aa5efef26c2648210f910689a103c3256e9bbff784240c58eec2ee3f43468539c09826eb5585b62a2d3af0c20f","public_key_hex":"c2f8243b0d573587f285c830a868acd19249d17d59ecbf9329e796dfed6fb630"}
{"seq":85,"ts":1780534800000,"agent_id":"funding-carry","symbol":"BTCUSDT","side":"buy","price":62161.744172861996,"quantity":0.03217412938797721,"notional_usd":2000.0,"fee_usd":1.2,"balance_before_usd":10747.72734333504,"balance_after_usd":10745.927483305046,"decision":"ALLOW_CAPPED","cert_hash":"275b8cd26fe8387865c41cc38c58a8f5211c55ea5cc0409783e3695a3784d588","prev_hash":"a43c6f2bcff38f09177dfcdd27d26c872ac8a1ae51bc4232d6ea4f04ddc4baaf","record_hash":"e0699ede9f74438cf63eb3316a095877ce01dc07705bc569c45e582f89e514f5","signature_hex":"d712627acf8b1ad9ab5cca5fb248a67bdf910f0932d175970558d49f774c1144838db4834b1c5260e0c2f4747a7ac149b6e8cea80cfda37685803519b0a44306","public_key_hex":"c2f8243b0d573587f285c830a868acd19249d17d59ecbf9329e796dfed6fb630"}
{"seq":86,"ts":1780538400000,"agent_id":"funding-carry","symbol":"BTCUSDT","side":"buy","price":63210.45049614358,"quantity":0.019079548893162514,"notional_usd":1206.0268808,"fee_usd":0.72361612848,"balance_before_usd":10725.871565828114,"balance_after_usd":10724.834081654146,"decision":"ALLOW","cert_hash":"839a930df6afb30b25e127202e3b70bd3c29752898ee0d841b6961cfc64956ed","prev_hash":"e0699ede9f74438cf63eb3316a095877ce01dc07705bc569c45e582f89e514f5","record_hash":"b16a17053d827ec192ea2c14ce36ef498ea7d4a6bf1667b32840acf8aa2137bc","signature_hex":"f570519ab560f31f7dcc39fdda663105490ca71d69da65ead3ae73f7b06ba7dd638dca6d7e4d9a954a7a3991d19f4fdd7af53d62a4a2e0a0bff29bdd27dc6304","public_key_hex":"c2f8243b0d573587f285c830a868acd19249d17d59ecbf9329e796dfed6fb630"}
{"seq":87,"ts":1781539200000,"agent_id":"funding-carry","symbol":"BTCUSDT","side":"buy","price":67138.33680236399,"quantity":0.029789239579875598,"notional_usd":2000.0,"fee_usd":1.2,"balance_before_usd":10724.814512714824,"balance_after_usd":10723.01465268483,"decision":"ALLOW_CAPPED","cert_hash":"872ba7ceb2a812431b65ab535386c4681651a7660591a72d4fd098ef60d29644","prev_hash":"b16a17053d827ec192ea2c14ce36ef498ea7d4a6bf1667b32840acf8aa2137bc","record_hash":"045b2dee8cfa87aa498964b8ec287518aa8cb25c1fe35ec0babd471e793f5572","signature_hex":"ba18c856f3a870842fe1c170e0992ffe4692491ffca721b46451f5b4a8c3a10ef54c15636672c0d3cf7543d4e4832ce58e5d0d7d79ab2a4d891f8efc53e42c0d","public_key_hex":"c2f8243b0d573587f285c830a868acd19249d17d59ecbf9329e796dfed6fb630"}
{"seq":88,"ts":1781542800000,"agent_id":"funding-carry","symbol":"BTCUSDT","side":"buy","price":66832.74514625399,"quantity":0.029925450400447917,"notional_usd":2000.0,"fee_usd":1.2,"balance_before_usd":10713.915557331678,"balance_after_usd":10712.115697301684,"decision":"ALLOW_CAPPED","cert_hash":"44f93cc0aaa37afbd1d2f68e84b08743c61b480d730742e8313192448f8a2f7f","prev_hash":"045b2dee8cfa87aa498964b8ec287518aa8cb25c1fe35ec0babd471e793f5572","record_hash":"0dfea25a3669948eb4d2942cdaac5c4acee5458a6ceb875009be9139e1eb4759","signature_hex":"2cc87f8b09adc25d4ef391f299f824f1a69497c892bdf3956d520df13850a56d5112104b474a99594f8fc6c4a87037f00f0eac107c9355713f975f05d3c9df00","public_key_hex":"c2f8243b0d573587f285c830a868acd19249d17d59ecbf9329e796dfed6fb630"}
{"seq":89,"ts":1781546400000,"agent_id":"funding-carry","symbol":"BTCUSDT","side":"buy","price":66740.91414113715,"quantity":0.02051766927816114,"notional_usd":1369.36800367,"fee_usd":0.8216208022020001,"balance_before_usd":10706.75973512686,"balance_after_usd":10705.570557901403,"decision":"ALLOW","cert_hash":"fa15892770bb060cc04254842c1daecdcf9ae94835d5403c7895927831f14468","prev_hash":"0dfea25a3669948eb4d2942cdaac5c4acee5458a6ceb875009be9139e1eb4759","record_hash":"5528a5da09b663d7fbd6c9640999b59fe18179b46982b8c2c552a84f21e21ca2","signature_hex":"fae80e1a1019bfc798594e9c87db0281573a67ee24dce085eca660a52a14557badd4c9e2c9ad0ec3fffea94aa82dda0a1fb3420d80ccea656364138d68c03009","public_key_hex":"c2f8243b0d573587f285c830a868acd19249d17d59ecbf9329e796dfed6fb630"}
{"seq":90,"ts":1781568000000,"agent_id":"funding-carry","symbol":"BTCUSDT","side":"sell","price":66198.535804368,"quantity":0.030212148587552796,"notional_usd":2000.0,"fee_usd":1.2,"balance_before_usd":10665.342817054941,"balance_after_usd":10663.542677024936,"decision":"ALLOW_CAPPED","cert_hash":"09bfcdbf8c6134b72c555d0f65cb730dffadc9b2104d71e9aa4914f885786cac","prev_hash":"5528a5da09b663d7fbd6c9640999b59fe18179b46982b8c2c552a84f21e21ca2","record_hash":"3c52565f6d0bfc817dcb7faccd0bc0789b19aecf186b450270433dd09d64ce2d","signature_hex":"7449e5e8daeb33ce86e58de6ac9895c2c4281544e74c277288d1c0cafcf21fb939a9b55cc500c41155d1bcbdd4cc8adf7ff13a5dff749f7f12b24d254cab1f0b","public_key_hex":"c2f8243b0d573587f285c830a868acd19249d17d59ecbf9329e796dfed6fb630"}
{"seq":91,"ts":1781571600000,"agent_id":"funding-carry","symbol":"BTCUSDT","side":"sell","price":66292.00775623799,"quantity":0.030169549357355264,"notional_usd":2000.0,"fee_usd":1.2,"balance_before_usd":10668.219102332652,"balance_after_usd":10666.418962302645,"decision":"ALLOW_CAPPED","cert_hash":"bfbd2ed0e774a2e9d8f398c23f991e721b11a4cb6884e37e89e34094fb216a6e","prev_hash":"3c52565f6d0bfc817dcb7faccd0bc0789b19aecf186b450270433dd09d64ce2d","record_hash":"bef32ba65e8e624ba0f1d4e9d4f0ee9d8543edbcd963f81cb8e50580ba4e1745","signature_hex":"eaa1358eb49e9d4b26eb19700c054dcc4a6860758248f81326717ae2b29aecf7ace20e0f2e84979a7c7d966e7ae20ea74330a2339e7c0688ffa4c77ee2e0300f","public_key_hex":"c2f8243b0d573587f285c830a868acd19249d17d59ecbf9329e796dfed6fb630"}
{"seq":92,"ts":1781575200000,"agent_id":"funding-carry","symbol":"BTCUSDT","side":"sell","price":65692.17472663191,"quantity":0.019850958773957757,"notional_usd":1304.05265227,"fee_usd":0.7824315913619999,"balance_before_usd":10654.465900459858,"balance_after_usd":10653.33756048524,"decision":"ALLOW","cert_hash":"3547c7be85f9dbb172face5c83d4ba35dca431c5c347120f7c28aa9c2fac6d7f","prev_hash":"bef32ba65e8e624ba0f1d4e9d4f0ee9d8543edbcd963f81cb8e50580ba4e1745","record_hash":"dc74cdc6098c99d26a866d303e3ac7d147501c4e1716641e5e948fcc5efe0eff","signature_hex":"8b88c5b23009e471662e45594a9061ad5f95521a82d5afac93ca63a6c24ce00e4c54714d5d7f430992f333f7f4decdd58fa2cde23518938cdf41a8f8c99cf208","public_key_hex":"c2f8243b0d573587f285c830a868acd19249d17d59ecbf9329e796dfed6fb630"}
