{"seq":0,"ts":1778850000000,"agent_id":"persona-team","symbol":"BTCUSDT","side":"sell","price":78714.82309353635,"quantity":0.0030060881422400132,"notional_usd":236.62369632,"fee_usd":0.14197421779199998,"balance_before_usd":10000.0,"balance_after_usd":9999.80789353144,"decision":"ALLOW","cert_hash":"ccc87ef70056abadf809fc19a983048b3a93ae7435bdd1378f0fdaf030148635","prev_hash":"0000000000000000000000000000000000000000000000000000000000000000","record_hash":"870e5b7444d882309d688da623d220f93178175c8b2da00fb8268646b8cb3ad6","signature_hex":"03e6c3b87a633d2abd9c4cf43282b07feff97c49dd7e68c25842027742baa6eae1bcd8818ea61352f4e606237da2f256189aede1653065d33febd1c7d8720905","public_key_hex":"c2f8243b0d573587f285c830a868acd19249d17d59ecbf9329e796dfed6fb630"}
{"seq":1,"ts":1778925600000,"agent_id":"persona-team","symbol":"BTCUSDT","side":"buy","price":77978.206765167,"quantity":0.0030054518004726536,"notional_usd":234.35974192,"fee_usd":0.14061584515199999,"balance_before_usd":10002.193155602828,"balance_after_usd":10002.002929470586,"decision":"ALLOW","cert_hash":"cd595ce96b8b04fff1caa438511007548653919e2ebda137f9f85968746e6d3b","prev_hash":"870e5b7444d882309d688da623d220f93178175c8b2da00fb8268646b8cb3ad6","record_hash":"a52fc4be5c080f66dd38a2dae07a495742c1036c16b83ca4101b1f182ab1cb47","signature_hex":"2d8606444a5c9be513d4a8345e80787c2dc9282fd97680c1730d0362afdafbebe40b1dad039ff0f60f9c6e7738918e4a097867e3c2f56616ebfb578de27db100","public_key_hex":"c2f8243b0d573587f285c830a868acd19249d17d59ecbf9329e796dfed6fb630"}
{"seq":2,"ts":1779937200000,"agent_id":"persona-team","symbol":"BTCUSDT","side":"sell","price":73217.39753500102,"quantity":0.003195506917302736,"notional_usd":233.96670029,"fee_usd":0.140380020174,"balance_before_usd":10002.006009221293,"balance_after_usd":10001.816090966982,"decision":"ALLOW","cert_hash":"7433a57a9a5babd2e9a87e3e65e7c183e3ae05cbb67bba1923d0e2a22624a812","prev_hash":"a52fc4be5c080f66dd38a2dae07a495742c1036c16b83ca4101b1f182ab1cb47","record_hash":"d6355e2533b23b3080ab234d3f5aa8672120be4df202fdab5cea4d722368ed38","signature_hex":"71e07c9ffdc7d4069113e56fdab9c3137b6f0cfc960787f034c79e0047570593a3ffa6b414f56a0e2eca24dfd3333519f6af4d7e29d26744b31287ce8a721100","public_key_hex":"c2f8243b0d573587f285c830a868acd19249d17d59ecbf9329e796dfed6fb630"}
{"seq":3,"ts":1779987600000,"agent_id":"persona-team","symbol":"BTCUSDT","side":"buy","price":73527.7668663505,"quantity":0.003195466590425254,"notional_usd":234.95552249,"fee_usd":0.140973313494,"balance_before_usd":10000.967482429798,"balance_after_usd":10000.776765714963,"decision":"ALLOW","cert_hash":"46726ce700d6868dfb6062a464ace1e6a9b74c722b41352d5caabac803887784","prev_hash":"d6355e2533b23b3080ab234d3f5aa8672120be4df202fdab5cea4d722368ed38","record_hash":"7b1d6a9fb54328a66db26a17dbffd39c63f7348f626cc51140aa67e35fc5fa1d","signature_hex":"02128813b6622edbe82bf5bd046881e3ae4dd46485ad0fbad99637cc4d330cc85c746fcaacfcd61ebc964d861e7f0ca60fa30ac19a05bc0609a09589ceac6c03","public_key_hex":"c2f8243b0d573587f285c830a868acd19249d17d59ecbf9329e796dfed6fb630"}
{"seq":4,"ts":1780326000000,"agent_id":"persona-team","symbol":"BTCUSDT","side":"sell","price":71113.34907442628,"quantity":0.0036615082529369777,"notional_usd":260.38211453,"fee_usd":0.156229268718,"balance_before_usd":10000.778398106948,"balance_after_usd":10000.566693599203,"decision":"ALLOW","cert_hash":"d23f2cb78eb98026095f79a3892d59830361f1550c2b796a22be9ff7d4623dc2","prev_hash":"7b1d6a9fb54328a66db26a17dbffd39c63f7348f626cc51140aa67e35fc5fa1d","record_hash":"d9137ab6f2f4a1fdfa780d5bd74ae13c3ff23c2c134a1447ff2a4218135c2763","signature_hex":"81dafa53288f1bdb116580963074afb7731e00539138502dfd6a29bddc85e5c554658f261294f8eca9bfcd00e23c665b11730b821920ce9bb78f099b03534105","public_key_hex":"c2f8243b0d573587f285c830a868acd19249d17d59ecbf9329e796dfed6fb630"}
{"seq":5,"ts":1780480800000,"agent_id":"persona-team","symbol":"BTCUSDT","side":"buy","price":67276.38159650077,"quantity":0.003661407503860346,"notional_usd":246.32624841,"fee_usd":0.14779574904599999,"balance_before_usd":10014.84978865189,"balance_after_usd":10014.64970215825,"decision":"ALLOW","cert_hash":"2e2a310d2dec390bae9c0ecd3d0035d26110bfe85a6b41543dc164966334669e","prev_hash":"d9137ab6f2f4a1fdfa780d5bd74ae13c3ff23c2c134a1447ff2a4218135c2763","record_hash":"925eeac3e443e705879d702846b54710c7092c51d50a45c6790d40ac66c445eb","signature_hex":"7adc25a335f1985f3318bbfc759d01c30ca9b8d363843927639692535a35b7bbe6ea5800530c7f84a42ae303d6eea17bf1b4d2e7501ffbd41b063d076d9db201","public_key_hex":"c2f8243b0d573587f285c830a868acd19249d17d59ecbf9329e796dfed6fb630"}
{"seq":6,"ts":1780516800000,"agent_id":"persona-team","symbol":"BTCUSDT","side":"sell","price":64959.31477945456,"quantity":0.00327602309618739,"notional_usd":212.80821553,"fee_usd":0.12768492931800002,"balance_before_usd":10014.651486880055,"balance_after_usd":10014.478968852154,"decision":"ALLOW","cert_hash":"ca429ade922b62f4b80486f9525778393dafb73c29d15ae375822c9cb2012fee","prev_hash":"925eeac3e443e705879d702846b54710c7092c51d50a45c6790d40ac66c445eb","record_hash":"01f9b2e5193a1429140cbfc00cc524bb4fa707ac1527ec94f337f71067b2eb11","signature_hex":"f1a27bb04695879e190e7503d811bd5232152785e97f7e6a3d0514e6b0029c0bb764a23cc6d298defd2e0e1c48d6793736effce9d36e3638a771345045b8af07","public_key_hex":"c2f8243b0d573587f285c830a868acd19249d17d59ecbf9329e796dfed6fb630"}
{"seq":7,"ts":1780534800000,"agent_id":"persona-team","symbol":"BTCUSDT","side":"sell","price":62130.04448819569,"quantity":0.003250885989279703,"notional_usd":201.97769114,"fee_usd":0.12118661468400001,"balance_before_usd":10023.768791959388,"balance_after_usd":10023.605163364296,"decision":"ALLOW","cert_hash":"804f16364c2894f85cb8f8376d2b1567f85b1efe05c02bd26c2fb01eea0ac109","prev_hash":"01f9b2e5193a1429140cbfc00cc524bb4fa707ac1527ec94f337f71067b2eb11","record_hash":"f2ef1f65ec3f27dd5dccbdc003ee725014f1e4f6a7c57e040d6d2c9dbb6d58d5","signature_hex":"c9576d8ee393fa84b70924075b54f0025b9357f812e7ad004674a7013db7fc71f847f9097851f4a59e633870823d18b17b4e58dbc3bd0f112222d5a9a6292a0e","public_key_hex":"c2f8243b0d573587f285c830a868acd19249d17d59ecbf9329e796dfed6fb630"}
{"seq":8,"ts":1780538400000,"agent_id":"persona-team","symbol":"BTCUSDT","side":"buy","price":63207.29054907204,"quantity":0.0032598879371364712,"notional_usd":206.048684,"fee_usd":0.12362921040000001,"balance_before_usd":10016.745217618096,"balance_after_usd":10016.578262707098,"decision":"ALLOW","cert_hash":"05d9fd9bfe25982e7487c3c32b851b07ecae4ca6fee13ae2a9d021ce900e090c","prev_hash":"f2ef1f65ec3f27dd5dccbdc003ee725014f1e4f6a7c57e040d6d2c9dbb6d58d5","record_hash":"4506cbca29fb54f1036cd57cd68d38078b6968d829e9ae31b40d30cb078eb87a","signature_hex":"56e6b27a79b05089a0d24c4170491feeefdfa6e0184c7fa05745e6d089e4e2c57c01049fde11fdd10a3e045c918b56e61015d26fc62e35f1f3e5f03f2ad8d60f","public_key_hex":"c2f8243b0d573587f285c830a868acd19249d17d59ecbf9329e796dfed6fb630"}
{"seq":9,"ts":1780574400000,"agent_id":"persona-team","symbol":"BTCUSDT","side":"buy","price":63755.3129419551,"quantity":0.003267111081544516,"notional_usd":208.29568942,"fee_usd":0.12497741365199999,"balance_before_usd":10014.778483418557,"balance_after_usd":10014.609684433608,"decision":"ALLOW","cert_hash":"e17f0f4ee1de731489d8e9db14a664070fd54ede420bf00d3a6c22bed95856e4","prev_hash":"4506cbca29fb54f1036cd57cd68d38078b6968d829e9ae31b40d30cb078eb87a","record_hash":"23787a98e9a6611dec90812287a9944d7dbaba6bfc551d5dd5a4ad91d2f20f62","signature_hex":"3ad022a94c4db8b54eaafb76214c130e46ab7cdb27158180e6073d51a8fcaa689f813b104d4f680c79327263850dba88a646ff30d980f2c1a6777b58daa92400","public_key_hex":"c2f8243b0d573587f285c830a868acd19249d17d59ecbf9329e796dfed6fb630"}
{"seq":10,"ts":1780664400000,"agent_id":"persona-team","symbol":"BTCUSDT","side":"sell","price":60686.779344243485,"quantity":0.005871132618010602,"notional_usd":356.30012969,"fee_usd":0.21378007781400002,"balance_before_usd":10014.611779244056,"balance_after_usd":10014.320378942997,"decision":"ALLOW","cert_hash":"6a4ec5c8af4e7eb113c483b42c68b4573ab3ef6a4e74b906b8d6175aea36dcae","prev_hash":"23787a98e9a6611dec90812287a9944d7dbaba6bfc551d5dd5a4ad91d2f20f62","record_hash":"c0b52f3bd57ff905402d4d6d003ff71698c74f835ce98ffb75c2d65406ad04b0","signature_hex":"4692b672c67a9c948e6228da22a7f6fe37141444a7acae1f2170a59c0292021bfc546d2e14c801bf1fbc3658fb559faea41f568eef709454c16e328388330b0e","public_key_hex":"c2f8243b0d573587f285c830a868acd19249d17d59ecbf9329e796dfed6fb630"}
{"seq":11,"ts":1780675200000,"agent_id":"persona-team","symbol":"BTCUSDT","side":"buy","price":61373.382100074254,"quantity":0.00376715487233545,"notional_usd":231.20303541,"fee_usd":0.13872182124600002,"balance_before_usd":10010.45379816143,"balance_after_usd":10010.266170758636,"decision":"ALLOW","cert_hash":"3124ebb94d92b1fb6ad1a35935899922fd68b20c20b1b78bf9b980df519a3278","prev_hash":"c0b52f3bd57ff905402d4d6d003ff71698c74f835ce98ffb75c2d65406ad04b0","record_hash":"1b7271834e7b3b3b7960b39e84a098bf164c3c88bb47347970c6d4dbf096d2e9","signature_hex":"f3a1698e15302cd49ca280153002add1348c10f476a1158b3f2558155562539d786da1808968570603c949ae2cd7384c587d56f8199c8b54294026e21f37750e","public_key_hex":"c2f8243b0d573587f285c830a868acd19249d17d59ecbf9329e796dfed6fb630"}
{"seq":12,"ts":1780682400000,"agent_id":"persona-team","symbol":"BTCUSDT","side":"sell","price":59354.59866124804,"quantity":0.005270243490067304,"notional_usd":312.8131872,"fee_usd":0.18768791232,"balance_before_usd":10014.46076856239,"balance_after_usd":10014.205614477849,"decision":"ALLOW","cert_hash":"11eb7285b1319190b232080ae4616068bbe618461c60a5114bf172da16bfac1c","prev_hash":"1b7271834e7b3b3b7960b39e84a098bf164c3c88bb47347970c6d4dbf096d2e9","record_hash":"d1f87bfa95b45a5fb04714e2571589b598b8c9f82696f1ca8f03294bd63fcf16","signature_hex":"3938326f0a0ed4bb4c1f7b7680385b55dc1c42b4a1639210edffa0fc44d17f9c7a9f53c5ac4640c911682188459af7300f3d37916ede79299418099469145906","public_key_hex":"c2f8243b0d573587f285c830a868acd19249d17d59ecbf9329e796dfed6fb630"}
{"seq":13,"ts":1780689600000,"agent_id":"persona-team","symbol":"BTCUSDT","side":"buy","price":61594.31881314271,"quantity":0.00475547707717323,"notional_usd":292.9103712,"fee_usd":0.17574622271999998,"balance_before_usd":9997.879779043831,"balance_after_usd":9997.641171058225,"decision":"ALLOW","cert_hash":"cec2d6d71620f3422b5c6ab213dd886c8df3e90eb28c28c185feda6e7d93c3a7","prev_hash":"d1f87bfa95b45a5fb04714e2571589b598b8c9f82696f1ca8f03294bd63fcf16","record_hash":"e10c87d128245382903040f3121cd885d57477212024d63d00ec3fbeabbe1ba1","signature_hex":"458e83b6532d473d620d6ab4423c5244d575242cee0b778246006e4e894a428ed51e05909c6e79d992c9e3bd14adfe277b03a71438da8095cc4cd83030452a08","public_key_hex":"c2f8243b0d573587f285c830a868acd19249d17d59ecbf9329e796dfed6fb630"}
{"seq":14,"ts":1780754400000,"agent_id":"persona-team","symbol":"BTCUSDT","side":"buy","price":60774.43625085108,"quantity":0.004242181450040017,"notional_usd":257.8161861,"fee_usd":0.15468971165999998,"balance_before_usd":9999.78452850458,"balance_after_usd":9999.574960869526,"decision":"ALLOW","cert_hash":"a521eabb9cbdd8400c022c3f4c52b26b60c156d1f5803e56005394bd2429974b","prev_hash":"e10c87d128245382903040f3121cd885d57477212024d63d00ec3fbeabbe1ba1","record_hash":"9b47f4c56ca790d5879f07cc52768dbf08f1c7319dbf0b8e529eef24314e6f16","signature_hex":"a3d1bd703c02b021513857928f4f98f0407fdfaee3501f2cf6829716e3d575217c267526cded4db4713a0f1b255f66808fca22848de1aba7af8002d0ad4c0006","public_key_hex":"c2f8243b0d573587f285c830a868acd19249d17d59ecbf9329e796dfed6fb630"}
{"seq":15,"ts":1781013600000,"agent_id":"persona-team","symbol":"BTCUSDT","side":"sell","price":61509.08674684563,"quantity":0.0037499354810666035,"notional_usd":230.6551068,"fee_usd":0.13839306408,"balance_before_usd":10000.807590200522,"balance_after_usd":10000.620398276715,"decision":"ALLOW","cert_hash":"df6413021719461e742b2e3b2ea229590ef137a42eb115c34401a7c29f56962d","prev_hash":"9b47f4c56ca790d5879f07cc52768dbf08f1c7319dbf0b8e529eef24314e6f16","record_hash":"e0b0e6bc4bdbeb08f9a1b67dd0d58f130050621f53408cdacccba6b0ecd69ce9","signature_hex":"106cb95c3cab4baeb7cb5b067ee1a3cd804aa6b0bdc77af1f6ba493ff35b47b1421765747b9f5eb7b616b6a133974c61375163908f393bc4a9b6464b6bc2cd03","public_key_hex":"c2f8243b0d573587f285c830a868acd19249d17d59ecbf9329e796dfed6fb630"}
{"seq":16,"ts":1781197200000,"agent_id":"persona-team","symbol":"BTCUSDT","side":"buy","price":63623.2587552633,"quantity":0.0036376285692982374,"notional_usd":231.43778372,"fee_usd":0.138862670232,"balance_before_usd":9996.16700055433,"balance_after_usd":9995.979179931444,"decision":"ALLOW","cert_hash":"16f8fe7fbbe0e741ef7af01fe94a351610b7a2ba693969a9c02eb0944af1e9c3","prev_hash":"e0b0e6bc4bdbeb08f9a1b67dd0d58f130050621f53408cdacccba6b0ecd69ce9","record_hash":"05f40e4b8600b2c0354e12c08b287e27940297491cc2d8e0fa91d4b2a20903a8","signature_hex":"729f24c72037e44699447d2659e090b69a4881fea5f0f8d240bb75373b5e7bce5c8e6259b5b575dedb49c531aca6e501df33ee887ece5992142bb96e27e71f0f","public_key_hex":"c2f8243b0d573587f285c830a868acd19249d17d59ecbf9329e796dfed6fb630"}
{"seq":17,"ts":1781348400000,"agent_id":"persona-team","symbol":"BTCUSDT","side":"sell","price":63918.77470921819,"quantity":0.003130106863283568,"notional_usd":200.07259541,"fee_usd":0.12004355724600001,"balance_before_usd":9996.459234147225,"balance_after_usd":9996.29716799516,"decision":"ALLOW","cert_hash":"e72a37aa1ed1d6e38182554618a5156c790dce676aaf5d8fb4066af8e33eb00b","prev_hash":"05f40e4b8600b2c0354e12c08b287e27940297491cc2d8e0fa91d4b2a20903a8","record_hash":"1f8143e22769dfa78a6a4f3b027f20c0321131d8d82c7b7e58c4fab95ffb03f1","signature_hex":"887c1ac3bcb42562c59115190b7c90ea62ab6d79247cf399764ec44ff83b11b56f12fa9aad7dc9e7923316ab2543aac7462bad853287fd3e746d2be2fc7cff0b","public_key_hex":"c2f8243b0d573587f285c830a868acd19249d17d59ecbf9329e796dfed6fb630"}
{"seq":18,"ts":1781492400000,"agent_id":"persona-team","symbol":"BTCUSDT","side":"buy","price":65898.85492062959,"quantity":0.003119454944514475,"notional_usd":205.56850882,"fee_usd":0.123341105292,"balance_before_usd":9993.122576231257,"balance_after_usd":9992.9560153253,"decision":"ALLOW","cert_hash":"92e6c5de6119f20834a3e383e5147dd625be4fbbf20116cdf0de23d8064ac0cd","prev_hash":"1f8143e22769dfa78a6a4f3b027f20c0321131d8d82c7b7e58c4fab95ffb03f1","record_hash":"dc59b0202518482e67ecb5908a15ff25e318817a7b78931b28210a9b76f508f8","signature_hex":"bd5a7fbb4211b8e1ea72f37ee0d17cde79275bec694466d42dfcf874653f53b252db4e5d469d5c02d5061d731e65a3160c4de5c071dcf82d49355ae34af70f0b","public_key_hex":"c2f8243b0d573587f285c830a868acd19249d17d59ecbf9329e796dfed6fb630"}
{"seq":19,"ts":1781733600000,"agent_id":"persona-team","symbol":"BTCUSDT","side":"sell","price":64253.25633105352,"quantity":0.0033468730918788906,"notional_usd":215.04749468,"fee_usd":0.129028496808,"balance_before_usd":9990.545584093166,"balance_after_usd":9990.371226655197,"decision":"ALLOW","cert_hash":"5d0701a41b6215ada828e69169a3609142e63cb9217059d6df3c26609094dd39","prev_hash":"dc59b0202518482e67ecb5908a15ff25e318817a7b78931b28210a9b76f508f8","record_hash":"6767a22d56e4bbcdb6e75d860cdb0efb1432507db00d46d12e8129f17a602341","signature_hex":"47dc2a21b521b8afa6b8de483437d9209a1d410c2bfe0b712fb8b444d37640404c9f0ed506758aa7aab0495636d66df56ca8612ffa8f917fc886e016e5270909","public_key_hex":"c2f8243b0d573587f285c830a868acd19249d17d59ecbf9329e796dfed6fb630"}
