{"seq":0,"ts":1778850000000,"agent_id":"persona-team","symbol":"BTCUSDT","side":"sell","price":78714.82306356981,"quantity":0.0030061848608729947,"notional_usd":236.63130942,"fee_usd":0.141978785652,"balance_before_usd":10000.0,"balance_after_usd":9999.807887260526,"decision":"ALLOW","cert_hash":"ae9c53ed8660a207c8a1fb845b045c4cceb0100b8749f0ceedcb0bd320b298ca","prev_hash":"0000000000000000000000000000000000000000000000000000000000000000","record_hash":"80a535a176fccdab07d476ff812a09b293b16467b654901956cb8fb15f81ab62","signature_hex":"874ca706ef8a0709709606798d34952b34e76a412b8fcbc4a45e7b25dde3c13c2fab2ea62e393a5070441706c86446731f557b347cf126556a58a6c533bdf702","public_key_hex":"c2f8243b0d573587f285c830a868acd19249d17d59ecbf9329e796dfed6fb630"}
{"seq":1,"ts":1778925600000,"agent_id":"persona-team","symbol":"BTCUSDT","side":"buy","price":77978.20679456287,"quantity":0.003005548497510994,"notional_usd":234.36728227,"fee_usd":0.140620369362,"balance_before_usd":10002.193226075933,"balance_after_usd":10002.002993734974,"decision":"ALLOW","cert_hash":"8f366c03ef70dec79e3d1358ed17774b9d6d3c0063e846257cfe8bc24777815b","prev_hash":"80a535a176fccdab07d476ff812a09b293b16467b654901956cb8fb15f81ab62","record_hash":"ccdec9a182a61923021543fa7baa355b7e33f87a05b3b2adf3b6c5033f06cb3e","signature_hex":"e21a5120b221e5c6f09a14beea267e6a7aba5122d97fc4c8b85fb1dea641c9befcaee012115a56d0df3a2a0733ae1c0f6aabf734b46897bfa2a66c563ecfd102","public_key_hex":"c2f8243b0d573587f285c830a868acd19249d17d59ecbf9329e796dfed6fb630"}
{"seq":2,"ts":1779937200000,"agent_id":"persona-team","symbol":"BTCUSDT","side":"sell","price":73217.3975350013,"quantity":0.0031955069162100864,"notional_usd":233.96670021,"fee_usd":0.140380020126,"balance_before_usd":10002.006073590192,"balance_after_usd":10001.816155335944,"decision":"ALLOW","cert_hash":"394aabfe9505e061a879bec9fde7025e196b5043b4d3d4399fd92527317ea9e9","prev_hash":"ccdec9a182a61923021543fa7baa355b7e33f87a05b3b2adf3b6c5033f06cb3e","record_hash":"2e7e4048fc6be6a500ed356e6071504b9f80cfbd4341881e520c02120066ace9","signature_hex":"2957fdf930ee1293c1d3d67cf2bcdfab18b02558c82939f26691508f7246b7a30ef7dc6f43c89b55b89d0b4f22c591870cd0c4da77cc70dc5fdcbaab2b29ed00","public_key_hex":"c2f8243b0d573587f285c830a868acd19249d17d59ecbf9329e796dfed6fb630"}
{"seq":3,"ts":1779987600000,"agent_id":"persona-team","symbol":"BTCUSDT","side":"buy","price":73527.76686635605,"quantity":0.0031954666109614725,"notional_usd":234.955524,"fee_usd":0.1409733144,"balance_before_usd":10000.967546793316,"balance_after_usd":10000.776830077239,"decision":"ALLOW","cert_hash":"5695f3b0f3cbe50e8de348f4eaa26231e1cb7fd73ec27681c17604a8428eb76d","prev_hash":"2e7e4048fc6be6a500ed356e6071504b9f80cfbd4341881e520c02120066ace9","record_hash":"7b8d5c56b09d595074733f7bde8d3b9f2c5c8694bb33d673c0b98fef504c8466","signature_hex":"69662af4ff342db889046c0222a8f4aa3bbeb2bee0a5fecc7ab5a234db7c05a8c691e6105377f192b40ee0cb3a111f71580a5e98140563cac78f4e5289e32006","public_key_hex":"c2f8243b0d573587f285c830a868acd19249d17d59ecbf9329e796dfed6fb630"}
{"seq":4,"ts":1780326000000,"agent_id":"persona-team","symbol":"BTCUSDT","side":"sell","price":71113.3490744203,"quantity":0.003661508276561542,"notional_usd":260.38211621,"fee_usd":0.156229269726,"balance_before_usd":10000.77846246914,"balance_after_usd":10000.566757960007,"decision":"ALLOW","cert_hash":"5f8cfd801386c5b0cc4ec4a34653227626a661ebbde55c8df20e55e6ea436162","prev_hash":"7b8d5c56b09d595074733f7bde8d3b9f2c5c8694bb33d673c0b98fef504c8466","record_hash":"574ed552c545c038e3a0eb92f80cf6ae73d4ded708be6909a07d51e987deb66d","signature_hex":"b85ff428737545a27d51a73b1e9e3b601a0916364330f6345fb95cc60fd588eaddfc7c779af6ecb946a8ae59237b1b27923d5beabb35f463a6647c7770206e03","public_key_hex":"c2f8243b0d573587f285c830a868acd19249d17d59ecbf9329e796dfed6fb630"}
{"seq":5,"ts":1780480800000,"agent_id":"persona-team","symbol":"BTCUSDT","side":"buy","price":67276.38159650612,"quantity":0.003661407527493906,"notional_usd":246.32625,"fee_usd":0.14779575,"balance_before_usd":10014.8498531047,"balance_after_usd":10014.64976660975,"decision":"ALLOW","cert_hash":"5a687a07378df78be5627149da85bb639c2e22a86252579c675dd8cebf3fd39e","prev_hash":"574ed552c545c038e3a0eb92f80cf6ae73d4ded708be6909a07d51e987deb66d","record_hash":"acff50b97150d4701cedb5b188fe95998c7d655516ef7781a8fc3586bc9f4c6f","signature_hex":"cc4569c76c15a5cfb90bb6450e0dd71cf74cab9132079bd4371ad748e11224f2d4e9ad93ab0cdd7742c150108f154d651403d12a62beafa97f10a9fc8940fe09","public_key_hex":"c2f8243b0d573587f285c830a868acd19249d17d59ecbf9329e796dfed6fb630"}
{"seq":6,"ts":1780516800000,"agent_id":"persona-team","symbol":"BTCUSDT","side":"sell","price":64959.314779450106,"quantity":0.003276023117277738,"notional_usd":212.8082169,"fee_usd":0.12768493014,"balance_before_usd":10014.651551331455,"balance_after_usd":10014.47903330243,"decision":"ALLOW","cert_hash":"6728be89308431e987f9b87fa0e62d01f50040e2ec2cd9d1e7ec8ea65752b24e","prev_hash":"acff50b97150d4701cedb5b188fe95998c7d655516ef7781a8fc3586bc9f4c6f","record_hash":"15d23529565f27d3cefa186681262b0d130e5d8e018bc602619b3d3651fb7962","signature_hex":"876ca42a786c6e1cdcf364fd802cb720f4af926d763d21af0dda897cc9ed7bad02776a1d0dbda5f227e49a56954f32652ea464bc9ab8d138d5bee9d6eb04e80d","public_key_hex":"c2f8243b0d573587f285c830a868acd19249d17d59ecbf9329e796dfed6fb630"}
{"seq":7,"ts":1780534800000,"agent_id":"persona-team","symbol":"BTCUSDT","side":"sell","price":62130.04448819165,"quantity":0.0032508860102037685,"notional_usd":201.97769244,"fee_usd":0.12118661546399999,"balance_before_usd":10023.768856469334,"balance_after_usd":10023.605227873175,"decision":"ALLOW","cert_hash":"a346b2c3f5e31b349d4f9760f687a3d39b78007071ac886cda7098914832fc04","prev_hash":"15d23529565f27d3cefa186681262b0d130e5d8e018bc602619b3d3651fb7962","record_hash":"4d1ae60017606a9bc90ab7a8d19bf65b183272178ffeaef5b412296e353c5c26","signature_hex":"d53ff95eeda4607077f46bc66a55695c2b8dc7c9d4f4e4fe7cc2d61ee2cda41f14b8fd7a941ae88789ab764ee8e9406ea7af0988b8c1f9d8641027dbf406ca06","public_key_hex":"c2f8243b0d573587f285c830a868acd19249d17d59ecbf9329e796dfed6fb630"}
{"seq":8,"ts":1780538400000,"agent_id":"persona-team","symbol":"BTCUSDT","side":"buy","price":63207.290549076206,"quantity":0.003259887958019923,"notional_usd":206.04868532,"fee_usd":0.123629211192,"balance_before_usd":10016.745282082868,"balance_after_usd":10016.578327170786,"decision":"ALLOW","cert_hash":"8ef031abb116409f9b0ad9174824716d7b3fec5d39a540e94c3e8c8486ebde59","prev_hash":"4d1ae60017606a9bc90ab7a8d19bf65b183272178ffeaef5b412296e353c5c26","record_hash":"a5d87470d2d9300efcda3cd5dd711ba2e3deb7dc3337421db3fbdfa6fe3d6db2","signature_hex":"0fa2190f5b02790d359ed0540da8ac5c7c0be5555a42282ba24abf5745e0461c3f53f0ac13a5075682c515b29f114badc35a92b29d153d1a64d932d57130930f","public_key_hex":"c2f8243b0d573587f285c830a868acd19249d17d59ecbf9329e796dfed6fb630"}
{"seq":9,"ts":1780574400000,"agent_id":"persona-team","symbol":"BTCUSDT","side":"buy","price":63755.31294195937,"quantity":0.0032671111025621537,"notional_usd":208.29569076,"fee_usd":0.124977414456,"balance_before_usd":10014.778547870632,"balance_after_usd":10014.60974888458,"decision":"ALLOW","cert_hash":"909b9842354ff56a1e6dadb7c8eddf905915629b3bff9067ccee0deb1d587011","prev_hash":"a5d87470d2d9300efcda3cd5dd711ba2e3deb7dc3337421db3fbdfa6fe3d6db2","record_hash":"c1c8008ef8747de7a16135197076d8fc7bb4ed76399e35498e05ce5d5830a511","signature_hex":"76112ef63cf255bdcf7ce4e9bf2166c5a7b921d540dc3cf69dbf021f0fc9f14d5da6fe33c8921a6206996a073e142135059ce26a9ff8faf7fe997282476d7606","public_key_hex":"c2f8243b0d573587f285c830a868acd19249d17d59ecbf9329e796dfed6fb630"}
{"seq":10,"ts":1780664400000,"agent_id":"persona-team","symbol":"BTCUSDT","side":"sell","price":60686.77934423653,"quantity":0.005871132655746018,"notional_usd":356.30013198,"fee_usd":0.213780079188,"balance_before_usd":10014.611843695242,"balance_after_usd":10014.320443392271,"decision":"ALLOW","cert_hash":"5640128c82848fe9094b8e04e132a0dffbd655d22c5dc4c9cbe6ed25a77fb4d7","prev_hash":"c1c8008ef8747de7a16135197076d8fc7bb4ed76399e35498e05ce5d5830a511","record_hash":"9356d53aa99616820cb1a6f4ad239dcb8407970a2ab06868231fb7fa94ecd3c7","signature_hex":"443b32e6e2992abae287ab8acf3e795973dab1d13347cf895439c93f0b90c6fb4b24610d822352d896afe3888d1ac0254622e3475bb7e41a7366ce31bbe5bc02","public_key_hex":"c2f8243b0d573587f285c830a868acd19249d17d59ecbf9329e796dfed6fb630"}
{"seq":11,"ts":1780675200000,"agent_id":"persona-team","symbol":"BTCUSDT","side":"buy","price":61373.38210007883,"quantity":0.0037671548966127944,"notional_usd":231.2030369,"fee_usd":0.13872182214,"balance_before_usd":10010.453862585811,"balance_after_usd":10010.266235181789,"decision":"ALLOW","cert_hash":"c86a46eb48dd60fdb6b66875976b37acf85b781ccd6997a183cd1db220758279","prev_hash":"9356d53aa99616820cb1a6f4ad239dcb8407970a2ab06868231fb7fa94ecd3c7","record_hash":"5be590d5a92d571f65e0c5acaa67c8f1dce11c5ec4a525a6e8989c4f8e6619b1","signature_hex":"0b9c9750cd766e902735ca535dcdef98927751caca11a67d395dcee69fac1f2e539295da0ccfbb6443d24cc227bcf91372177b84de1484319b4557d5e4677d0d","public_key_hex":"c2f8243b0d573587f285c830a868acd19249d17d59ecbf9329e796dfed6fb630"}
{"seq":12,"ts":1780682400000,"agent_id":"persona-team","symbol":"BTCUSDT","side":"sell","price":59354.59866124208,"quantity":0.005270243523932101,"notional_usd":312.81318921,"fee_usd":0.187687913526,"balance_before_usd":10014.460833012505,"balance_after_usd":10014.205678926295,"decision":"ALLOW","cert_hash":"36673564793cf6008ca9ab1191c800201a318e5cf52a511688f703b7de9341a7","prev_hash":"5be590d5a92d571f65e0c5acaa67c8f1dce11c5ec4a525a6e8989c4f8e6619b1","record_hash":"7f907dc3f27f9f35dd94a2ff97c32e16b4760ceca7ac88a3e5b4a701749c1fde","signature_hex":"f3c60c60fe1f918eada90ef173ebba2a69ee9a64c0d1b9108c305fdb9c96610d26a4319e5fcc8eb4b216fd9339be694568ad55598b395a6c874eddb561362004","public_key_hex":"c2f8243b0d573587f285c830a868acd19249d17d59ecbf9329e796dfed6fb630"}
{"seq":13,"ts":1780689600000,"agent_id":"persona-team","symbol":"BTCUSDT","side":"buy","price":61594.31881314849,"quantity":0.0047554771076950796,"notional_usd":292.91037308,"fee_usd":0.175746223848,"balance_before_usd":9997.879843387364,"balance_after_usd":9997.641235400197,"decision":"ALLOW","cert_hash":"17f6af140b2074304d04234806e540d75c174d0ffc3f0e8a5153384b860f97a9","prev_hash":"7f907dc3f27f9f35dd94a2ff97c32e16b4760ceca7ac88a3e5b4a701749c1fde","record_hash":"9f0758b943a2639444dc78b3f7d9fe9b97a37e36abacd612a042ca4397cd0f0d","signature_hex":"54b2e2e222b6fe663d13b91ad90a2c4711fcb8a4d1f2b09736c6930ada350aba5eabaa3c8b42de65e9bb4f4670badf057c7ed2d251804b32ead94adbbea64a02","public_key_hex":"c2f8243b0d573587f285c830a868acd19249d17d59ecbf9329e796dfed6fb630"}
{"seq":14,"ts":1780754400000,"agent_id":"persona-team","symbol":"BTCUSDT","side":"buy","price":60774.43625085612,"quantity":0.004242181477353781,"notional_usd":257.81618776,"fee_usd":0.15468971265599998,"balance_before_usd":9999.784592860358,"balance_after_usd":9999.575025223936,"decision":"ALLOW","cert_hash":"6254f9879cf6da815e73f1e0eed577f87905ed8faaf7af1b1e037b39d97e2f0c","prev_hash":"9f0758b943a2639444dc78b3f7d9fe9b97a37e36abacd612a042ca4397cd0f0d","record_hash":"5c69f3b872ae61de5099a2bf369a263a842bb5d2f863ef948ea073491430acb1","signature_hex":"eb9880baa2587f27de7192f033d31a5d80f958020778a60c6fce29f0eebd70210083306051771811051dce422fad562df4846be5ba7ab30c5f082ba105c0d30b","public_key_hex":"c2f8243b0d573587f285c830a868acd19249d17d59ecbf9329e796dfed6fb630"}
{"seq":15,"ts":1781013600000,"agent_id":"persona-team","symbol":"BTCUSDT","side":"sell","price":61509.08674684108,"quantity":0.0037499355051283665,"notional_usd":230.65510828,"fee_usd":0.138393064968,"balance_before_usd":10000.807654562863,"balance_after_usd":10000.620462637837,"decision":"ALLOW","cert_hash":"dacaba254d642e96d1a15b014569cd388325a8a88193a5e88c1758ba75a49761","prev_hash":"5c69f3b872ae61de5099a2bf369a263a842bb5d2f863ef948ea073491430acb1","record_hash":"7e111b19c5f9f1832a36d6d1a12e137b1ba00205140eefc8ee67e7b8181a307b","signature_hex":"644a93836b946538c953db7bbc206ec930035fe98bffa6c8bec62beeb17c105976b9abfda29d227487024287108a651db08f9b8b9fa2488db2977f1840391206","public_key_hex":"c2f8243b0d573587f285c830a868acd19249d17d59ecbf9329e796dfed6fb630"}
{"seq":16,"ts":1781197200000,"agent_id":"persona-team","symbol":"BTCUSDT","side":"buy","price":63623.25875526804,"quantity":0.0036376285927170746,"notional_usd":231.43778521,"fee_usd":0.13886267112599998,"balance_before_usd":9996.167064886937,"balance_after_usd":9995.979244262824,"decision":"ALLOW","cert_hash":"392af59ac30ecb590ab8cc29c51f8e18664bd81e46957867a5a51163ed00769f","prev_hash":"7e111b19c5f9f1832a36d6d1a12e137b1ba00205140eefc8ee67e7b8181a307b","record_hash":"be3665ee349fbdbac370478f3b623450c04b7902032e2e15eae66389533814c4","signature_hex":"524c27f268cb6381cc75e1be725a7805a39681b7df73ef54deaa4de4727be874c1cadef244e91907593abca6051da9bf4733dbc70f5e5166efb20a9a4caec60b","public_key_hex":"c2f8243b0d573587f285c830a868acd19249d17d59ecbf9329e796dfed6fb630"}
{"seq":17,"ts":1781348400000,"agent_id":"persona-team","symbol":"BTCUSDT","side":"sell","price":63918.77470921406,"quantity":0.0031301068834656337,"notional_usd":200.0725967,"fee_usd":0.12004355802,"balance_before_usd":9996.459298481723,"balance_after_usd":9996.297232328601,"decision":"ALLOW","cert_hash":"1d72784113f4ea9c4a532455e1ae632d514e4322bcfda9c81f999ccfab272d1e","prev_hash":"be3665ee349fbdbac370478f3b623450c04b7902032e2e15eae66389533814c4","record_hash":"a1d9612a0025ca831ac2cf08398b2bed43d479fecc785c78ed9371abcf1fe1cf","signature_hex":"530470c6f9711182fe3e2865de85102257b179b86d709e5cb1345a52582dba2d0bb585fe6a83ebf6a01eee105e991490e5178782f8d30c37fec3d0b42fee650f","public_key_hex":"c2f8243b0d573587f285c830a868acd19249d17d59ecbf9329e796dfed6fb630"}
{"seq":18,"ts":1781492400000,"agent_id":"persona-team","symbol":"BTCUSDT","side":"buy","price":65898.85492063392,"quantity":0.0031194549645449667,"notional_usd":205.56851014,"fee_usd":0.12334110608400001,"balance_before_usd":9993.12264054435,"balance_after_usd":9992.956079637312,"decision":"ALLOW","cert_hash":"782b03ccd2672e4ce130003e6c8e04114069f17222ee2deb22cfd4195c9979de","prev_hash":"a1d9612a0025ca831ac2cf08398b2bed43d479fecc785c78ed9371abcf1fe1cf","record_hash":"2f0afc870b06e8dc85a899f48ea9f34d9f0e0019c82507848acff5e7032df8db","signature_hex":"5a1ef124ebc2f60bcd9cceb129c98ff198bbf143c139a877a6206b3a46b86e8be3bbea499817d2fe3f8c4c24eccf33dc3a1029a7df674e46bf966ddf10869d01","public_key_hex":"c2f8243b0d573587f285c830a868acd19249d17d59ecbf9329e796dfed6fb630"}
{"seq":19,"ts":1781733600000,"agent_id":"persona-team","symbol":"BTCUSDT","side":"sell","price":64253.25633104906,"quantity":0.003346873113512268,"notional_usd":215.04749607,"fee_usd":0.129028497642,"balance_before_usd":9990.545648389667,"balance_after_usd":9990.371290950554,"decision":"ALLOW","cert_hash":"f57b630e26a1aff3d480fc4bb952cf633fc3e6031a9365fcdd6eb20fcb99d6ee","prev_hash":"2f0afc870b06e8dc85a899f48ea9f34d9f0e0019c82507848acff5e7032df8db","record_hash":"0592ded6beeb51598f31076d86abb8ce2e3d8a8f4c724860df600a52ae798e08","signature_hex":"285cd35d6a83302e68d319db65dfb623f6882d42d5afa062216c87b9c7a04d31a625c55e267df1e7b2a39943c9c79b4bcea00d5aa40eb72f751f0fbdff117d06","public_key_hex":"c2f8243b0d573587f285c830a868acd19249d17d59ecbf9329e796dfed6fb630"}
