{"seq":0,"ts":1778407200000,"agent_id":"persona-team","symbol":"BTCUSDT","side":"sell","price":80823.96376214425,"quantity":0.00449613398743263,"notional_usd":363.39537047,"fee_usd":0.21803722228199998,"balance_before_usd":10000.0,"balance_after_usd":9999.702667889283,"decision":"ALLOW","cert_hash":"21a2beef8b1121c08ad1a1049a4d130f88789ed6f5a6b7aadcc4cbbd722b472e","prev_hash":"0000000000000000000000000000000000000000000000000000000000000000","record_hash":"9497764500a208663205cf12bb657aa45b4057ef0f92d1733b737135085dd2d6","signature_hex":"dc5cea8b18411d69fc44542cfcbfb4b18647d74e8adb7876df7de602d32c44bdcefc57b4df040373654356c3672c98b4ec64c97f484d173f05c485efc363c406","public_key_hex":"c2f8243b0d573587f285c830a868acd19249d17d59ecbf9329e796dfed6fb630"}
{"seq":1,"ts":1778410800000,"agent_id":"persona-team","symbol":"BTCUSDT","side":"buy","price":80806.62531301011,"quantity":0.0029609683633388595,"notional_usd":239.2658611,"fee_usd":0.14355951666,"balance_before_usd":9999.93691647003,"balance_after_usd":9999.742649443333,"decision":"ALLOW","cert_hash":"73f08b7b5297356321b139d215da54b38e07054900b68d7f4103648606b02a68","prev_hash":"9497764500a208663205cf12bb657aa45b4057ef0f92d1733b737135085dd2d6","record_hash":"4831c29d336eb1884f1c3c817554d9d5351702b264fca719bd8f7f5160fe75dd","signature_hex":"d12df486c1b55ba357328770cc8bef16b79e77a86aa17470b29eecffa11a35d43ce0a5e862c4ed3a78bc9a5c7db6a8e3620afe3bcac835fc8e057536f0013200","public_key_hex":"c2f8243b0d573587f285c830a868acd19249d17d59ecbf9329e796dfed6fb630"}
{"seq":2,"ts":1778414400000,"agent_id":"persona-team","symbol":"BTCUSDT","side":"sell","price":80873.00715144743,"quantity":0.002493921667612804,"notional_usd":201.69094486,"fee_usd":0.12101456691600002,"balance_before_usd":9999.58836529811,"balance_after_usd":9999.424971897995,"decision":"ALLOW","cert_hash":"8b35e0c3eafc35766fc568df1c7ad182f77b200c006d8d3774547e2e934f0dfe","prev_hash":"4831c29d336eb1884f1c3c817554d9d5351702b264fca719bd8f7f5160fe75dd","record_hash":"aade4018d018ce1405134f246213119c1231a749ffcad02d21104303ad2de949","signature_hex":"dfd899a86229b853e5164c7db3cb309291c707c023b3cef3753d474f06167870e59c894ce6432fd7996b6a6017ca072db33300e4f3ff4c0c0de7810b3c3d100e","public_key_hex":"c2f8243b0d573587f285c830a868acd19249d17d59ecbf9329e796dfed6fb630"}
{"seq":3,"ts":1778425200000,"agent_id":"persona-team","symbol":"BTCUSDT","side":"buy","price":81381.60739514373,"quantity":0.004028215574660204,"notional_usd":327.8226584,"fee_usd":0.19669359504,"balance_before_usd":9997.515184521726,"balance_after_usd":9997.247564543339,"decision":"ALLOW","cert_hash":"6d616672714e0ad70a7a242e8a3bf434616c2ce116b3df860f6488bc02eb9313","prev_hash":"aade4018d018ce1405134f246213119c1231a749ffcad02d21104303ad2de949","record_hash":"91e9639c6efab92a85cbe55e17b7c506e3c759bcd492126c14547bcf2daa42e1","signature_hex":"95cee280e2ad65faf2bc4c454b52feaf6b255d8e22ea11f019c957349d95b241804924b977095d1e17674d69b1f546d39a82e1b07752aa973497e37ecd69e004","public_key_hex":"c2f8243b0d573587f285c830a868acd19249d17d59ecbf9329e796dfed6fb630"}
{"seq":4,"ts":1778850000000,"agent_id":"persona-team","symbol":"BTCUSDT","side":"sell","price":78714.82358986977,"quantity":0.0030044861993495735,"notional_usd":236.49760116,"fee_usd":0.14189856069600001,"balance_before_usd":9997.249871048876,"balance_after_usd":9997.05786844409,"decision":"ALLOW","cert_hash":"8a3e4c440651297b8c8d42b5dbb8ba9b05fe09878b649df4171d3f93ff453d0a","prev_hash":"91e9639c6efab92a85cbe55e17b7c506e3c759bcd492126c14547bcf2daa42e1","record_hash":"ea11f1adf4fc77df573b525f2f1707ed31c14beb7f1db90805a7168be69589c9","signature_hex":"f59a10315091aa8bb593f4c7ad5e7c1c9d0ac741c649e9b006f4ec95e8d5cd09a42733aa22599e60dc612460b9858c4116ec87297f247e1f9affc3eae9a3ff09","public_key_hex":"c2f8243b0d573587f285c830a868acd19249d17d59ecbf9329e796dfed6fb630"}
{"seq":5,"ts":1778925600000,"agent_id":"persona-team","symbol":"BTCUSDT","side":"buy","price":77978.2065432282,"quantity":0.003004721737734649,"notional_usd":234.30281227,"fee_usd":0.140581687362,"balance_before_usd":9999.442551097998,"balance_after_usd":9999.252371841385,"decision":"ALLOW","cert_hash":"f504168143498b096d67b18d8454ca8a64ace139b5815fe26eec7e1a70c5df89","prev_hash":"ea11f1adf4fc77df573b525f2f1707ed31c14beb7f1db90805a7168be69589c9","record_hash":"d6decc3f6c5b64cc97965585909230ec9a70aaf26019a6be684ff4b29fac2f7b","signature_hex":"c7e26eb594718430fdc6925be691efed638a35e8b90d0330a3c83ed08ade921d73461e75be4162f14cfdd3fddc23baed283f6a828e30c7e6e185eb50a50b320e","public_key_hex":"c2f8243b0d573587f285c830a868acd19249d17d59ecbf9329e796dfed6fb630"}
{"seq":6,"ts":1779937200000,"agent_id":"persona-team","symbol":"BTCUSDT","side":"sell","price":73217.39777057458,"quantity":0.00319462812845287,"notional_usd":233.90235841,"fee_usd":0.140341415046,"balance_before_usd":9999.255450802686,"balance_after_usd":9999.065585529463,"decision":"ALLOW","cert_hash":"a917de29497fc17265e96256bbf2878ee8ca77258926fd78af41c143e9178ab0","prev_hash":"d6decc3f6c5b64cc97965585909230ec9a70aaf26019a6be684ff4b29fac2f7b","record_hash":"8672e87680291db9b16688a94867dc6bc3545e9040567a28cfca5be8a009cf7c","signature_hex":"d26ab374ee2428d6d1901943ac8357b51b283487c48498c0b7149d39904271de13cecc51f58fc47ff01f89eeb3b342aa15a230701e7321fdbf90bbaf55388204","public_key_hex":"c2f8243b0d573587f285c830a868acd19249d17d59ecbf9329e796dfed6fb630"}
{"seq":7,"ts":1779987600000,"agent_id":"persona-team","symbol":"BTCUSDT","side":"buy","price":73527.76662883202,"quantity":0.003194587834902272,"notional_usd":234.8909088,"fee_usd":0.14093454528,"balance_before_usd":9998.217210362962,"balance_after_usd":9998.026546854584,"decision":"ALLOW","cert_hash":"52866c7152e4188626043de0db933d83b76119b083f644109d533963f31648da","prev_hash":"8672e87680291db9b16688a94867dc6bc3545e9040567a28cfca5be8a009cf7c","record_hash":"be9d4fe0cac3d29755ce53271a1e37b87ad1eee1fc7c40de178337147580ece1","signature_hex":"2ba7691dcf1ad56c8861fe6b2c50a7d207b2982c025ec81b5163d1c55957410622a611f280aa3976f490d2966e115092e931d9aa0b280222b767b93fd2a85503","public_key_hex":"c2f8243b0d573587f285c830a868acd19249d17d59ecbf9329e796dfed6fb630"}
{"seq":8,"ts":1780326000000,"agent_id":"persona-team","symbol":"BTCUSDT","side":"sell","price":71113.34932905677,"quantity":0.003660501333518792,"notional_usd":260.31051005,"fee_usd":0.15618630603000003,"balance_before_usd":9998.028178772693,"balance_after_usd":9997.81653341547,"decision":"ALLOW","cert_hash":"1ffae15255400b23a3c7a49635a9babf5854eadc23070b6b01c53b2974ae5c16","prev_hash":"be9d4fe0cac3d29755ce53271a1e37b87ad1eee1fc7c40de178337147580ece1","record_hash":"a1c1916196c28760aa3f7372f38176d57f6a8643dcbbc7de1e7031cc22101db1","signature_hex":"f8ba4226b147bf01e60d89fc42310b281a75f49a0ad4f18adff26defebef065c7114eb986126f23a4485ff21e689c20818ae6904f2c5779bbe8fd2501b320103","public_key_hex":"c2f8243b0d573587f285c830a868acd19249d17d59ecbf9329e796dfed6fb630"}
{"seq":9,"ts":1780480800000,"agent_id":"persona-team","symbol":"BTCUSDT","side":"buy","price":67276.38136865884,"quantity":0.0036604006143041634,"notional_usd":246.25850769,"fee_usd":0.147755104614,"balance_before_usd":10012.095700558524,"balance_after_usd":10011.895669923299,"decision":"ALLOW","cert_hash":"730aa6dd3a6441cdf66a4beaeee576e1beeab4e607e6c8bf90ff445a3c7f71d7","prev_hash":"a1c1916196c28760aa3f7372f38176d57f6a8643dcbbc7de1e7031cc22101db1","record_hash":"37729ab3cea808bdd229a63fddf1074241861822e71ff52c483577e935cda87f","signature_hex":"82658b7ce49dc82b4bfbe8c9248487f8443bc639b7b12ed6aed7eea712d70f9cd2f879049b5057b14c953564b9a35091aab9e761c9b23e1415e2233702e3b60f","public_key_hex":"c2f8243b0d573587f285c830a868acd19249d17d59ecbf9329e796dfed6fb630"}
{"seq":10,"ts":1780516800000,"agent_id":"persona-team","symbol":"BTCUSDT","side":"sell","price":64959.31496955152,"quantity":0.003275122191478197,"notional_usd":212.749694,"fee_usd":0.1276498164,"balance_before_usd":10011.897454125598,"balance_after_usd":10011.724984162285,"decision":"ALLOW","cert_hash":"b3984ca6ef3180cea83a725868e31b04d7fff7dc9b44bd687b45ad3b1aad18ae","prev_hash":"37729ab3cea808bdd229a63fddf1074241861822e71ff52c483577e935cda87f","record_hash":"49c75f3339ce2e90d04c9a0f7987ebebaeb5a9c74975809f766258232bfd1f9b","signature_hex":"d89539a40051382716816287e6159c1e83c4355f6b2124b74834d8cf35800a0023837d2230fc97caa6280048fec53e80f5b9a938d6ebcd63d1c553643b04ce00","public_key_hex":"c2f8243b0d573587f285c830a868acd19249d17d59ecbf9329e796dfed6fb630"}
{"seq":11,"ts":1780534800000,"agent_id":"persona-team","symbol":"BTCUSDT","side":"sell","price":62130.0446607601,"quantity":0.00324999199553979,"notional_usd":201.92214783,"fee_usd":0.121153288698,"balance_before_usd":10021.01225253737,"balance_after_usd":10020.848669500643,"decision":"ALLOW","cert_hash":"c3120990b3df6908669033e2269faa765222fe82b8d11515ed122792be01f601","prev_hash":"49c75f3339ce2e90d04c9a0f7987ebebaeb5a9c74975809f766258232bfd1f9b","record_hash":"1f06ab8770218b01ec639565eb326baf9b95f7e44313b32383160012d5c69aad","signature_hex":"a06b6fabed352b6f1ea8b405be79d1def7611c91a71df252967f6e2b9112f835f30de35bf8861e3d279ca65ece568a0778b722b7b5ee22b86288c8711f0a4b02","public_key_hex":"c2f8243b0d573587f285c830a868acd19249d17d59ecbf9329e796dfed6fb630"}
{"seq":12,"ts":1780538400000,"agent_id":"persona-team","symbol":"BTCUSDT","side":"buy","price":63207.2903700128,"quantity":0.003258991467030645,"notional_usd":205.99201997,"fee_usd":0.123595211982,"balance_before_usd":10013.990610251036,"balance_after_usd":10013.823701836587,"decision":"ALLOW","cert_hash":"bde0870d75bf0edfeb9fa95ebe2a292982938285ecb14e0b68eeaf507c0d819e","prev_hash":"1f06ab8770218b01ec639565eb326baf9b95f7e44313b32383160012d5c69aad","record_hash":"955c367aa66bd4ff2f3b908821b0bf87c775b9f170e7c8cd5755a483a1ae14af","signature_hex":"f32ca987b21f4625eae56e940b4d4fa871d9387f88ce486c4a93cc33daf91191d2107c71f2ab06f19cc29ea5b2490a65197b8afe8f84eb77791f5c23482c7105","public_key_hex":"c2f8243b0d573587f285c830a868acd19249d17d59ecbf9329e796dfed6fb630"}
{"seq":13,"ts":1780574400000,"agent_id":"persona-team","symbol":"BTCUSDT","side":"buy","price":63755.31275937379,"quantity":0.0032662126252275847,"notional_usd":208.23840746,"fee_usd":0.124943044476,"balance_before_usd":10012.024417492876,"balance_after_usd":10011.855665524394,"decision":"ALLOW","cert_hash":"ddfc882811a9c3afd68014d5e80649e562dbb9c812e4c9852bbf39aaa4694eba","prev_hash":"955c367aa66bd4ff2f3b908821b0bf87c775b9f170e7c8cd5755a483a1ae14af","record_hash":"d275dcde588c18a593dd4cb7ed12714b0089d1981cc0081a1d6a4c8349cfff1c","signature_hex":"7d448477c2a63f4bf249fd2e96ffd68a3c796f9258303cfd5cf40ab8dc004099bcaa3d789ee87b015250e4b2ecf2f31f419a2fe7502f1207090dc9976a81aa07","public_key_hex":"c2f8243b0d573587f285c830a868acd19249d17d59ecbf9329e796dfed6fb630"}
{"seq":14,"ts":1780664400000,"agent_id":"persona-team","symbol":"BTCUSDT","side":"sell","price":60686.77964158917,"quantity":0.005869518036279052,"notional_usd":356.20214767,"fee_usd":0.21372128860200001,"balance_before_usd":10011.857759730541,"balance_after_usd":10011.566441309798,"decision":"ALLOW","cert_hash":"f3f4b0caa749c13b40fc053639e7b74c81c304835736f274b70cbec87997f84c","prev_hash":"d275dcde588c18a593dd4cb7ed12714b0089d1981cc0081a1d6a4c8349cfff1c","record_hash":"4249c400048fa3a9ab46b970bdd0f9e6d12577e8a8e3595fdba8305b21a764e6","signature_hex":"5b082751519a058e324e323e787f4732e2ec2ea289c63ff64021399f88a9f15fdc0910f594ed4a2ebb16c31324a7b4777f5b52f06116d01b601669df45173407","public_key_hex":"c2f8243b0d573587f285c830a868acd19249d17d59ecbf9329e796dfed6fb630"}
{"seq":15,"ts":1780675200000,"agent_id":"persona-team","symbol":"BTCUSDT","side":"buy","price":61373.3819049819,"quantity":0.0037661188871398596,"notional_usd":231.13945276,"fee_usd":0.138683671656,"balance_before_usd":10007.70092385739,"balance_after_usd":10007.51334878819,"decision":"ALLOW","cert_hash":"dcedcce74b413fde90ffdb29f5c3766c10729e63c556dce53fc247d4e3a8d67d","prev_hash":"4249c400048fa3a9ab46b970bdd0f9e6d12577e8a8e3595fdba8305b21a764e6","record_hash":"e17d88cace0984e62d4460552fb54c0ae3e6d62213b31abbb7f8b871d42afb05","signature_hex":"7b0cac6288ccf826eecdcda0689186c35aad315145a8923d9382c2a6d464b090fcc51757f8ee4cd100d8bd4b1869de927da20b11b2769b2e5aa5a333de5f4705","public_key_hex":"c2f8243b0d573587f285c830a868acd19249d17d59ecbf9329e796dfed6fb630"}
{"seq":16,"ts":1780682400000,"agent_id":"persona-team","symbol":"BTCUSDT","side":"sell","price":59354.59891657021,"quantity":0.00526879416318817,"notional_usd":312.72716433,"fee_usd":0.187636298598,"balance_before_usd":10011.706793053794,"balance_after_usd":10011.451710481537,"decision":"ALLOW","cert_hash":"6fed6dbe4ce2a323aca0922992efc218665e35b880e948b6a4635ad70a0a767f","prev_hash":"e17d88cace0984e62d4460552fb54c0ae3e6d62213b31abbb7f8b871d42afb05","record_hash":"1a8dd317dfb5ba36071d46c150ff499cfb437e0d2dd6758928e280b817c4ef47","signature_hex":"26f12d9697366d036f8341408760b14a5b49785249a2f45accdb2025b8cd11e5d882fd9d8597c3d6d89565904a8540b24d9d2733c306124088aa988c8bc2d003","public_key_hex":"c2f8243b0d573587f285c830a868acd19249d17d59ecbf9329e796dfed6fb630"}
{"seq":17,"ts":1780689600000,"agent_id":"persona-team","symbol":"BTCUSDT","side":"buy","price":61594.31856509466,"quantity":0.0047541693175893966,"notional_usd":292.82981946,"fee_usd":0.17569789167600003,"balance_before_usd":9995.130364700608,"balance_after_usd":9994.891823512336,"decision":"ALLOW","cert_hash":"17ba04438ce7badf12cfe6d8fd464d5234fe0b52f6b5641ca77682a760bacbe1","prev_hash":"1a8dd317dfb5ba36071d46c150ff499cfb437e0d2dd6758928e280b817c4ef47","record_hash":"9526166216b4616f9f50bb1ecf4afae58a155737674d8fcf1aab0dbe2a34d27e","signature_hex":"4fddf361c06faa2dcee3f668d3b48f80caf9ab6108ff9d13750428326f8a90007b83e08ba2bc6ab2ff84e157fc19e197ab044e764c25778bf2fefa9f17371307","public_key_hex":"c2f8243b0d573587f285c830a868acd19249d17d59ecbf9329e796dfed6fb630"}
{"seq":18,"ts":1780754400000,"agent_id":"persona-team","symbol":"BTCUSDT","side":"buy","price":60774.436035428414,"quantity":0.004241014847422815,"notional_usd":257.74528557,"fee_usd":0.154647171342,"balance_before_usd":9997.034591520298,"balance_after_usd":9996.825082430638,"decision":"ALLOW","cert_hash":"b1dd3a64c262a8c7427596382879a1eabbc001a523dd8073b375b71e7dbdc5bd","prev_hash":"9526166216b4616f9f50bb1ecf4afae58a155737674d8fcf1aab0dbe2a34d27e","record_hash":"c52935c187ea0c84aa06a3ebb43a8fe08f6dd563687cc6ae0869887eea321f51","signature_hex":"4d14faa02b05e65f15394bd21462edb5265efb0711ba2cd1a8e30e7d7d57bb3224ed64e3996ff9ad7f4a52a8644c5a64717f6164be40c3c6540bbf438529ca08","public_key_hex":"c2f8243b0d573587f285c830a868acd19249d17d59ecbf9329e796dfed6fb630"}
{"seq":19,"ts":1781013600000,"agent_id":"persona-team","symbol":"BTCUSDT","side":"sell","price":61509.08694194078,"quantity":0.003748904253572459,"notional_usd":230.59167767,"fee_usd":0.138355006602,"balance_before_usd":9998.057372800518,"balance_after_usd":9997.870233085205,"decision":"ALLOW","cert_hash":"4d01f907f549920ea05c99ed9990c57d81d1158501fb8a0798363aeb460df3bc","prev_hash":"c52935c187ea0c84aa06a3ebb43a8fe08f6dd563687cc6ae0869887eea321f51","record_hash":"700e7bfe6f20727734ea06353b7588aad545f990fbc8d6886e03bb3da4f668ed","signature_hex":"b594b8e116ee5a8a3530452e666d96326306e67f414b0c4a0fc9e65410e99b8ff8409a97b0f87a4a85db85c10e95908458dc3897e656430cb3d2452c1a27e90c","public_key_hex":"c2f8243b0d573587f285c830a868acd19249d17d59ecbf9329e796dfed6fb630"}
{"seq":20,"ts":1781197200000,"agent_id":"persona-team","symbol":"BTCUSDT","side":"buy","price":63623.25855281749,"quantity":0.003636628222962243,"notional_usd":231.37413769,"fee_usd":0.138824482614,"balance_before_usd":9993.418060070158,"balance_after_usd":9993.230291834529,"decision":"ALLOW","cert_hash":"0c6c414905cda9c5b534f8d50e6bfbcd386acf4a70b41baef2efb15b8c7c3f7a","prev_hash":"700e7bfe6f20727734ea06353b7588aad545f990fbc8d6886e03bb3da4f668ed","record_hash":"8b3938b6c5a93df135a9dd219ee01c7dda8b2e35b769e23ad4102f0bff15ea04","signature_hex":"cacb551cf9ac9047834b6e58a5f4689ae3fd5d488d2a72ffe54ba8c8db301c833848ba578c3ee6282c8b3c91b753005009de64cca3c4fdeabc62b9892314780b","public_key_hex":"c2f8243b0d573587f285c830a868acd19249d17d59ecbf9329e796dfed6fb630"}
{"seq":21,"ts":1781348400000,"agent_id":"persona-team","symbol":"BTCUSDT","side":"sell","price":63918.77488507525,"quantity":0.0031292460886434047,"notional_usd":200.0175763,"fee_usd":0.12001054578,"balance_before_usd":9993.710214039373,"balance_after_usd":9993.548193005226,"decision":"ALLOW","cert_hash":"9c3d33893acef08c03da67f823dd1c0b8914efb3569b90aee95e8d607e601610","prev_hash":"8b3938b6c5a93df135a9dd219ee01c7dda8b2e35b769e23ad4102f0bff15ea04","record_hash":"23ba56bf2002ef4b9f06033fa8b7ec71a80226bc84dde4e2d1dcabf91bb5ad1b","signature_hex":"68d5c18be28b0bb55dd47af54729c3dbdb7515b65fdca5c1587205d530bbea459c4ad41e90bfe44bb55ba6f355a91fa7ce13e2c16c571c12138a218b0cb5a809","public_key_hex":"c2f8243b0d573587f285c830a868acd19249d17d59ecbf9329e796dfed6fb630"}
{"seq":22,"ts":1781492400000,"agent_id":"persona-team","symbol":"BTCUSDT","side":"buy","price":65898.85473438115,"quantity":0.003118597096540724,"notional_usd":205.51197704,"fee_usd":0.123307186224,"balance_before_usd":9990.374474269234,"balance_after_usd":9990.207959748595,"decision":"ALLOW","cert_hash":"3fad9a7b73e27a3e8a3da02c615558d85f6b846ed1b77b39d680cfe5f1138535","prev_hash":"23ba56bf2002ef4b9f06033fa8b7ec71a80226bc84dde4e2d1dcabf91bb5ad1b","record_hash":"42a5347a3ece7adcf26292670a94dc05f2ce757bcc202429724a3694b99aea9b","signature_hex":"8123de879a9a863c245f454a073e9e7afcb83f5d9cf2eb8e38d7d842129c616eaf1660b5b0259f004cd63b9193c28861d8cc1c3aacd8db7f7b66601f921e110e","public_key_hex":"c2f8243b0d573587f285c830a868acd19249d17d59ecbf9329e796dfed6fb630"}
{"seq":23,"ts":1781733600000,"agent_id":"persona-team","symbol":"BTCUSDT","side":"sell","price":64253.256521062896,"quantity":0.003345952703105788,"notional_usd":214.98835734,"fee_usd":0.128993014404,"balance_before_usd":9987.798191369173,"balance_after_usd":9987.62388251481,"decision":"ALLOW","cert_hash":"e1a9a275e125439945f32a7c1733f87b88f865422efded615c63fb163681036b","prev_hash":"42a5347a3ece7adcf26292670a94dc05f2ce757bcc202429724a3694b99aea9b","record_hash":"463100163a5c162d3bda8ba68ad8956aafeebf363a34d15b6914c87edb1cebca","signature_hex":"048f393f2c44f0f7b19c20e7283e560d084a84aa02496711c8beaab699c4bdaab901224566e18c983593d6fea5b9a3e7df7f7b14c2f10bdf215bc027d58db80f","public_key_hex":"c2f8243b0d573587f285c830a868acd19249d17d59ecbf9329e796dfed6fb630"}
