{"seq":0,"ts":1778526000000,"agent_id":"regime","symbol":"BTCUSDT","side":"sell","price":81891.32686831799,"quantity":0.024422610751148512,"notional_usd":2000.0,"fee_usd":1.2,"balance_before_usd":10000.0,"balance_after_usd":9998.199859969993,"decision":"ALLOW_CAPPED","cert_hash":"a39334b40a40e0a025bd14a88163b02adb442ef9adf5985214a219c7727b6a00","prev_hash":"0000000000000000000000000000000000000000000000000000000000000000","record_hash":"2153dbfe881a659a618835e5342c58e1cd1200b654e0a41edbddd3a53d2ca823","signature_hex":"6145619c31d990128d2c7e16efdfe1610816a8a4cf1819a0e1bc50939ade452e50e9d9c4e66878f63fa2718171bbe4837b48d9f4f318c1b97a644e2a2a6cdb0e","public_key_hex":"c2f8243b0d573587f285c830a868acd19249d17d59ecbf9329e796dfed6fb630"}
{"seq":1,"ts":1778529600000,"agent_id":"regime","symbol":"BTCUSDT","side":"buy","price":81795.72099915912,"quantity":0.024415289257863872,"notional_usd":1997.06618825,"fee_usd":1.1982397129500002,"balance_before_usd":10001.733811745684,"balance_after_usd":9999.936884745372,"decision":"ALLOW","cert_hash":"7bafa15974549abd039ae4330efdd5b6511c14ffb238536338694804e4b63e63","prev_hash":"2153dbfe881a659a618835e5342c58e1cd1200b654e0a41edbddd3a53d2ca823","record_hash":"e5c27cb6746634afc923d10c12b1b8f8792b200444c3c4fc23a8e0c2d92925f6","signature_hex":"39a9dc9bb7d2c351f89aff8c62a094137aafd7b89386d984e8f7b23f9afd6ac9a9964cd51d6f6eb456426470f6f9d733eb68aa8a877fd6f2bac597b036d15b08","public_key_hex":"c2f8243b0d573587f285c830a868acd19249d17d59ecbf9329e796dfed6fb630"}
{"seq":2,"ts":1778580000000,"agent_id":"regime","symbol":"BTCUSDT","side":"buy","price":80671.995952956,"quantity":0.024791750549550094,"notional_usd":2000.0,"fee_usd":1.2,"balance_before_usd":9999.945109710927,"balance_after_usd":9998.145249680932,"decision":"ALLOW_CAPPED","cert_hash":"5b98bc2bc08a0c2ce487c1e7708ccad9248da18e2eac501c255ce328e7beca46","prev_hash":"e5c27cb6746634afc923d10c12b1b8f8792b200444c3c4fc23a8e0c2d92925f6","record_hash":"06cb064791d3c5aa2ec9d22b8c79a85c2caa3ed919806be8c7e56e39b0ce399d","signature_hex":"ba9e55f5c23a65bf00ff74d6bdf15f5def418516802f5c0e3284aaceb4dc41f886bd7975735319bcacdfaec0bef04350efcff20cdc33dc7de87ab7218485ca01","public_key_hex":"c2f8243b0d573587f285c830a868acd19249d17d59ecbf9329e796dfed6fb630"}
{"seq":3,"ts":1778583600000,"agent_id":"regime","symbol":"BTCUSDT","side":"sell","price":80728.475805054,"quantity":0.024774405562043203,"notional_usd":2000.0,"fee_usd":1.2,"balance_before_usd":10000.745136288935,"balance_after_usd":9998.944996258928,"decision":"ALLOW_CAPPED","cert_hash":"828e4f70d51cfc214a19c270b863a3d5624762afc739b8997638306ed1fe3204","prev_hash":"06cb064791d3c5aa2ec9d22b8c79a85c2caa3ed919806be8c7e56e39b0ce399d","record_hash":"0832e1174abbb2cd9df9eecf8cde78e0ca04f3a50d093b31b134848efef4bc61","signature_hex":"b78f146c5d7388002794b7e67225c18f8750c258fb3103c3bfac45913ae816f8be926def676be57d95822797358047eb01e4bdb7f5dca23df10c7855d66b180a","public_key_hex":"c2f8243b0d573587f285c830a868acd19249d17d59ecbf9329e796dfed6fb630"}
{"seq":4,"ts":1778590800000,"agent_id":"regime","symbol":"BTCUSDT","side":"buy","price":80456.13120864,"quantity":0.024858267107245948,"notional_usd":2000.0,"fee_usd":1.2,"balance_before_usd":9998.94178172433,"balance_after_usd":9997.141921694338,"decision":"ALLOW_CAPPED","cert_hash":"d6850d578ac413bb3d89963010a4e2887e2c754dd3aaa622c211845a9bd999c4","prev_hash":"0832e1174abbb2cd9df9eecf8cde78e0ca04f3a50d093b31b134848efef4bc61","record_hash":"51a1af70e9d6569f8bf95d707bedfd1cac58c5d569afbfef698225c80635c6e0","signature_hex":"e7fe98558402940d11a8d9e6da64725e096ad07ff532b3fcdb43a9cc1375f5f96b29f7737c9678b618cc3b9b1b4ae31a02b76c1fe224a474af5d5b79f5e5b307","public_key_hex":"c2f8243b0d573587f285c830a868acd19249d17d59ecbf9329e796dfed6fb630"}
{"seq":5,"ts":1778594400000,"agent_id":"regime","symbol":"BTCUSDT","side":"sell","price":80484.14912016601,"quantity":0.02484961351848202,"notional_usd":2000.0,"fee_usd":1.2,"balance_before_usd":9999.039372267229,"balance_after_usd":9997.239232237223,"decision":"ALLOW_CAPPED","cert_hash":"a8971926e1eb4fc5314a027787c52d0c18cc4d1731ee9b23ad336eb0e57bf6a5","prev_hash":"51a1af70e9d6569f8bf95d707bedfd1cac58c5d569afbfef698225c80635c6e0","record_hash":"5639cefe097bf18ce5bd44387bdcd11318edc6e5522c4ac75018e18f50506b6b","signature_hex":"fdb66f77c20e82d7de3ce7c0334675b08e84a6b082c7bff36f9251d19ec1805ed62453606175c0015a6ef2ee7e45d2944f5cee8025aaaa28feee4f3e92d14b00","public_key_hex":"c2f8243b0d573587f285c830a868acd19249d17d59ecbf9329e796dfed6fb630"}
{"seq":6,"ts":1778598000000,"agent_id":"regime","symbol":"BTCUSDT","side":"buy","price":80324.19163600201,"quantity":0.0248990990044845,"notional_usd":2000.0,"fee_usd":1.2,"balance_before_usd":9997.235343668546,"balance_after_usd":9995.435483638552,"decision":"ALLOW_CAPPED","cert_hash":"40f22c6ba88737327cb4916669066d22447901085d6d2c88ece4301b776cd6a4","prev_hash":"5639cefe097bf18ce5bd44387bdcd11318edc6e5522c4ac75018e18f50506b6b","record_hash":"14cc768097196a2cbbd73153bee6981075d498dcec0753f1335e2f00b6187dd4","signature_hex":"39261bff4d8ec33a7aaf85a2f081ad1ce1eb59ee25d4c6a654893b9a84fd86fcaad714be587a9984dcfc5361d5c8e96a65cb6c25da0dd84d2cdc9cd021d5bc09","public_key_hex":"c2f8243b0d573587f285c830a868acd19249d17d59ecbf9329e796dfed6fb630"}
{"seq":7,"ts":1778601600000,"agent_id":"regime","symbol":"BTCUSDT","side":"sell","price":79941.44172373414,"quantity":0.024925243890846927,"notional_usd":1992.55993195,"fee_usd":1.19553595917,"balance_before_usd":9987.095503982075,"balance_after_usd":9985.302802143775,"decision":"ALLOW","cert_hash":"205e85258ee116c8f82e63ef8f3b6ffc430be740df7b149f51737683643a014f","prev_hash":"14cc768097196a2cbbd73153bee6981075d498dcec0753f1335e2f00b6187dd4","record_hash":"516d74aa95306e3b948292c4d75478316e278447eeb42889f4fd20b618cdb277","signature_hex":"ca9fd69240f7d985d64c2185e633c43c1944d16fa5c60580037a317bcddb3c6c9f55eaf6342153a98aac7ad2078a420c038f4cb8b55c230a8bd2734b0cd3360c","public_key_hex":"c2f8243b0d573587f285c830a868acd19249d17d59ecbf9329e796dfed6fb630"}
{"seq":8,"ts":1778767200000,"agent_id":"regime","symbol":"BTCUSDT","side":"sell","price":80884.32903817201,"quantity":0.024726668611618614,"notional_usd":2000.0,"fee_usd":1.2,"balance_before_usd":9985.29575851163,"balance_after_usd":9983.495618481624,"decision":"ALLOW_CAPPED","cert_hash":"85de7894a10735c3935c87570e6042f936009e6881f55f0f31cbadbb74d9fef5","prev_hash":"516d74aa95306e3b948292c4d75478316e278447eeb42889f4fd20b618cdb277","record_hash":"4d52131f18facf554ab9cd388d8bd497aa4f9c30a93b2bbc26265f381477247f","signature_hex":"22fcb7f228c1eab3f60af1b56aef6f4180bafe08ac66b3f7bdfdd4bbb032f756429175d26c656664c96a86e7721035b337bfa2b4578c469663618785ed0d9704","public_key_hex":"c2f8243b0d573587f285c830a868acd19249d17d59ecbf9329e796dfed6fb630"}
{"seq":9,"ts":1778770800000,"agent_id":"regime","symbol":"BTCUSDT","side":"sell","price":81208.13187465,"quantity":0.024628075462776674,"notional_usd":2000.0,"fee_usd":1.2,"balance_before_usd":9975.484231696806,"balance_after_usd":9973.6840916668,"decision":"ALLOW_CAPPED","cert_hash":"5f75d2a124377b8347e061b6edbd6d3ad0198285962c2ef3cbb91c248cee50c7","prev_hash":"4d52131f18facf554ab9cd388d8bd497aa4f9c30a93b2bbc26265f381477247f","record_hash":"2fcfdde662db9c2e177e037bb1ddb8bcf4536a0f0209d69d9f9c46d1e4c4b6c8","signature_hex":"da78cfe4dff76e9b5d093ac34da7063b1597905602937f79bef6f6d804a4a28365b99695a8c7ebbfb12c0188e5b1343a9f8265e6fe71733d4b4ee946d05a0503","public_key_hex":"c2f8243b0d573587f285c830a868acd19249d17d59ecbf9329e796dfed6fb630"}
{"seq":10,"ts":1778774400000,"agent_id":"regime","symbol":"BTCUSDT","side":"sell","price":81804.95042899049,"quantity":0.023559301455636655,"notional_usd":1927.26748772,"fee_usd":1.156360492632,"balance_before_usd":9944.229659839333,"balance_after_usd":9942.501996393119,"decision":"ALLOW","cert_hash":"d8c4f4a8eb81ecbefa64cfb036d7db4d62ea98af24d3dd6b414757f8368ebca1","prev_hash":"2fcfdde662db9c2e177e037bb1ddb8bcf4536a0f0209d69d9f9c46d1e4c4b6c8","record_hash":"71018808830e287f1ecf366faa617dde6f69e3048d37c2ca7bfd555f6521151a","signature_hex":"4ca0e4f1b4356715c51482dcd942d67afdb66e425a05289e826e705baee556802fd195975a534f2bdbdc600a6f358e0a45bc55cef79a8475611d57750ce2650a","public_key_hex":"c2f8243b0d573587f285c830a868acd19249d17d59ecbf9329e796dfed6fb630"}
{"seq":11,"ts":1778781600000,"agent_id":"regime","symbol":"BTCUSDT","side":"buy","price":81545.557960422,"quantity":0.024526167335450655,"notional_usd":2000.0,"fee_usd":1.2,"balance_before_usd":9964.969114651141,"balance_after_usd":9963.169254621147,"decision":"ALLOW_CAPPED","cert_hash":"dc3ccde3db7bedbf944bdcbc06ddbf7a4f3478d39a80e7ec5ad9c09f4ebfa654","prev_hash":"71018808830e287f1ecf366faa617dde6f69e3048d37c2ca7bfd555f6521151a","record_hash":"1b72f394d9a669f36fdb1bb0de45dcc1df18e6dfbe6fc2f2dcefdedfa15c4ad4","signature_hex":"7e0e2bedd4f0adf31727b64540e713fc88ef3dfa8262dd488ff6daf8c06552fe1b43257ce53c62c8207161f3fcae3e978e420e857ffee7f071e357dec2d1be09","public_key_hex":"c2f8243b0d573587f285c830a868acd19249d17d59ecbf9329e796dfed6fb630"}
{"seq":12,"ts":1778785200000,"agent_id":"regime","symbol":"BTCUSDT","side":"buy","price":81397.013407452,"quantity":0.024570926085316264,"notional_usd":2000.0,"fee_usd":1.2,"balance_before_usd":9970.355963501843,"balance_after_usd":9968.556103471848,"decision":"ALLOW_CAPPED","cert_hash":"6576b6ca5f6617ddd64693c109b28f1ea879447f850c84b68e3fc2bcc8b4253c","prev_hash":"1b72f394d9a669f36fdb1bb0de45dcc1df18e6dfbe6fc2f2dcefdedfa15c4ad4","record_hash":"12c778ab972cfe4d319eecdc741bbfce68f22d9e55247f9c6f5dde8f08c0464e","signature_hex":"054ec5d66df80069e5b1915a38cdb29265c28af6401a1451ebc589954767689f601dce320c41493bbc5843ff3ef76feb2c9bea778e5aa53b0406af64f4f5a901","public_key_hex":"c2f8243b0d573587f285c830a868acd19249d17d59ecbf9329e796dfed6fb630"}
{"seq":13,"ts":1778788800000,"agent_id":"regime","symbol":"BTCUSDT","side":"buy","price":81401.2655649033,"quantity":0.02381734716549555,"notional_usd":1938.76220167,"fee_usd":1.163257321002,"balance_before_usd":9968.448893582243,"balance_after_usd":9966.710076612488,"decision":"ALLOW","cert_hash":"7d0a164f8d87811bca706992faa29ebc0f90cb0d8e3a455fa5566c2682c283f6","prev_hash":"12c778ab972cfe4d319eecdc741bbfce68f22d9e55247f9c6f5dde8f08c0464e","record_hash":"f305f5c6d454e75c31fd74163a11be979d84e91770553db24d83432c0ca0bf05","signature_hex":"a61fc427cd3a4e5b8bc7d54a5b1c77ee1df4e77b4532864c3df6fad7ad1afa039f09d2e17b0b9fbbf92bf8f6c87b59c9171476af3f80a5061b6ae59712008d0b","public_key_hex":"c2f8243b0d573587f285c830a868acd19249d17d59ecbf9329e796dfed6fb630"}
{"seq":14,"ts":1778850000000,"agent_id":"regime","symbol":"BTCUSDT","side":"buy","price":78755.12102463,"quantity":0.025395173976997847,"notional_usd":2000.0,"fee_usd":1.2,"balance_before_usd":9966.728788272336,"balance_after_usd":9964.928928242341,"decision":"ALLOW_CAPPED","cert_hash":"243ae981af2744d9f919c1b6fcbf34ecaf15065aebcef43260b8ea43b94dffc0","prev_hash":"f305f5c6d454e75c31fd74163a11be979d84e91770553db24d83432c0ca0bf05","record_hash":"17b0ff4ffd4b0f738b39e7774d49885fb9c39955944f2dca6ee16c1ecd0fb959","signature_hex":"f3592a77324991a856a13657437b66ac17210999435337497705946f5291d26e7253f9712ce966daf36ed95f35dbe232f26030988964e792aecf5b1521100608","public_key_hex":"c2f8243b0d573587f285c830a868acd19249d17d59ecbf9329e796dfed6fb630"}
{"seq":15,"ts":1778853600000,"agent_id":"regime","symbol":"BTCUSDT","side":"buy","price":79146.138302448,"quantity":0.025269710473519585,"notional_usd":2000.0,"fee_usd":1.2,"balance_before_usd":9974.853137013091,"balance_after_usd":9973.053276983097,"decision":"ALLOW_CAPPED","cert_hash":"dabe4094111e800921a8727d419639f2e1a8bd51b666c2694ca229af0c33f710","prev_hash":"17b0ff4ffd4b0f738b39e7774d49885fb9c39955944f2dca6ee16c1ecd0fb959","record_hash":"699d9c1c6014acd5202d241fd049a908211b49ede70ea8749e82b40a455c6389","signature_hex":"a5580c9672ef20da29d00e9b7c4efbbf55061718243444ed14099c4d62603c495f7519e537b9ae4bf34296da4d63e07da968f382f09c39d99aa492c131666d01","public_key_hex":"c2f8243b0d573587f285c830a868acd19249d17d59ecbf9329e796dfed6fb630"}
{"seq":16,"ts":1778857200000,"agent_id":"regime","symbol":"BTCUSDT","side":"sell","price":79106.962372614,"quantity":0.025282224724790837,"notional_usd":2000.0,"fee_usd":1.2,"balance_before_usd":9973.473736820235,"balance_after_usd":9971.67359679023,"decision":"ALLOW_CAPPED","cert_hash":"6d3f5ccd0df53dddc36722524bd056d805022815133c08c32aab51c3105b63ab","prev_hash":"699d9c1c6014acd5202d241fd049a908211b49ede70ea8749e82b40a455c6389","record_hash":"ecb132ba806cc7defccd30b219407ba9ed79e3e3f2eb06a1667d4280944d8cbd","signature_hex":"9d62882b9873b24091a82dac850b159a11a4de520b9d6a7c08f6efd3dc1f61f4641842dc8e62b0c6e667699bab22365a2ffe2ad3e8257ee950b01595e6d5140e","public_key_hex":"c2f8243b0d573587f285c830a868acd19249d17d59ecbf9329e796dfed6fb630"}
{"seq":17,"ts":1778860800000,"agent_id":"regime","symbol":"BTCUSDT","side":"sell","price":79252.118815518,"quantity":0.025235918356398428,"notional_usd":2000.0,"fee_usd":1.2,"balance_before_usd":9975.358132019519,"balance_after_usd":9973.557991989512,"decision":"ALLOW_CAPPED","cert_hash":"7089afaeb649db817e731bfd0ee9ba4a84c06ba743039ff35b724e884ae89880","prev_hash":"ecb132ba806cc7defccd30b219407ba9ed79e3e3f2eb06a1667d4280944d8cbd","record_hash":"404a0704a6e059b31c44150204ddc71fe625b2e2aa38cead3fa4fc186dba932f","signature_hex":"973c720942ccc18643989e33355ef2a2c7d496c36c9a62f7681007845cacaa9ee10a21dc0cf0bc8911621fcfa384a669c58a72cd3e4752e79ef93ffbe2b88202","public_key_hex":"c2f8243b0d573587f285c830a868acd19249d17d59ecbf9329e796dfed6fb630"}
{"seq":18,"ts":1778936400000,"agent_id":"regime","symbol":"BTCUSDT","side":"sell","price":77987.798200224,"quantity":0.025645037379632748,"notional_usd":2000.0,"fee_usd":1.2,"balance_before_usd":9973.381353083038,"balance_after_usd":9971.58121305303,"decision":"ALLOW_CAPPED","cert_hash":"9de260157808154d440128f5cd8c996252ededdd3bc257e8e49a21f4a2f26671","prev_hash":"404a0704a6e059b31c44150204ddc71fe625b2e2aa38cead3fa4fc186dba932f","record_hash":"8de58f8a9734960604f8a7abc401ea7ceb279787bd9c9ab7ad4895dcc8827150","signature_hex":"f2a7de72725ec5307a3ffa9832c15cdfe68071fba7f4bcd73a896d3283b821d1602187c3139a363892737a7dba4be63a33bd5ccaeb3284b43b1b2e2e293e0b07","public_key_hex":"c2f8243b0d573587f285c830a868acd19249d17d59ecbf9329e796dfed6fb630"}
{"seq":19,"ts":1778940000000,"agent_id":"regime","symbol":"BTCUSDT","side":"sell","price":78091.467092298,"quantity":0.025610992781530877,"notional_usd":2000.0,"fee_usd":1.2,"balance_before_usd":9968.936306312882,"balance_after_usd":9967.136166282875,"decision":"ALLOW_CAPPED","cert_hash":"3e5f4492837e35eb94874eda8d8baf419da4132a3e81a103799f2e4aa8a0427e","prev_hash":"8de58f8a9734960604f8a7abc401ea7ceb279787bd9c9ab7ad4895dcc8827150","record_hash":"bd7d471a3346e9c25ba7a1a2aa75807eaf85abcbe7eb09d02af229f04c62b640","signature_hex":"a1830b500ad4a727d7412cef317eb9a0f227758eaef17d18734d362dfda42ecca06c434570df7b90690439acfe03106fe14038be5502a4f1f018344b287f150e","public_key_hex":"c2f8243b0d573587f285c830a868acd19249d17d59ecbf9329e796dfed6fb630"}
{"seq":20,"ts":1778943600000,"agent_id":"regime","symbol":"BTCUSDT","side":"buy","price":78241.767054366,"quantity":0.025561794873706103,"notional_usd":2000.0,"fee_usd":1.2,"balance_before_usd":9961.850734499745,"balance_after_usd":9960.05087446975,"decision":"ALLOW_CAPPED","cert_hash":"3539c1b891e57b75ca2ed5c066c082057ef5ba783660ce300c4d0968f87dc42a","prev_hash":"bd7d471a3346e9c25ba7a1a2aa75807eaf85abcbe7eb09d02af229f04c62b640","record_hash":"b12a6af39b5284c62a2b7121936f0d87b0583e4963d96ab41a84b52f4c86db0b","signature_hex":"fea513c9a299d4507a8ccf219ef4f0b831dec605c2efda17da7a36e690e389b80cfc74ce983f1908913dc32560194a6cff741c648e8cba9cef6b9c3efc0e5f0f","public_key_hex":"c2f8243b0d573587f285c830a868acd19249d17d59ecbf9329e796dfed6fb630"}
{"seq":21,"ts":1778947200000,"agent_id":"regime","symbol":"BTCUSDT","side":"buy","price":78211.1502606072,"quantity":0.025546904570413462,"notional_usd":1998.05279205,"fee_usd":1.1988316752300001,"balance_before_usd":9960.832844209708,"balance_after_usd":9959.034930964594,"decision":"ALLOW","cert_hash":"82bd40e0f907b1753d1eb3db7256aff0c4bfcd11b4ae655000b08185c1a339cb","prev_hash":"b12a6af39b5284c62a2b7121936f0d87b0583e4963d96ab41a84b52f4c86db0b","record_hash":"51ac430d3817cb88116789a79403a5c5d0097ed6034da705b190d25b93622a0d","signature_hex":"3e16fb85f8f4be8228a7535a19daec13492b58d37343ac982a1222351b394a2393cc07b9a8b33248dfb5580050b566d7d181a4c27b8274d9a0c889db90e3360a","public_key_hex":"c2f8243b0d573587f285c830a868acd19249d17d59ecbf9329e796dfed6fb630"}
{"seq":22,"ts":1779253200000,"agent_id":"regime","symbol":"BTCUSDT","side":"sell","price":77137.85324322,"quantity":0.025927607729682174,"notional_usd":2000.0,"fee_usd":1.2,"balance_before_usd":9959.042797637389,"balance_after_usd":9957.242657607381,"decision":"ALLOW_CAPPED","cert_hash":"defbe3d3bbcf66956cc032fcd391e29c41446c183e9f14856e76d00fda31a516","prev_hash":"51ac430d3817cb88116789a79403a5c5d0097ed6034da705b190d25b93622a0d","record_hash":"1bca80e68324792643c15b11cab139b6ec6872622a5fda5ab1ded755f533cf3c","signature_hex":"02c5f6d94a497b24d28fe5e41b33fc42d4726f0ae0abec43453dca7893550e0048005a27807d12a18e945dc46a8b6a5d794085853c2d6cd341807fa2ab37390c","public_key_hex":"c2f8243b0d573587f285c830a868acd19249d17d59ecbf9329e796dfed6fb630"}
{"seq":23,"ts":1779256800000,"agent_id":"regime","symbol":"BTCUSDT","side":"sell","price":77346.690577398,"quantity":0.02585760276321937,"notional_usd":2000.0,"fee_usd":1.2,"balance_before_usd":9951.824779741033,"balance_after_usd":9950.024639711028,"decision":"ALLOW_CAPPED","cert_hash":"23b1347e7991505461122ea895a1c385ba97dbffba530adc0c646aa8a59e753f","prev_hash":"1bca80e68324792643c15b11cab139b6ec6872622a5fda5ab1ded755f533cf3c","record_hash":"dcff597309737e459811fe610ba4ce81ff9be74525b5c3cf0fe5b4515dfe07e7","signature_hex":"fd6154df1d95ea204b850ccb5cf720cfb14030bd1f2703a6ef6d9e6c519750fe4ba4bc4d664abea54c19828634420d713bf08a93a4e394290feb8b29f09e3203","public_key_hex":"c2f8243b0d573587f285c830a868acd19249d17d59ecbf9329e796dfed6fb630"}
{"seq":24,"ts":1779260400000,"agent_id":"regime","symbol":"BTCUSDT","side":"buy","price":77263.67369481,"quantity":0.025885385775208682,"notional_usd":2000.0,"fee_usd":1.2,"balance_before_usd":9956.726637423882,"balance_after_usd":9954.926777393888,"decision":"ALLOW_CAPPED","cert_hash":"a15bc32f16cd541216e1073f51f7735b9d60b3a5d4c7f4b9882b6cf53d75559a","prev_hash":"dcff597309737e459811fe610ba4ce81ff9be74525b5c3cf0fe5b4515dfe07e7","record_hash":"7709d19009f81f5987f7aa47cf15b22e57b649b18f4c7989ec0cc5087d59810f","signature_hex":"bbee59f61c2e550fe75d9732765afb16e374958c212fd7778dc1be846133a9ff440803ab610e9f87f765d6c606cabd0f7943aec831b7558d3401987e442df007","public_key_hex":"c2f8243b0d573587f285c830a868acd19249d17d59ecbf9329e796dfed6fb630"}
{"seq":25,"ts":1779264000000,"agent_id":"regime","symbol":"BTCUSDT","side":"sell","price":77393.37656833201,"quantity":0.02584200468672101,"notional_usd":2000.0,"fee_usd":1.2,"balance_before_usd":9950.364468966198,"balance_after_usd":9948.56432893619,"decision":"ALLOW_CAPPED","cert_hash":"41b61843e546ba94439ce18cb099c3a683e0a6417d0e94896f1c4b2fd7b72993","prev_hash":"7709d19009f81f5987f7aa47cf15b22e57b649b18f4c7989ec0cc5087d59810f","record_hash":"b1d6106758077f64a1eb1099c487b6e2757c828d877091cfd45b1cd74011c2a8","signature_hex":"ad2cc988e55551be55d2d21276bbd6c9845ff6cf5fd8205e3283f71c9394323a88a5f5d20114d14b24a4cc82a53701a774f32b0eda8a8097e3621a0fae667b06","public_key_hex":"c2f8243b0d573587f285c830a868acd19249d17d59ecbf9329e796dfed6fb630"}
{"seq":26,"ts":1779267600000,"agent_id":"regime","symbol":"BTCUSDT","side":"sell","price":77422.82094037016,"quantity":0.02532125378265282,"notional_usd":1960.4428976,"fee_usd":1.17626573856,"balance_before_usd":9947.048068835262,"balance_after_usd":9945.287412370752,"decision":"ALLOW","cert_hash":"6d880c6fb14680903192c435f66a265abd99bdb4b91b7abebd49f928963182d3","prev_hash":"b1d6106758077f64a1eb1099c487b6e2757c828d877091cfd45b1cd74011c2a8","record_hash":"293da8df20ab48670539fff9da3c950955288e5c3604159b266ebca5f391573c","signature_hex":"1d89d78d1537682bae427648b305137d494b1d1c78485039281c35849ced1b1d34876d38e303cfdc80ce719ec09bff8e728afeaa9cdedb3dfd19e714b043ab04","public_key_hex":"c2f8243b0d573587f285c830a868acd19249d17d59ecbf9329e796dfed6fb630"}
{"seq":27,"ts":1779271200000,"agent_id":"regime","symbol":"BTCUSDT","side":"buy","price":77495.043089436,"quantity":0.025808102302644395,"notional_usd":2000.0,"fee_usd":1.2,"balance_before_usd":9943.291280067948,"balance_after_usd":9941.491420037954,"decision":"ALLOW_CAPPED","cert_hash":"1eeda1c09a13e5f2e106f5ec52c5f36d8bc222af14c016b22a4b1e7e26aa3e60","prev_hash":"293da8df20ab48670539fff9da3c950955288e5c3604159b266ebca5f391573c","record_hash":"8cf04c8c2fb945e07d5b1c4420afc410fa05439cab7ac48978b0ddea5b1b35ad","signature_hex":"e0803fc66589555f49c0d72064d8ea784160f6a083cfc764c6eb9aef1d6db483daa0b3f447cfa60197b931e93ca0999c02e25e255332096870b86ba31eaba00d","public_key_hex":"c2f8243b0d573587f285c830a868acd19249d17d59ecbf9329e796dfed6fb630"}
{"seq":28,"ts":1779274800000,"agent_id":"regime","symbol":"BTCUSDT","side":"buy","price":77368.105016898,"quantity":0.025850445730358513,"notional_usd":2000.0,"fee_usd":1.2,"balance_before_usd":9947.996649432025,"balance_after_usd":9946.19678940203,"decision":"ALLOW_CAPPED","cert_hash":"e6472afd0b338bfa60fe290d0fcf4feb84626410694f1b0c701d2fa1c0656957","prev_hash":"8cf04c8c2fb945e07d5b1c4420afc410fa05439cab7ac48978b0ddea5b1b35ad","record_hash":"54dc2e84fead534f87446024eea1ffa4656cbba84d0846445e597dac807a5865","signature_hex":"187b60f70e648c6ef62e14164d5cdff4e95b53e6dbd173829915d38206ae330d41545b0d281391a5d52cb641c616b005b085546e249fc26e2c7fe50f1a95d102","public_key_hex":"c2f8243b0d573587f285c830a868acd19249d17d59ecbf9329e796dfed6fb630"}
{"seq":29,"ts":1779278400000,"agent_id":"regime","symbol":"BTCUSDT","side":"sell","price":77561.92599170399,"quantity":0.025785847558941737,"notional_usd":2000.0,"fee_usd":1.2,"balance_before_usd":9940.090238403112,"balance_after_usd":9938.290098373105,"decision":"ALLOW_CAPPED","cert_hash":"8b03132bd482709f0642789736c0ed11a02758157519623d066adbb85e6e763e","prev_hash":"54dc2e84fead534f87446024eea1ffa4656cbba84d0846445e597dac807a5865","record_hash":"9dd6992afc54340d362dc81c88886470ba1b659680d64e1065acda8013683d61","signature_hex":"d1d17671e253c67b64ee576dd69e4d369af25ffc398d93eee502ea161c9dc97a3f8931995247bf64ce1f013bd3af7997577795c7284d2a002d21bdbd9d762502","public_key_hex":"c2f8243b0d573587f285c830a868acd19249d17d59ecbf9329e796dfed6fb630"}
{"seq":30,"ts":1779282000000,"agent_id":"regime","symbol":"BTCUSDT","side":"buy","price":77203.15554359999,"quantity":0.025905676858901352,"notional_usd":2000.0,"fee_usd":1.2,"balance_before_usd":9959.035546129253,"balance_after_usd":9957.235686099259,"decision":"ALLOW_CAPPED","cert_hash":"6911b4932d2a87e68d22e03d98de835fee2242e90b276169970d6b74bb25c0d1","prev_hash":"9dd6992afc54340d362dc81c88886470ba1b659680d64e1065acda8013683d61","record_hash":"a25db68eb853103865e0b71a66452cf90a39b78718ba438fe50b9fdcea531852","signature_hex":"40f8ca8aa8a3df324c9cf98a96af6e26f023b787baeb2b627c2b923ea7de283a2bda45c3cf4671d549112cc560c13a72d9b2c3c8190defdd6ba39a4718350409","public_key_hex":"c2f8243b0d573587f285c830a868acd19249d17d59ecbf9329e796dfed6fb630"}
{"seq":31,"ts":1779285600000,"agent_id":"regime","symbol":"BTCUSDT","side":"buy","price":77443.0654732692,"quantity":0.025284834925418647,"notional_usd":1958.13512661,"fee_usd":1.174881075966,"balance_before_usd":9951.165517791507,"balance_after_usd":9949.407430031453,"decision":"ALLOW","cert_hash":"9edfce6252573e74332d2b493242fdf20f7ba72da614e684ee92c82ef989f887","prev_hash":"a25db68eb853103865e0b71a66452cf90a39b78718ba438fe50b9fdcea531852","record_hash":"cbf0b1594f60aa40563cedfa08056f101cca96a3a28553c0a1ee36d0334f979c","signature_hex":"7f9d142b0948d49cefa73ad6e67c8d5ba70ebb9f3347109a28f0192be7ab69486fe29597e7cb74e756ccd0ed3959f095a26cbe4566e9c693a66dd56d458a620b","public_key_hex":"c2f8243b0d573587f285c830a868acd19249d17d59ecbf9329e796dfed6fb630"}
{"seq":32,"ts":1779372000000,"agent_id":"regime","symbol":"BTCUSDT","side":"buy","price":76973.086539,"quantity":0.025983107731903914,"notional_usd":2000.0,"fee_usd":1.2,"balance_before_usd":9949.410970552519,"balance_after_usd":9947.611110522526,"decision":"ALLOW_CAPPED","cert_hash":"66f3ef90403de7b9bc195cc04f2d7c99820b39a65f36962ce744800b502153e9","prev_hash":"cbf0b1594f60aa40563cedfa08056f101cca96a3a28553c0a1ee36d0334f979c","record_hash":"646ad97ad615407b34ee97a0de29e18103b39cc12887ea7b674b7e96e734b16c","signature_hex":"d24fa7df7a4986989ba7c9bce3d09198202ca0dc629beff78eb801c6b5c2bfd91604d450d35756953800469ff7255ef78bd8a7b630c7db8c83ceb59e548fef0f","public_key_hex":"c2f8243b0d573587f285c830a868acd19249d17d59ecbf9329e796dfed6fb630"}
{"seq":33,"ts":1779375600000,"agent_id":"regime","symbol":"BTCUSDT","side":"sell","price":77206.83254460001,"quantity":0.0259044430924512,"notional_usd":2000.0,"fee_usd":1.2,"balance_before_usd":9954.884271440866,"balance_after_usd":9953.084131410858,"decision":"ALLOW_CAPPED","cert_hash":"75a3b939310015f732eeba5b27069b8e18e52e436c7b874bb2c59f47f28683e4","prev_hash":"646ad97ad615407b34ee97a0de29e18103b39cc12887ea7b674b7e96e734b16c","record_hash":"9355dce751fea11d6dcf9e4c36a8edd3822c9f5ad9404c1460b9a36f9eaa5a45","signature_hex":"c6f5499e86bb71d09616d7d6a683efcba84587674e623898dc6c1e365bea131c047e676a9ba80192c94a4d7a2f5461808ce04ee60df3fff423a2e4c072531c0f","public_key_hex":"c2f8243b0d573587f285c830a868acd19249d17d59ecbf9329e796dfed6fb630"}
{"seq":34,"ts":1779458400000,"agent_id":"regime","symbol":"BTCUSDT","side":"buy","price":76775.02713504,"quantity":0.026050137325020928,"notional_usd":2000.0,"fee_usd":1.2,"balance_before_usd":9953.050130498455,"balance_after_usd":9951.250270468461,"decision":"ALLOW_CAPPED","cert_hash":"3ee07334ab664e5f09ee9737037070bfcc3e8f361347a88aa967d66efcd0f995","prev_hash":"9355dce751fea11d6dcf9e4c36a8edd3822c9f5ad9404c1460b9a36f9eaa5a45","record_hash":"bbc223d003eddcbe67036a2d034d00d9edac8c442f173681e7f255ae76184f67","signature_hex":"b63afc408f2fb63f0f72899dccf3a33e96560ee8221710a5555aa9cdf2ddbb9d399a8f70ba6ecb71971a9157ef1705ba0ecc4320c9854d61fe5c21e14ded990d","public_key_hex":"c2f8243b0d573587f285c830a868acd19249d17d59ecbf9329e796dfed6fb630"}
{"seq":35,"ts":1779462000000,"agent_id":"regime","symbol":"BTCUSDT","side":"buy","price":76795.13316544199,"quantity":0.02604331703796049,"notional_usd":2000.0,"fee_usd":1.2,"balance_before_usd":9951.775307974174,"balance_after_usd":9949.975447944182,"decision":"ALLOW_CAPPED","cert_hash":"4444a785ac5753841c2a6a05da26861abb8a224b9f183e233d9a5ad429630c46","prev_hash":"bbc223d003eddcbe67036a2d034d00d9edac8c442f173681e7f255ae76184f67","record_hash":"01b4fae1f069c9b3a0eabc673b7ebb52730f5dca8b88b8b64179b6651d529fc1","signature_hex":"a737f362b16f97b13c4a799b99cc23e96cd439e6556c8e2dfd1e474d20f76c5c59dc22f536a6ec648b634faf990476a639620dab7f876f9587fcd4126c01c90f","public_key_hex":"c2f8243b0d573587f285c830a868acd19249d17d59ecbf9329e796dfed6fb630"}
{"seq":36,"ts":1779465600000,"agent_id":"regime","symbol":"BTCUSDT","side":"sell","price":76900.92433848,"quantity":0.02600748973051331,"notional_usd":2000.0,"fee_usd":1.2,"balance_before_usd":9957.899248554375,"balance_after_usd":9956.099108524368,"decision":"ALLOW_CAPPED","cert_hash":"90a8d2c49faf89d1b1c8ffe19402f062d32116d4e3e79a31cd7ab13797ae33b8","prev_hash":"01b4fae1f069c9b3a0eabc673b7ebb52730f5dca8b88b8b64179b6651d529fc1","record_hash":"cc5268a13fbc53e390e11ba637e740a4ab0eb4d22e4eda11df4381dbff004ac3","signature_hex":"84ffb6567ce2b6cff8476127fb0f65311231396e6fbcdc8e33a1a8125423bd1ccb56b2f8d6fedc68e0cd72fd1620f0c0c73649309f7e5765c6fd413ab09dc801","public_key_hex":"c2f8243b0d573587f285c830a868acd19249d17d59ecbf9329e796dfed6fb630"}
{"seq":37,"ts":1779469200000,"agent_id":"regime","symbol":"BTCUSDT","side":"buy","price":76756.02143466,"quantity":0.026056587647687517,"notional_usd":2000.0,"fee_usd":1.2,"balance_before_usd":9951.10310314093,"balance_after_usd":9949.303243110935,"decision":"ALLOW_CAPPED","cert_hash":"0a13e37c1ff8cc6da1d3052f2655ab7cdb873442ded04167b4caf19a397df875","prev_hash":"cc5268a13fbc53e390e11ba637e740a4ab0eb4d22e4eda11df4381dbff004ac3","record_hash":"43004ae4d41747fea733f65204bc5867ac611ad6867d9e794a11bfab2e665d28","signature_hex":"950e571fb19678fdc4f105c10dd999775ec8627ab93bac18919f295b93a6bf8fc98187fd9b56b2deef79a1b71e27d6b74b461896f573d0402554b3478b9daa0a","public_key_hex":"c2f8243b0d573587f285c830a868acd19249d17d59ecbf9329e796dfed6fb630"}
{"seq":38,"ts":1779472800000,"agent_id":"regime","symbol":"BTCUSDT","side":"buy","price":76524.42922124708,"quantity":0.025716000211650193,"notional_usd":1967.90223805,"fee_usd":1.18074134283,"balance_before_usd":9937.220996657386,"balance_after_usd":9935.453179056136,"decision":"ALLOW","cert_hash":"458bc9808a7d6b66603379016f34a964c6d8b26f857f91a484ad457427ff9837","prev_hash":"43004ae4d41747fea733f65204bc5867ac611ad6867d9e794a11bfab2e665d28","record_hash":"fed759caeea51bee66f88a596ff968e470fcf904fb31b7d1ef3890fd4bbdc2ba","signature_hex":"c74e9a50271ad7f91a65a80689e381868aceeb9e2b1c7087f5d9c31fda5bc8519d77ddaf5baea2d8c47688d9e0479f223024ad71e5fdf8bcf39e9fa2b3d5a90c","public_key_hex":"c2f8243b0d573587f285c830a868acd19249d17d59ecbf9329e796dfed6fb630"}
{"seq":39,"ts":1779476400000,"agent_id":"regime","symbol":"BTCUSDT","side":"sell","price":75796.75566639,"quantity":0.02638635364292835,"notional_usd":2000.0,"fee_usd":1.2,"balance_before_usd":9882.297341526266,"balance_after_usd":9880.49720149626,"decision":"ALLOW_CAPPED","cert_hash":"19e2771ba078556eababffaeafa13d15117f47ee5eeb588063631bde9a48da1c","prev_hash":"fed759caeea51bee66f88a596ff968e470fcf904fb31b7d1ef3890fd4bbdc2ba","record_hash":"2733009558f22a46ef61515a24e6c8fd24bb688b431052471a2f40c1535f94d7","signature_hex":"d86e0c7c81dc53fa50fe0cb7c541d013e175a796018e319acaf130e18c9b4c984e1339d38b38235055d48e4aa6ee797a4274e9481051848e10928854fe84c400","public_key_hex":"c2f8243b0d573587f285c830a868acd19249d17d59ecbf9329e796dfed6fb630"}
{"seq":40,"ts":1779480000000,"agent_id":"regime","symbol":"BTCUSDT","side":"sell","price":75917.2195188,"quantity":0.02634448433012913,"notional_usd":2000.0,"fee_usd":1.2,"balance_before_usd":9886.708172817267,"balance_after_usd":9884.90803278726,"decision":"ALLOW_CAPPED","cert_hash":"786e1974c4b05f30d8c404c55a07cb0de3bcab492130e29a6b5b733659c2f2c4","prev_hash":"2733009558f22a46ef61515a24e6c8fd24bb688b431052471a2f40c1535f94d7","record_hash":"d98f533d2b39dc7cccf010a264558240f5898098045846ef39a17b0d609ae59f","signature_hex":"012f613d6896ef2197918d5af86ccac055e6d4495891214ad7a51077172a3291b470a7b6bf80d4e1de6a2a36b09db48a01f4ebf818b87ce3c58e3a893716ba0c","public_key_hex":"c2f8243b0d573587f285c830a868acd19249d17d59ecbf9329e796dfed6fb630"}
{"seq":41,"ts":1779483600000,"agent_id":"regime","symbol":"BTCUSDT","side":"sell","price":75918.74707576953,"quantity":0.025206298678376905,"notional_usd":1913.63061408,"fee_usd":1.148178368448,"balance_before_usd":9884.938271402621,"balance_after_usd":9883.224137919819,"decision":"ALLOW","cert_hash":"db4603dc12f6570d6ebfda87e8c25ce0b9ad2f8be21ff92e5ebf67316c48a6f8","prev_hash":"d98f533d2b39dc7cccf010a264558240f5898098045846ef39a17b0d609ae59f","record_hash":"55b5d0a07f3e13b31fae6a4b60063b506b36e06a4d9ba1d5aa85763df25c973d","signature_hex":"7df52849285d4dfdf516fe7fcf9c538edb401d07e96cab165111b8b88e0ba122eca025545b7be2c50e7dbde013e709af6cceb771d6073b8458b7cf71d02b7d09","public_key_hex":"c2f8243b0d573587f285c830a868acd19249d17d59ecbf9329e796dfed6fb630"}
{"seq":42,"ts":1779519600000,"agent_id":"regime","symbol":"BTCUSDT","side":"sell","price":74540.63259126,"quantity":0.026831003849496483,"notional_usd":2000.0,"fee_usd":1.2,"balance_before_usd":9883.234409015577,"balance_after_usd":9881.43426898557,"decision":"ALLOW_CAPPED","cert_hash":"6d170ff133c52b8c1119e2f242543b5d1b0420c2758b0499fa80944266c2147a","prev_hash":"55b5d0a07f3e13b31fae6a4b60063b506b36e06a4d9ba1d5aa85763df25c973d","record_hash":"f04129cb40d6eb86d9ffc68cf6cedd43bc75e589bbc4fe62e2f7fd61d5469935","signature_hex":"e189a5e07998615747bde490753009c17b4a01a2a7cb2a590298ce9eea90cbe9e6f6b041a2b1f99437934b36470d8aeaa76c74e475c52cd2b9d43ee6e8614b07","public_key_hex":"c2f8243b0d573587f285c830a868acd19249d17d59ecbf9329e796dfed6fb630"}
{"seq":43,"ts":1779523200000,"agent_id":"regime","symbol":"BTCUSDT","side":"sell","price":74621.60829288,"quantity":0.026801888162879886,"notional_usd":2000.0,"fee_usd":1.2,"balance_before_usd":9879.260354017719,"balance_after_usd":9877.460213987713,"decision":"ALLOW_CAPPED","cert_hash":"ea883bbb22965fb82972e07961790967ab202f2b7e489e988aa8ce7aa146b72f","prev_hash":"f04129cb40d6eb86d9ffc68cf6cedd43bc75e589bbc4fe62e2f7fd61d5469935","record_hash":"602e545c07f0b6559367f325e827f09da495235b3529137fad8a82f534a7ae75","signature_hex":"eab84a7db38eca0ea24628088c95aef628357f463f536895cb37ffb54393c13c3eaf68862c6df1f5522694332eb04d60e7c3f0c1b1ea612347d6def25ca3210c","public_key_hex":"c2f8243b0d573587f285c830a868acd19249d17d59ecbf9329e796dfed6fb630"}
{"seq":44,"ts":1779526800000,"agent_id":"regime","symbol":"BTCUSDT","side":"sell","price":74592.1966226584,"quantity":0.02580826581979523,"notional_usd":1925.09523852,"fee_usd":1.155057143112,"balance_before_usd":9879.053332221029,"balance_after_usd":9877.327825239969,"decision":"ALLOW","cert_hash":"d8423a120f3134c6498832d2af0db205936c7de5d0ed952f52770367aa12a133","prev_hash":"602e545c07f0b6559367f325e827f09da495235b3529137fad8a82f534a7ae75","record_hash":"baa0ff96b5f4ca95b965d9292577bf5ee5d99562eed31153225e1cc117b54f5f","signature_hex":"10672a628e94d27a59f2d5c600384ac8726eff0c118084909fb5853940eeb763020325a4faa4022af7bb11213a76cc1f84d819df329c942c3b5c59c8b28abf05","public_key_hex":"c2f8243b0d573587f285c830a868acd19249d17d59ecbf9329e796dfed6fb630"}
{"seq":45,"ts":1779548400000,"agent_id":"regime","symbol":"BTCUSDT","side":"buy","price":75500.64490956,"quantity":0.026489839952966512,"notional_usd":2000.0,"fee_usd":1.2,"balance_before_usd":9808.708060458308,"balance_after_usd":9806.908200428314,"decision":"ALLOW_CAPPED","cert_hash":"eda7fe7c88709421554d21320a569c52ecf73c5ea742e954353b1a12ddaf5643","prev_hash":"baa0ff96b5f4ca95b965d9292577bf5ee5d99562eed31153225e1cc117b54f5f","record_hash":"9e5b499bd0108db472c710eb36f987cb4b014cc1dc6e29a3fee72d317bcfcdaa","signature_hex":"b9520289a814d7ec5f89df2bde6115f2a80e2fefbc2e4a2b245439a4769bb62d05d27f30c24489115bc7daf2c408aa644042845d35258a29205869b43648ef07","public_key_hex":"c2f8243b0d573587f285c830a868acd19249d17d59ecbf9329e796dfed6fb630"}
{"seq":46,"ts":1779552000000,"agent_id":"regime","symbol":"BTCUSDT","side":"buy","price":75416.61970787999,"quantity":0.026519353529060753,"notional_usd":2000.0,"fee_usd":1.2,"balance_before_usd":9811.35673714384,"balance_after_usd":9809.556877113846,"decision":"ALLOW_CAPPED","cert_hash":"cca24c9d95f974494d853cf7da5ed74648d212fd64e38ef98c8405408e1fc3b5","prev_hash":"9e5b499bd0108db472c710eb36f987cb4b014cc1dc6e29a3fee72d317bcfcdaa","record_hash":"a00c22569e19b60bffcc936561ba129337734831bfa594ca0f8aec4ff835638e","signature_hex":"69d679e9bd40584a28aa1c96ac4f709af43b27c3ffc844ffa1537a9fc4b277fb6d654fbd42c8f97820ad2afe4a62e9206807da8a19e3099aecbd2dff577e840a","public_key_hex":"c2f8243b0d573587f285c830a868acd19249d17d59ecbf9329e796dfed6fb630"}
{"seq":47,"ts":1779555600000,"agent_id":"regime","symbol":"BTCUSDT","side":"buy","price":75466.81477664661,"quantity":0.026431493921183286,"notional_usd":1994.70065602,"fee_usd":1.196820393612,"balance_before_usd":9808.229618385772,"balance_after_usd":9806.435055660697,"decision":"ALLOW","cert_hash":"ba6ffc7d61ecc9ed9dcfa269d7d40f06cff0bc694d943d778993771fd6831449","prev_hash":"a00c22569e19b60bffcc936561ba129337734831bfa594ca0f8aec4ff835638e","record_hash":"2dd30ffd83117c2df3d988e52dc8b854231f5799b94c72ec53eefbfda9a6898a","signature_hex":"6b9c18234670fa0b1e63ef65ce944d19c7532f7d804bfd371fcf9cc39f2de35d04e4031f7d137e96f03ab5af51695c310e6b787f645a37f686541ce3e88ec004","public_key_hex":"c2f8243b0d573587f285c830a868acd19249d17d59ecbf9329e796dfed6fb630"}
{"seq":48,"ts":1779570000000,"agent_id":"regime","symbol":"BTCUSDT","side":"sell","price":76743.871465338,"quantity":0.026060712885762043,"notional_usd":2000.0,"fee_usd":1.2,"balance_before_usd":9806.424575944728,"balance_after_usd":9804.62443591472,"decision":"ALLOW_CAPPED","cert_hash":"29a3b502e99cb441955f0b8d9ab24cf159599eb519560488ee59b990fba45ad4","prev_hash":"2dd30ffd83117c2df3d988e52dc8b854231f5799b94c72ec53eefbfda9a6898a","record_hash":"c6422f28cfea89d6f639f01e542beac7ae6173ce12863d626397b3bd5d221041","signature_hex":"ee46a7bb465a38b9f432437189a39cfcf661cce8f0ca19864fe7c15abba6218e9eabd464635aa21100f4e7260f68f53355a5929faaf8b3224faed7e051f1d903","public_key_hex":"c2f8243b0d573587f285c830a868acd19249d17d59ecbf9329e796dfed6fb630"}
{"seq":49,"ts":1779573600000,"agent_id":"regime","symbol":"BTCUSDT","side":"buy","price":76560.04435808599,"quantity":0.026060823322253894,"notional_usd":1995.21778956,"fee_usd":1.1971306737360001,"balance_before_usd":9810.61500843499,"balance_after_usd":9808.819928898934,"decision":"ALLOW","cert_hash":"e025ad7ba894864c4d4c656bae65201ab0ea4cb9c7d2c14ddfdd4dfad1f8ff7b","prev_hash":"c6422f28cfea89d6f639f01e542beac7ae6173ce12863d626397b3bd5d221041","record_hash":"a35c0a33ce47e198bc80b2568f4cfd30bed04a856ae1f7a0bfe91599ab8e678a","signature_hex":"3a1e031c414b31cffb9c154fac7dfa50420ec9cd923a1f5e1712e163e16bcd6a493d9536880fa37e9a9f960c335d833e7bf955814cce5a0524aa4c2a9bd0bf04","public_key_hex":"c2f8243b0d573587f285c830a868acd19249d17d59ecbf9329e796dfed6fb630"}
{"seq":50,"ts":1779681600000,"agent_id":"regime","symbol":"BTCUSDT","side":"sell","price":77322.097956906,"quantity":0.025865826883210825,"notional_usd":2000.0,"fee_usd":1.2,"balance_before_usd":9808.813614807183,"balance_after_usd":9807.013474777177,"decision":"ALLOW_CAPPED","cert_hash":"d81238ac234f585a9e73065dfadaedd3b07dd252b7e90b4eadb811f3381212e2","prev_hash":"a35c0a33ce47e198bc80b2568f4cfd30bed04a856ae1f7a0bfe91599ab8e678a","record_hash":"2be257674c5c36fb51a6d74e7b5864414f0d6cdfa6f1bc2029c6f6b3c35de780","signature_hex":"691dc5a1f88b1c91543bbbc8411ee6c95e04c8cd7da00069a42262a2394763a2641979b81e2281c8e5c5809bacee2bf924c38676d61361a99e0139097ae19202","public_key_hex":"c2f8243b0d573587f285c830a868acd19249d17d59ecbf9329e796dfed6fb630"}
{"seq":51,"ts":1779685200000,"agent_id":"regime","symbol":"BTCUSDT","side":"buy","price":77381.20894715999,"quantity":0.025846068150288354,"notional_usd":2000.0,"fee_usd":1.2,"balance_before_usd":9806.68487955655,"balance_after_usd":9804.885019526555,"decision":"ALLOW_CAPPED","cert_hash":"d85274791c4fd7d4798b0d84d064d786351a698c1658b016036dd33849cdc7eb","prev_hash":"2be257674c5c36fb51a6d74e7b5864414f0d6cdfa6f1bc2029c6f6b3c35de780","record_hash":"ee142403e922f9bf1505561f331705b232601b48aa78e18d0cc9356db703c486","signature_hex":"f8328376d8e9e753bd0956d6c8d57edbaa2ab6bcf917589c363f4013482627ded8699e7bda45ae71fd48f3cbdfce3abd66c7626655bb12fe3f90fe58a0cb010f","public_key_hex":"c2f8243b0d573587f285c830a868acd19249d17d59ecbf9329e796dfed6fb630"}
{"seq":52,"ts":1779753600000,"agent_id":"regime","symbol":"BTCUSDT","side":"buy","price":76777.627915092,"quantity":0.026049254897686995,"notional_usd":2000.0,"fee_usd":1.2,"balance_before_usd":9804.901656030339,"balance_after_usd":9803.101796000346,"decision":"ALLOW_CAPPED","cert_hash":"6be9c7ce320d4f94e0e489b5307f222fada90dab40db17c21b9596eb459bd7fd","prev_hash":"ee142403e922f9bf1505561f331705b232601b48aa78e18d0cc9356db703c486","record_hash":"9137de92b78365ec7b38a3ccffe797f12416e140c9e0fe4e98ba2c910c1adbcf","signature_hex":"cecb5acfd04565e766e1efa4376c77bbb855f554126bee0deb60850871e47d54a0de560b2e897a65b90f82925c8cdf8485b9452e715800ee0c6b1f974252a007","public_key_hex":"c2f8243b0d573587f285c830a868acd19249d17d59ecbf9329e796dfed6fb630"}
{"seq":53,"ts":1779757200000,"agent_id":"regime","symbol":"BTCUSDT","side":"sell","price":76699.09856646259,"quantity":0.026029487319072113,"notional_usd":1996.43821352,"fee_usd":1.197862928112,"balance_before_usd":9802.256091282417,"balance_after_usd":9800.459512831723,"decision":"ALLOW","cert_hash":"a205b2db64760a8ede4a0c7dce84852ba2829b40450bd6bd82eab88f3f2dab9a","prev_hash":"9137de92b78365ec7b38a3ccffe797f12416e140c9e0fe4e98ba2c910c1adbcf","record_hash":"eaccc32396e7c94fa44d1831b0ecd7518ecafa31309c8e404c56bafebb346fa0","signature_hex":"67f7ab84be5ea9815f3c96afd3b542ad12296ec428e90763381060afebc01d7606d2a835389e8838a0e4b6553e82ac7fd6c7b0df8d11020cbe9e8c0c8f75b309","public_key_hex":"c2f8243b0d573587f285c830a868acd19249d17d59ecbf9329e796dfed6fb630"}
{"seq":54,"ts":1779760800000,"agent_id":"regime","symbol":"BTCUSDT","side":"buy","price":76652.89050259799,"quantity":0.02609164490583971,"notional_usd":2000.0,"fee_usd":1.2,"balance_before_usd":9800.460232331989,"balance_after_usd":9798.660372301994,"decision":"ALLOW_CAPPED","cert_hash":"ee872324ca66a844fbd857036638681fe53251847d89343c64d490dccfd46f32","prev_hash":"eaccc32396e7c94fa44d1831b0ecd7518ecafa31309c8e404c56bafebb346fa0","record_hash":"087d92703fc2f31caf32fce44b155235a9dc2b5f6669983ddd21045e6799811b","signature_hex":"a2400c1248cb9fa7fd81b4d66a778680a1083b4828894cfa7bb5ce4ddcb33c1f2b1e45d015f93ffd54297aeca6b2cedf38d30fb259df084430c14ba30a1afc0e","public_key_hex":"c2f8243b0d573587f285c830a868acd19249d17d59ecbf9329e796dfed6fb630"}
{"seq":55,"ts":1779764400000,"agent_id":"regime","symbol":"BTCUSDT","side":"sell","price":76606.4173516433,"quantity":0.02609166661397361,"notional_usd":1998.78910203,"fee_usd":1.199273461218,"balance_before_usd":9798.647330381387,"balance_after_usd":9796.84840132134,"decision":"ALLOW","cert_hash":"7f246bdb20e256f8dd85afbe6953396b1a563b33301088f62d1b8f47634cd3e2","prev_hash":"087d92703fc2f31caf32fce44b155235a9dc2b5f6669983ddd21045e6799811b","record_hash":"438d2d484a78e9464d95486416cf0b9effa129cfa60b60ef456577cb58e86dda","signature_hex":"f34466a2cfcf4b8277ebb8b7915da2db2a673d73388d0e5aeb42988b301f2fede52a7751c41798146a3e7d16e33113c07f31444631442b86ea66737cf7f53503","public_key_hex":"c2f8243b0d573587f285c830a868acd19249d17d59ecbf9329e796dfed6fb630"}
{"seq":56,"ts":1779937200000,"agent_id":"regime","symbol":"BTCUSDT","side":"sell","price":73210.931594658,"quantity":0.027318324687811164,"notional_usd":2000.0,"fee_usd":1.2,"balance_before_usd":9796.8749802878,"balance_after_usd":9795.074840257792,"decision":"ALLOW_CAPPED","cert_hash":"cd72bac0f0813bf458c82588964b64af408c293372cb7901253a0f2ff9c6b968","prev_hash":"438d2d484a78e9464d95486416cf0b9effa129cfa60b60ef456577cb58e86dda","record_hash":"a590ed47f25409d9bdc7fff632a1eca72f7fdde2c27b5a32931a1c78d1a31b5f","signature_hex":"8bcd246337455988da584acf125f67d5d37c7f97af73434ef3d3910e461a48d7eb9764664b08d00db93bcadae61c84779825c7cbdb4f07795f9ac99f1247620a","public_key_hex":"c2f8243b0d573587f285c830a868acd19249d17d59ecbf9329e796dfed6fb630"}
{"seq":57,"ts":1779940800000,"agent_id":"regime","symbol":"BTCUSDT","side":"sell","price":73129.55601303,"quantity":0.02734872340321123,"notional_usd":2000.0,"fee_usd":1.2,"balance_before_usd":9797.29918887483,"balance_after_usd":9795.499048844822,"decision":"ALLOW_CAPPED","cert_hash":"3c4c5020f7e129a6457dcc4248c53daef4ba6d75f50cdef67e6e9dbb49527427","prev_hash":"a590ed47f25409d9bdc7fff632a1eca72f7fdde2c27b5a32931a1c78d1a31b5f","record_hash":"8f31da12f812c68d6bf9b8c7b29e62f67745d14e369d0ce1e4db203e89120d26","signature_hex":"d0593b8fb0b69c99826a1eef26e0760718e2e8eb62d9512639d751bcd7da7f5fdfbf720884e4d4f00f9efa32dd0426f3bd88d9e028dfd77bd3583b1a7efc2506","public_key_hex":"c2f8243b0d573587f285c830a868acd19249d17d59ecbf9329e796dfed6fb630"}
{"seq":58,"ts":1779944400000,"agent_id":"regime","symbol":"BTCUSDT","side":"sell","price":72939.69830376399,"quantity":0.02597210943786206,"notional_usd":1894.39782671,"fee_usd":1.136638696026,"balance_before_usd":9805.903677269904,"balance_after_usd":9804.208594166135,"decision":"ALLOW","cert_hash":"2eb829c771e735ac98f56baf3f2a9cdfc3e4ec54f16a8ce1435d7514cd018fb4","prev_hash":"8f31da12f812c68d6bf9b8c7b29e62f67745d14e369d0ce1e4db203e89120d26","record_hash":"7db19982db3c5340f5941ea2c8d2ce8a786aca05a0611a48c7093f8d35af2c2d","signature_hex":"e1f99b7b0469e6a056872566cd43c62af47ab4674a86e4887c4610a0203e0434cc6c03d88720791d4a9c9f45a1bc4df7efa1e8bbbe97e6c330b7228620b38106","public_key_hex":"c2f8243b0d573587f285c830a868acd19249d17d59ecbf9329e796dfed6fb630"}
{"seq":59,"ts":1780002000000,"agent_id":"regime","symbol":"BTCUSDT","side":"buy","price":73805.63652567,"quantity":0.027098201358976007,"notional_usd":2000.0,"fee_usd":1.2,"balance_before_usd":9737.892580104839,"balance_after_usd":9736.092720074843,"decision":"ALLOW_CAPPED","cert_hash":"f8c06ea03ac6d9e201741d20d0b9940cb91b1c60a6ea4de18c61cf9a72372360","prev_hash":"7db19982db3c5340f5941ea2c8d2ce8a786aca05a0611a48c7093f8d35af2c2d","record_hash":"96b72afad4d45a2175b92ce65a92e427e563b97b3542f1edad438ec8ca25c2af","signature_hex":"4800869e4b378929b68a7549486d6ee561f22ef97f3aed44ab4c2f33be92d4ece10cb481a58da21f9aafc0f849ff2c36f65e98db51243978d5b580d1c3980e0a","public_key_hex":"c2f8243b0d573587f285c830a868acd19249d17d59ecbf9329e796dfed6fb630"}
{"seq":60,"ts":1780005600000,"agent_id":"regime","symbol":"BTCUSDT","side":"buy","price":73462.0334688,"quantity":0.027224947439678734,"notional_usd":2000.0,"fee_usd":1.2,"balance_before_usd":9754.486726543637,"balance_after_usd":9752.686866513643,"decision":"ALLOW_CAPPED","cert_hash":"9e1f862c56b5f564a612d9ce1a40f9af00f93692b8a6a25b4084eff68c9d754c","prev_hash":"96b72afad4d45a2175b92ce65a92e427e563b97b3542f1edad438ec8ca25c2af","record_hash":"310f9cb542e5448cfd5b35f46898027ea3fd249b3f590399324d6a3af023dc20","signature_hex":"b03c45464cb6a20287cde885f22d94fb7c9f5ea503b20c202e9e838aecdc43051966c1ee07b868eaf9396a71f907c8e43b90e0d74047b872f04300c75b046908","public_key_hex":"c2f8243b0d573587f285c830a868acd19249d17d59ecbf9329e796dfed6fb630"}
{"seq":61,"ts":1780009200000,"agent_id":"regime","symbol":"BTCUSDT","side":"buy","price":73611.94730858029,"quantity":0.026316021471479274,"notional_usd":1937.17358593,"fee_usd":1.162304151558,"balance_before_usd":9748.735659010901,"balance_after_usd":9746.998420617649,"decision":"ALLOW","cert_hash":"279faa1178801638d51b6d2253703ef44f3f2795a313218d562194b22dc0a325","prev_hash":"310f9cb542e5448cfd5b35f46898027ea3fd249b3f590399324d6a3af023dc20","record_hash":"9c1e6fd73552ca9a33cabee7ccd6ffddacd14c2c2dc6fb36f91d3fc77f7d2f6b","signature_hex":"e883e12197f50357ed77e6d26695b8e45b827dfb16ce708768a13919d7e80d0497754ab6b093e29683fb8d44b7a1b80d71acdcc10e2152b45a7853d5e1e4080d","public_key_hex":"c2f8243b0d573587f285c830a868acd19249d17d59ecbf9329e796dfed6fb630"}
{"seq":62,"ts":1780160400000,"agent_id":"regime","symbol":"BTCUSDT","side":"sell","price":73952.8089795,"quantity":0.027044273606353583,"notional_usd":2000.0,"fee_usd":1.2,"balance_before_usd":9746.995413525821,"balance_after_usd":9745.195273495816,"decision":"ALLOW_CAPPED","cert_hash":"35c10028ffe8751ee706a3d6284852fdb24b16b43ec7e3cd0bc1cc146dc4cbd3","prev_hash":"9c1e6fd73552ca9a33cabee7ccd6ffddacd14c2c2dc6fb36f91d3fc77f7d2f6b","record_hash":"daa1069bc3bea6bdb22e7fdd519bb77d600b47b8d25c67cfafd776b279e4171c","signature_hex":"f859644943ecfd54df8020b2260494d68a089c2b48dcde29ef1f98cfcec4180f0ea11fee849920b6b6caf71ebe576744456031a02ad2ac910bcffd5d6034050b","public_key_hex":"c2f8243b0d573587f285c830a868acd19249d17d59ecbf9329e796dfed6fb630"}
{"seq":63,"ts":1780164000000,"agent_id":"regime","symbol":"BTCUSDT","side":"sell","price":73974.30252993,"quantity":0.027036415776827364,"notional_usd":2000.0,"fee_usd":1.2,"balance_before_usd":9744.613653641145,"balance_after_usd":9742.813513611138,"decision":"ALLOW_CAPPED","cert_hash":"77626ccce222d22f44171ca511b814b45f007bb06afef77b2042cb166654995b","prev_hash":"daa1069bc3bea6bdb22e7fdd519bb77d600b47b8d25c67cfafd776b279e4171c","record_hash":"6d356f8a848e6e412daf5e8e130a0c0b8a8805ac12f19499ed5253d6e7c008a7","signature_hex":"4500c27f6883cb867f659067a3d4a991c6f1f27c71a66492ee3259d4305e2f2162d572c1d63f22159f57003be8601ea9fecbfb91940219b8aac0098129e4310d","public_key_hex":"c2f8243b0d573587f285c830a868acd19249d17d59ecbf9329e796dfed6fb630"}
{"seq":64,"ts":1780167600000,"agent_id":"regime","symbol":"BTCUSDT","side":"buy","price":73988.491369326,"quantity":0.027031230979108135,"notional_usd":2000.0,"fee_usd":1.2,"balance_before_usd":9744.446986372763,"balance_after_usd":9742.647126342768,"decision":"ALLOW_CAPPED","cert_hash":"2fa726ab495085632562c9b8062bda92179e01a6edf6b8802dcaa18fc9912187","prev_hash":"6d356f8a848e6e412daf5e8e130a0c0b8a8805ac12f19499ed5253d6e7c008a7","record_hash":"104d8c720f24489ffd61a17e57b552b7c07fbfebb6afaca36ad7f60adccf6473","signature_hex":"604a8c31a425810adb35b9da0e0ce8fce0a80fa5c81ce67844b48418f35eabc4ba3881866f6b42a5892696131002074e6c83ab19f35b96f6c39409ada5392b00","public_key_hex":"c2f8243b0d573587f285c830a868acd19249d17d59ecbf9329e796dfed6fb630"}
{"seq":65,"ts":1780171200000,"agent_id":"regime","symbol":"BTCUSDT","side":"buy","price":73956.081648678,"quantity":0.027043076856083696,"notional_usd":2000.0,"fee_usd":1.2,"balance_before_usd":9743.52378192516,"balance_after_usd":9741.723921895165,"decision":"ALLOW_CAPPED","cert_hash":"37509d052bc1e4ba76268be9a7a3faf13381d76b824c12f024443b6120c4e059","prev_hash":"104d8c720f24489ffd61a17e57b552b7c07fbfebb6afaca36ad7f60adccf6473","record_hash":"a5f9b45546f4ff095cb0e7b9fd2cf7ec29ed3e1fa8fa2d78c055e796e39fa60a","signature_hex":"d78486704b3b79dce72e1f47eb1727e89f903a62722c047a8011a7f4145dd1ec1c4e344d6cc24f4ddb9fdcd2ca962b1fa535e1657129b459f1c0c2b03c2e0b02","public_key_hex":"c2f8243b0d573587f285c830a868acd19249d17d59ecbf9329e796dfed6fb630"}
{"seq":66,"ts":1780236000000,"agent_id":"regime","symbol":"BTCUSDT","side":"buy","price":73596.873911496,"quantity":0.02717506727806268,"notional_usd":2000.0,"fee_usd":1.2,"balance_before_usd":9741.729019034314,"balance_after_usd":9739.929159004321,"decision":"ALLOW_CAPPED","cert_hash":"466dcac68bfcbd15fe04755efd5c4ad1c43578c61efad6ce7c6428e03ed7e85d","prev_hash":"a5f9b45546f4ff095cb0e7b9fd2cf7ec29ed3e1fa8fa2d78c055e796e39fa60a","record_hash":"6354f00dfdeef96d9c735ecd24d00915dd9eafb0768d832ad049e8a3eaf01bf1","signature_hex":"2f1f3fa4efbbc5f574de1f32a0f69b3379b24846992480a240eaf680baf83863d96958cd44cf3b613fbe001c39e12e75ce9160b3eea9e23ce345bcd99aee7a09","public_key_hex":"c2f8243b0d573587f285c830a868acd19249d17d59ecbf9329e796dfed6fb630"}
{"seq":67,"ts":1780239600000,"agent_id":"regime","symbol":"BTCUSDT","side":"buy","price":73655.49149266799,"quantity":0.027153440422009664,"notional_usd":2000.0,"fee_usd":1.2,"balance_before_usd":9741.52078616638,"balance_after_usd":9739.720926136386,"decision":"ALLOW_CAPPED","cert_hash":"52099eba0a5dd2cb8361ee97b0f2f59387ba98ef4b5cb80cd30907bf0f859795","prev_hash":"6354f00dfdeef96d9c735ecd24d00915dd9eafb0768d832ad049e8a3eaf01bf1","record_hash":"ca20f92e8dd25f13ba471c7012d38532948061da074ec23306fc6ed05bdfbf14","signature_hex":"6c1d75f8efb6156d2322d028f36c991cf7fced08ed7f3a751e53ad5ccf8a99f4892138f23f64981f374be4082533d75a3e2cb0e2dd5d6411fcfde93dafa4be06","public_key_hex":"c2f8243b0d573587f285c830a868acd19249d17d59ecbf9329e796dfed6fb630"}
{"seq":68,"ts":1780243200000,"agent_id":"regime","symbol":"BTCUSDT","side":"buy","price":73527.89190736035,"quantity":0.0251230397555446,"notional_usd":1847.24415153,"fee_usd":1.108346490918,"balance_before_usd":9732.82300832256,"balance_after_usd":9731.174719788607,"decision":"ALLOW","cert_hash":"49eb74098bf858667fae65128a5d5f1a45ee96811509660a01528aae2a081479","prev_hash":"ca20f92e8dd25f13ba471c7012d38532948061da074ec23306fc6ed05bdfbf14","record_hash":"b070b02e7f2d3d96e8453d134a64de7bd48282fb0c0c8dc7bcf652521622a6c9","signature_hex":"0ddc08d4cbe6cc50eaf2656d41b33e91e957db46c78cde7523f93df3084de338cc58b964edfecb9e4940c67aebae02a73bb17d9421ae205e82ffd7ebba63de03","public_key_hex":"c2f8243b0d573587f285c830a868acd19249d17d59ecbf9329e796dfed6fb630"}
{"seq":69,"ts":1780246800000,"agent_id":"regime","symbol":"BTCUSDT","side":"sell","price":73663.995643722,"quantity":0.02715030568899706,"notional_usd":2000.0,"fee_usd":1.2,"balance_before_usd":9745.449612167675,"balance_after_usd":9743.64947213767,"decision":"ALLOW_CAPPED","cert_hash":"6c5ea161b258b2e5971c1851d620f27fa25f74624ef2db0c836175841d880f29","prev_hash":"b070b02e7f2d3d96e8453d134a64de7bd48282fb0c0c8dc7bcf652521622a6c9","record_hash":"8efd701d7f53443035d86f24adc8dfe01332395a9466bad064a18b846e2f013b","signature_hex":"0494be95d5e25528035f2916e2890cbc535d81b552c33305617b4c2636f0717280f690588603f594a03cf846b28827a12ad7cbfb47448eb84e5c6d0efbdf960d","public_key_hex":"c2f8243b0d573587f285c830a868acd19249d17d59ecbf9329e796dfed6fb630"}
{"seq":70,"ts":1780250400000,"agent_id":"regime","symbol":"BTCUSDT","side":"sell","price":73559.027141622,"quantity":0.027189049090459452,"notional_usd":2000.0,"fee_usd":1.2,"balance_before_usd":9738.15933214374,"balance_after_usd":9736.359192113732,"decision":"ALLOW_CAPPED","cert_hash":"794f430839fd75491f4c13c9e3b2d07ae00fc61357c86006abff7a63ee3fabdf","prev_hash":"8efd701d7f53443035d86f24adc8dfe01332395a9466bad064a18b846e2f013b","record_hash":"9406c0bf4a22709af377de49df059c77f8a3985046e40fbc6f612c000e2b8a95","signature_hex":"b7e1e2400cf439798e2c85d8d3e33f93b6ef3bb6c0b9e0c624feb6b26ea99b3648938032037d423e983e68243dc3de03b9922149db38326835aef8b52389d70d","public_key_hex":"c2f8243b0d573587f285c830a868acd19249d17d59ecbf9329e796dfed6fb630"}
{"seq":71,"ts":1780254000000,"agent_id":"regime","symbol":"BTCUSDT","side":"buy","price":73550.660050572,"quantity":0.027192142104840923,"notional_usd":2000.0,"fee_usd":1.2,"balance_before_usd":9735.041547194016,"balance_after_usd":9733.241687164023,"decision":"ALLOW_CAPPED","cert_hash":"68a192414ad4c3a2218e07cf1b856bbee9864371c6720b8810ead9a20dc46357","prev_hash":"9406c0bf4a22709af377de49df059c77f8a3985046e40fbc6f612c000e2b8a95","record_hash":"a38fe305f63bdefc8cda56d3c4257fcf53964ef3137c00b54d84341760eb3a58","signature_hex":"29289aa4d5be91e2b589c8d9e73ece326a28f23dfda1f2867a1ed868db56aa4dd79583a084a28d494e03af5b310b3c9404fa2ccccce28ffbcdf55606e0216005","public_key_hex":"c2f8243b0d573587f285c830a868acd19249d17d59ecbf9329e796dfed6fb630"}
{"seq":72,"ts":1780257600000,"agent_id":"regime","symbol":"BTCUSDT","side":"sell","price":73693.686734316,"quantity":0.027139366866126478,"notional_usd":2000.0,"fee_usd":1.2,"balance_before_usd":9743.03040147978,"balance_after_usd":9741.230261449775,"decision":"ALLOW_CAPPED","cert_hash":"580c0bdfb5ef09d9628d6a4eb06da177a4f45005e8b73adf82dcb5ebc0e3607a","prev_hash":"a38fe305f63bdefc8cda56d3c4257fcf53964ef3137c00b54d84341760eb3a58","record_hash":"4513e6b7dee7b996bdd4560f3e80dade1d5f9f1261fb99e2a45aa603679e96a6","signature_hex":"8c3276676019bda3a14e325f933fffbdb85eada5eb3c44543c0a7cf82c4036c7ee9fb1826418ce7272d791a5f0ea7029e3ba919dc96d91f27cac2f3b21a39201","public_key_hex":"c2f8243b0d573587f285c830a868acd19249d17d59ecbf9329e796dfed6fb630"}
{"seq":73,"ts":1780261200000,"agent_id":"regime","symbol":"BTCUSDT","side":"sell","price":73843.36724563056,"quantity":0.025158141744408693,"notional_usd":1857.76190005,"fee_usd":1.1146571400299998,"balance_before_usd":9744.982756887232,"balance_after_usd":9743.323859846452,"decision":"ALLOW","cert_hash":"12373ef528c6cbb5ab05c09275bf6b1bafc065e0ca725be5d8b9533365378d7e","prev_hash":"4513e6b7dee7b996bdd4560f3e80dade1d5f9f1261fb99e2a45aa603679e96a6","record_hash":"0e1b10c61fb891b990458c63fe3bc61d2aabe8038746a46c35116768518dc382","signature_hex":"1c61be59677c4ed7ebb320466fb35d42538b8932087ac4fac48c4a2bdde961bc5a9d5dff9701e038ad392bbdb85e6e80be2e0738419c4826b96cf6938cddd50a","public_key_hex":"c2f8243b0d573587f285c830a868acd19249d17d59ecbf9329e796dfed6fb630"}
{"seq":74,"ts":1780326000000,"agent_id":"regime","symbol":"BTCUSDT","side":"sell","price":71107.16287257,"quantity":0.02812656164589449,"notional_usd":2000.0,"fee_usd":1.2,"balance_before_usd":9743.344022473977,"balance_after_usd":9741.54388244397,"decision":"ALLOW_CAPPED","cert_hash":"81f9037bb35d14e7afe641398afbaf3dd2c0e77200562f9d15d7d1af048f42a1","prev_hash":"0e1b10c61fb891b990458c63fe3bc61d2aabe8038746a46c35116768518dc382","record_hash":"ff18bcc527611b1cac507e6c4c041b4b35592a8d041a159ea01eab60b633295b","signature_hex":"9b49444ac17b88ca3b2195e429e10eb79ccf01d84a27d3ea9f576faa745598681309ce573e8588f01433a1d329eb84b754d32ed69122087e1523da0313d44308","public_key_hex":"c2f8243b0d573587f285c830a868acd19249d17d59ecbf9329e796dfed6fb630"}
{"seq":75,"ts":1780329600000,"agent_id":"regime","symbol":"BTCUSDT","side":"sell","price":71528.83634100601,"quantity":0.027960751248142998,"notional_usd":2000.0,"fee_usd":1.2,"balance_before_usd":9729.676990904607,"balance_after_usd":9727.8768508746,"decision":"ALLOW_CAPPED","cert_hash":"48bc206d9d06c7f0acd516d92218141c2ab1418265f162cae91927772f00ac88","prev_hash":"ff18bcc527611b1cac507e6c4c041b4b35592a8d041a159ea01eab60b633295b","record_hash":"bf2aa556981bb88b4fada57f5b1e953fe6f6085223fca880aac50ce606b62d79","signature_hex":"9e8878de9053dd8ffd6d45f54d7d5c314b46b0f7317160109d2d68724a825c8793f8d2a80f9c94c204e2b8107229e7e3f5e8f6e986ea5d512e1075c4d01d6301","public_key_hex":"c2f8243b0d573587f285c830a868acd19249d17d59ecbf9329e796dfed6fb630"}
{"seq":76,"ts":1780333200000,"agent_id":"regime","symbol":"BTCUSDT","side":"sell","price":71604.17127529821,"quantity":0.025367662149266806,"notional_usd":1816.43042539,"fee_usd":1.089858255234,"balance_before_usd":9723.686578209208,"balance_after_usd":9722.068343902738,"decision":"ALLOW","cert_hash":"5305eb885d3605e645c835636afd9928df5357842fb5fd7c59937828b7f36519","prev_hash":"bf2aa556981bb88b4fada57f5b1e953fe6f6085223fca880aac50ce606b62d79","record_hash":"ac4be01e00bb6bf37f627b9c0e049b7a7ba2a566d402175535e09990f795318b","signature_hex":"3b697e35f67c41e4f7668d9920d0de1f6958b91be206562ffa59ad6fb3eacd4574d2e6f3c417824e12125ba42791afa6971ea1c17bcfb48b8214978c2486970d","public_key_hex":"c2f8243b0d573587f285c830a868acd19249d17d59ecbf9329e796dfed6fb630"}
{"seq":77,"ts":1780380000000,"agent_id":"regime","symbol":"BTCUSDT","side":"sell","price":70077.28736787262,"quantity":0.002829897188071198,"notional_usd":198.31151847,"fee_usd":0.118986911082,"balance_before_usd":9846.950115841635,"balance_after_usd":9846.789493694268,"decision":"ALLOW","cert_hash":"68aba531c4f1bee9053f4ef80990d8b66f34ec122c45e0d267a6ddbaed76d520","prev_hash":"ac4be01e00bb6bf37f627b9c0e049b7a7ba2a566d402175535e09990f795318b","record_hash":"6203744f7dce92919a61016381b7260edad1007c56cd157b0e5fdec90b64c2d2","signature_hex":"521f0e5a94ab6b14448fc9923af3dee462baa9b59f7691618fd837973ead489c563aeab27e6db7985d1b65dbed294001670a2ff04dd67d993e8fbcd60c393b02","public_key_hex":"c2f8243b0d573587f285c830a868acd19249d17d59ecbf9329e796dfed6fb630"}
{"seq":78,"ts":1780408800000,"agent_id":"regime","symbol":"BTCUSDT","side":"sell","price":67981.94110358595,"quantity":0.004155177243462083,"notional_usd":282.47701464,"fee_usd":0.169486208784,"balance_before_usd":10023.423883172263,"balance_after_usd":10023.19390216841,"decision":"ALLOW","cert_hash":"cb49de321d2cf2bbbda5b0dead2e71f2113a12182598de993e7d4c13dcfc6ced","prev_hash":"6203744f7dce92919a61016381b7260edad1007c56cd157b0e5fdec90b64c2d2","record_hash":"d7b8d57e1608d3361a90513970a39c6fdba46182e2ac07d2044d868f0369a3d8","signature_hex":"5ba5cbd79a8efc8973b766a174699339a90b2e64f2ed28a215a6d704c314285b1e5cc1bc9b8fc7b67a7008d638ae458cbe477cd98235a5f54969ae1489e5260b","public_key_hex":"c2f8243b0d573587f285c830a868acd19249d17d59ecbf9329e796dfed6fb630"}
{"seq":79,"ts":1780437600000,"agent_id":"regime","symbol":"BTCUSDT","side":"sell","price":66345.86095514717,"quantity":0.0034878797691153826,"notional_usd":231.40638619,"fee_usd":0.138843831714,"balance_before_usd":10167.946945664859,"balance_after_usd":10167.759135332624,"decision":"ALLOW","cert_hash":"b91d3967109a2302e164f720996f504ceaa33e2b9a1254cafe94e70863b833da","prev_hash":"d7b8d57e1608d3361a90513970a39c6fdba46182e2ac07d2044d868f0369a3d8","record_hash":"029857e8f6247042c6a98cb479f963a713b115a16608b1b0c2644d9e36db8168","signature_hex":"eaf63e2bb157a54e744dfa798d23990d62171046c26d75d1a0e93cf1f8eeb8d503b275499956bce32f4435d64dc992779faae15970cf181515f319859dc42404","public_key_hex":"c2f8243b0d573587f285c830a868acd19249d17d59ecbf9329e796dfed6fb630"}
{"seq":80,"ts":1780524000000,"agent_id":"regime","symbol":"BTCUSDT","side":"sell","price":64874.52124754608,"quantity":0.003334440491430716,"notional_usd":216.32023051,"fee_usd":0.129792138306,"balance_before_usd":10303.060312337922,"balance_after_usd":10302.884909213564,"decision":"ALLOW","cert_hash":"a688dbbce726c915031ab41fb9c2c9142c75c9c3abb2f483e0a594923a5a7a68","prev_hash":"029857e8f6247042c6a98cb479f963a713b115a16608b1b0c2644d9e36db8168","record_hash":"c5501121b225f8079f0c360cd48d5735377d12df10e8b56b63f8d74d86ba5d2b","signature_hex":"e07f1e294115c69739f2f583ba9d5ad98fd6669fba727b5e000ee081d46308b8cb40ed39266e18f3bdde9f1ab9ddf073f607a29f0acb2b24d01da861ac4e590a","public_key_hex":"c2f8243b0d573587f285c830a868acd19249d17d59ecbf9329e796dfed6fb630"}
{"seq":81,"ts":1780531200000,"agent_id":"regime","symbol":"BTCUSDT","side":"sell","price":63302.37923919253,"quantity":0.0037839425166771253,"notional_usd":239.53256421,"fee_usd":0.143719538526,"balance_before_usd":10452.687044883569,"balance_after_usd":10452.492541957618,"decision":"ALLOW","cert_hash":"c42d2400e578647a0c320244fc103adc4f861663dfa21485fcc9e39cb458b457","prev_hash":"c5501121b225f8079f0c360cd48d5735377d12df10e8b56b63f8d74d86ba5d2b","record_hash":"c30011d3b18ee8b1c78cb1928d386a512d24823b149e416e519f960d3d15baf2","signature_hex":"d4d9ab090c9d978d1099edcb7231348347d7be404027dc4cda2df909a3adf46e335a19a0f9330ad96da269c7bc41b93edd341a88ab05f815cd9e215d5e819d0b","public_key_hex":"c2f8243b0d573587f285c830a868acd19249d17d59ecbf9329e796dfed6fb630"}
{"seq":82,"ts":1780639200000,"agent_id":"regime","symbol":"BTCUSDT","side":"sell","price":61904.8317386717,"quantity":0.0035761334313054085,"notional_usd":221.37993834,"fee_usd":0.13282796300400002,"balance_before_usd":10590.959681630768,"balance_after_usd":10590.78011982154,"decision":"ALLOW","cert_hash":"19c74965c09ad3840f5722eb0d95ebf88e0b558857345c448f0175e6f9c698b4","prev_hash":"c30011d3b18ee8b1c78cb1928d386a512d24823b149e416e519f960d3d15baf2","record_hash":"1ffe8e5786ae2ea99feaab073e8c6fa74c1430a42218252c90fc827d431ffbd2","signature_hex":"b4bc5df3b0688cbf278e630f239b9a0a754fb3bbbee642d88f52b3b758455d97f6ae8f69051da35ad559bb4d90f6da0e61a4e6e27387a430f45f2672e9e7e50e","public_key_hex":"c2f8243b0d573587f285c830a868acd19249d17d59ecbf9329e796dfed6fb630"}
{"seq":83,"ts":1780671600000,"agent_id":"regime","symbol":"BTCUSDT","side":"sell","price":60392.46991042487,"quantity":0.004110216048427447,"notional_usd":248.22609903,"fee_usd":0.148935659418,"balance_before_usd":10746.0179760518,"balance_after_usd":10745.816305952307,"decision":"ALLOW","cert_hash":"3de6394216452822cfe7d5d8b3a171ed9ae6a22bedfcc645075b6ceef29e3e5c","prev_hash":"1ffe8e5786ae2ea99feaab073e8c6fa74c1430a42218252c90fc827d431ffbd2","record_hash":"e76ee286f4fc04a5256ef5f3aa8cf9315780a02aabf3a6781bd0aa2eaa7e0592","signature_hex":"b0dd66b988488814fae968b6b651f2bda2cee3108485a5e68f16c93a161f0ce17c112141d97ca8bd1998fe037298e8c94955a1f44ec31a8a5e08c1685b5e6004","public_key_hex":"c2f8243b0d573587f285c830a868acd19249d17d59ecbf9329e796dfed6fb630"}
{"seq":84,"ts":1780794000000,"agent_id":"regime","symbol":"BTCUSDT","side":"buy","price":61463.834848908,"quantity":0.03253946007300801,"notional_usd":2000.0,"fee_usd":1.2,"balance_before_usd":10634.796000991963,"balance_after_usd":10632.996140961968,"decision":"ALLOW_CAPPED","cert_hash":"f83e90e6cffa6f1b88d7998bd7274f88f6b5ef1ea17de27567c7310be5e3eb97","prev_hash":"e76ee286f4fc04a5256ef5f3aa8cf9315780a02aabf3a6781bd0aa2eaa7e0592","record_hash":"a7eec5ef9564cb4110f34d7b5b16b27fdb01ca92b0b68ed7c97922266264ae15","signature_hex":"13ef1d4e692de3cea1af09c6d8da6490254e07446389fefeba267b2f543c291c5d07ed5e134e5dde0e9e04c6a34e68ee0a54a28d413b53050500e758a52da70d","public_key_hex":"c2f8243b0d573587f285c830a868acd19249d17d59ecbf9329e796dfed6fb630"}
{"seq":85,"ts":1780797600000,"agent_id":"regime","symbol":"BTCUSDT","side":"buy","price":61484.841149328,"quantity":0.03252834296412359,"notional_usd":2000.0,"fee_usd":1.2,"balance_before_usd":10631.437928998399,"balance_after_usd":10629.638068968405,"decision":"ALLOW_CAPPED","cert_hash":"669d5736bf2183d82eefc7ecc8316f9155b24fc0065643d7fefd657bfd33d56d","prev_hash":"a7eec5ef9564cb4110f34d7b5b16b27fdb01ca92b0b68ed7c97922266264ae15","record_hash":"f02eed7a733e5a93a8ee58ee9a36c8335514525c4664a737f5c9d4efa352af24","signature_hex":"3e05876b181bea38b2b79270b2ec73f04acc16b567517c65c51efb9f3ed299540b9486a694c4c498ee1b6f5cd9cdfb5a0bb8f0fc715453aaaa00ee98c4ec2f02","public_key_hex":"c2f8243b0d573587f285c830a868acd19249d17d59ecbf9329e796dfed6fb630"}
{"seq":86,"ts":1780801200000,"agent_id":"regime","symbol":"BTCUSDT","side":"buy","price":61684.50103332,"quantity":0.03242305549200542,"notional_usd":2000.0,"fee_usd":1.2,"balance_before_usd":10621.320292513185,"balance_after_usd":10619.520432483188,"decision":"ALLOW_CAPPED","cert_hash":"145036d17ddfb7e0357702950a2337e3abe8e9c44a8fd8447eed531d5f57303f","prev_hash":"f02eed7a733e5a93a8ee58ee9a36c8335514525c4664a737f5c9d4efa352af24","record_hash":"1834b2b63e03eac8ae0dc2050fbd3c2f75997b7492c0a988ba2face1df6ba6a3","signature_hex":"fa67c9a36e1a321a92a59949caa21121576ab45b611442879de4058d467af9c473042b63293b66c6b4037c7252cae25349608bcb4a26c194ecf633c17441560b","public_key_hex":"c2f8243b0d573587f285c830a868acd19249d17d59ecbf9329e796dfed6fb630"}
{"seq":87,"ts":1780804800000,"agent_id":"regime","symbol":"BTCUSDT","side":"buy","price":61865.14015202016,"quantity":0.009247057208700423,"notional_usd":572.07049021,"fee_usd":0.343242294126,"balance_before_usd":10617.80933580424,"balance_after_usd":10617.335338715444,"decision":"ALLOW","cert_hash":"c2d429209ad4dbd63bf49fdf2902d6c2e36aa7770ca1f8e465f871e0b1077ed7","prev_hash":"1834b2b63e03eac8ae0dc2050fbd3c2f75997b7492c0a988ba2face1df6ba6a3","record_hash":"1a40261885e5e9f9c49eca0700741d4d596201482c5e6027ece01fe2dcf46d30","signature_hex":"0faf6d84607c16c46fdc9fe4c7100c60b28b8353a5f0e387befaa6722f77021ccae0a95fbf1392f00674b0b834b0587b944b7601cc9e19869a46c1462ab23606","public_key_hex":"c2f8243b0d573587f285c830a868acd19249d17d59ecbf9329e796dfed6fb630"}
{"seq":88,"ts":1780812000000,"agent_id":"regime","symbol":"BTCUSDT","side":"sell","price":62049.180901356005,"quantity":0.03223249639958249,"notional_usd":2000.0,"fee_usd":1.2,"balance_before_usd":10617.334880393986,"balance_after_usd":10615.534740363979,"decision":"ALLOW_CAPPED","cert_hash":"7d870cf1f9091a9a3747ed50aebe4ee1c61cc19acdf4356c78aa36118a29875d","prev_hash":"1a40261885e5e9f9c49eca0700741d4d596201482c5e6027ece01fe2dcf46d30","record_hash":"5957eac930ddb100c3e62d6bffd90fdb9fa994698717983c2894f6ef882b5d94","signature_hex":"dbfd848995b7f1dd20ecb1dcd39835d52449e23c8a1b8f7bc7226ede35a8ce8731a49893d7d97905f5664a70db3fe00edbf6d63d0c5d51b65b65686632422b01","public_key_hex":"c2f8243b0d573587f285c830a868acd19249d17d59ecbf9329e796dfed6fb630"}
{"seq":89,"ts":1780815600000,"agent_id":"regime","symbol":"BTCUSDT","side":"sell","price":62341.2932472,"quantity":0.03208146472145616,"notional_usd":2000.0,"fee_usd":1.2,"balance_before_usd":10606.115787196786,"balance_after_usd":10604.31564716678,"decision":"ALLOW_CAPPED","cert_hash":"aa714861c0714fedd29475399e08d6f292e0a9ad55163408eb4c884f6d2e9976","prev_hash":"5957eac930ddb100c3e62d6bffd90fdb9fa994698717983c2894f6ef882b5d94","record_hash":"3d69c37d3e9125d110c69d6cdd0714acf1c56d99871363a62f1691e396cfdb64","signature_hex":"9c9a8553579aa111d01b77bc73e0262676d416e25baee1eda81c5c2c941880fdcc06a3ee430ad000b3dbd62f4d351e42edf94edf90739f17986dd9961b0be606","public_key_hex":"c2f8243b0d573587f285c830a868acd19249d17d59ecbf9329e796dfed6fb630"}
{"seq":90,"ts":1780819200000,"agent_id":"regime","symbol":"BTCUSDT","side":"sell","price":62794.757176271996,"quantity":0.03184979272052559,"notional_usd":2000.0,"fee_usd":1.2,"balance_before_usd":10575.141875478785,"balance_after_usd":10573.341735448777,"decision":"ALLOW_CAPPED","cert_hash":"9221c837b129287ac4f3d1f8e5d393eb5e9506fb09f9b2d5123ce51536a00d8a","prev_hash":"3d69c37d3e9125d110c69d6cdd0714acf1c56d99871363a62f1691e396cfdb64","record_hash":"44e3b8b34a63c0dc554f098faff702f7842b02766238b4ccd00bb2fba8fbc73c","signature_hex":"b2c4ce3d085a148d2221ee948cb71df66d4947440213f0f5296f7ce215864b5b7a39f99e097902878063d73b05c8727ffbb477b2bcd4bc408c96ba7fa91cdb09","public_key_hex":"c2f8243b0d573587f285c830a868acd19249d17d59ecbf9329e796dfed6fb630"}
{"seq":91,"ts":1780822800000,"agent_id":"regime","symbol":"BTCUSDT","side":"sell","price":62486.30154338015,"quantity":0.005629205872519183,"notional_usd":351.7482556,"fee_usd":0.21104895335999999,"balance_before_usd":10603.50896819973,"balance_after_usd":10603.221370734509,"decision":"ALLOW","cert_hash":"ec789d25b88d9cb201f2afb907177bb50428380cad372e024f34feb46591857b","prev_hash":"44e3b8b34a63c0dc554f098faff702f7842b02766238b4ccd00bb2fba8fbc73c","record_hash":"55ce8594ac3aa454d244a6faad06dedb6409a86fac7f0e85a9201e96739c41a2","signature_hex":"a96b4915c2d7e797c5b6df3c0fe7f2639611e71bdba887e320853141468216a6f1d2661672fb090140d982690bdd4121cd38299c085f5f08988c552d496e920f","public_key_hex":"c2f8243b0d573587f285c830a868acd19249d17d59ecbf9329e796dfed6fb630"}
{"seq":92,"ts":1780826400000,"agent_id":"regime","symbol":"BTCUSDT","side":"buy","price":62358.003036786,"quantity":0.032072867997715825,"notional_usd":2000.0,"fee_usd":1.2,"balance_before_usd":10619.569659577626,"balance_after_usd":10617.769799547632,"decision":"ALLOW_CAPPED","cert_hash":"ce54f32fe974822cef61e134576cfdfe1f9d29dd2f85a67a116a9c89f0162222","prev_hash":"55ce8594ac3aa454d244a6faad06dedb6409a86fac7f0e85a9201e96739c41a2","record_hash":"0381064c35aa2e2dd9da12ee6d765b3f598c2ab003ef3cdcc8e42d7fa68e2aa1","signature_hex":"ccfa07c92566b8934e30d239e31841172b4a8ee4776f66f8bbb48c2e6b9f0e3b691353ab1f5d80d83186ebc91cb5bca5a8ba1871f1db357b2d1b336bfb6d790e","public_key_hex":"c2f8243b0d573587f285c830a868acd19249d17d59ecbf9329e796dfed6fb630"}
{"seq":93,"ts":1780830000000,"agent_id":"regime","symbol":"BTCUSDT","side":"buy","price":62614.079841905994,"quantity":0.03194169753911246,"notional_usd":2000.0,"fee_usd":1.2,"balance_before_usd":10599.920914876853,"balance_after_usd":10598.121054846859,"decision":"ALLOW_CAPPED","cert_hash":"ee9073418923c02a5582664493641f4073023b1be1d9b279b5c86908e38bc36b","prev_hash":"0381064c35aa2e2dd9da12ee6d765b3f598c2ab003ef3cdcc8e42d7fa68e2aa1","record_hash":"e1657ffdd4ee01378768424b1ccf8aa7f6fc06c5a845486e725885aad7eccc1d","signature_hex":"7abab3ca51e6d22a5490d7003c96c71280b88c220116d70eec8cbeba82460cd07be1916e4e9df61486c9c34b6de9c4d62337fe2328995f2e29fe07667e0afd05","public_key_hex":"c2f8243b0d573587f285c830a868acd19249d17d59ecbf9329e796dfed6fb630"}
{"seq":94,"ts":1780833600000,"agent_id":"regime","symbol":"BTCUSDT","side":"buy","price":61890.362777436,"quantity":0.03231520886688291,"notional_usd":2000.0,"fee_usd":1.2,"balance_before_usd":10625.455252533984,"balance_after_usd":10623.65539250399,"decision":"ALLOW_CAPPED","cert_hash":"2efd3c2a0fac44295b390d368d2bf9e04dd8545be2b686bb5456f19bfde3381b","prev_hash":"e1657ffdd4ee01378768424b1ccf8aa7f6fc06c5a845486e725885aad7eccc1d","record_hash":"0c2266553dd387f4c95877f3379a328ceed60781fa99d5435fabe146cefd36cc","signature_hex":"c109826bf02185d0533a84da1291ea5a395efb517abef057690702d5e3e43b9f534e9f4abc15df84271e0054e60174a9766c4fd98bcd4411b182f07546c61e0e","public_key_hex":"c2f8243b0d573587f285c830a868acd19249d17d59ecbf9329e796dfed6fb630"}
{"seq":95,"ts":1780837200000,"agent_id":"regime","symbol":"BTCUSDT","side":"buy","price":61695.37680357074,"quantity":0.0054641143519280535,"notional_usd":337.11059384,"fee_usd":0.202266356304,"balance_before_usd":10624.692706318578,"balance_after_usd":10624.417347577899,"decision":"ALLOW","cert_hash":"746e4c94692d633d56e3bd5256734cffec9443e9b1b29e451b4ba0853d88de9a","prev_hash":"0c2266553dd387f4c95877f3379a328ceed60781fa99d5435fabe146cefd36cc","record_hash":"ddcc1fcb6d73dc235e66136e105f2a2e6548c7c0eef8116a423029e8494d031c","signature_hex":"bc86fbd2aaff799897e9e35da117d0161f7ad729acab79fdf8afe2ad371363c57ab78de58a411632a5fe37a95d32032fd610da8c55384dfe382334bc8aaa4e07","public_key_hex":"c2f8243b0d573587f285c830a868acd19249d17d59ecbf9329e796dfed6fb630"}
{"seq":96,"ts":1780920000000,"agent_id":"regime","symbol":"BTCUSDT","side":"buy","price":63858.753156791994,"quantity":0.03131912073336936,"notional_usd":2000.0,"fee_usd":1.2,"balance_before_usd":10624.414790849285,"balance_after_usd":10622.61493081929,"decision":"ALLOW_CAPPED","cert_hash":"aac2439e856638c78f90daecea0770dbdd17b6a226e0a612726e30f8d605dad0","prev_hash":"ddcc1fcb6d73dc235e66136e105f2a2e6548c7c0eef8116a423029e8494d031c","record_hash":"82183330b06bc985cdc500c80d59305b78bf96c55d6002a7ee4e1e3ee3b825fa","signature_hex":"1de261178a35285d879e6960ddb385e491aa018e493d68605441e739f394e682a988410c5498f1c55691d6b623d5ec9900afd6961c9d4e4f3e2b24d52fe9440f","public_key_hex":"c2f8243b0d573587f285c830a868acd19249d17d59ecbf9329e796dfed6fb630"}
{"seq":97,"ts":1780923600000,"agent_id":"regime","symbol":"BTCUSDT","side":"buy","price":63742.81838447399,"quantity":0.03137608362304773,"notional_usd":2000.0,"fee_usd":1.2,"balance_before_usd":10618.985182066323,"balance_after_usd":10617.185322036328,"decision":"ALLOW_CAPPED","cert_hash":"90917c60a6c481c41bb48fe75e856d000dd5eedfb6afe852780a907c2b2e7027","prev_hash":"82183330b06bc985cdc500c80d59305b78bf96c55d6002a7ee4e1e3ee3b825fa","record_hash":"2dd6e65fe1e98bcf32bdfb3c6347b002ace8dfd2d10e2016f53662b340e7c43d","signature_hex":"dbb885dec43e4defb89d74857c9a9ee3e9cf4c6e98727d65a31a0b0e2520869512588ef39893c91490f6bc4ca0aa538e94c30ab647a770e13d706d91057f8b08","public_key_hex":"c2f8243b0d573587f285c830a868acd19249d17d59ecbf9329e796dfed6fb630"}
{"seq":98,"ts":1780927200000,"agent_id":"regime","symbol":"BTCUSDT","side":"buy","price":63955.88228873399,"quantity":0.031271556711090914,"notional_usd":2000.0,"fee_usd":1.2,"balance_before_usd":10630.539148161948,"balance_after_usd":10628.739288131956,"decision":"ALLOW_CAPPED","cert_hash":"43121caa3744ac8ca234b0cbcd17b7d6f727d26b95e44ad284faa368f8ce340f","prev_hash":"2dd6e65fe1e98bcf32bdfb3c6347b002ace8dfd2d10e2016f53662b340e7c43d","record_hash":"0b76b26b4b23cddea86f0f67ff5b5a68f84b93473a5c2ccf7d248931ad130c19","signature_hex":"0ae6bddbd3999b2877959ac681427e711a7907be2a13c86890452299cff67f57429098f8fb3f38f5f67b3d837051f5faeea9a61e0543c244b151dd298ab0740b","public_key_hex":"c2f8243b0d573587f285c830a868acd19249d17d59ecbf9329e796dfed6fb630"}
{"seq":99,"ts":1780930800000,"agent_id":"regime","symbol":"BTCUSDT","side":"buy","price":63763.95057096699,"quantity":0.005903211306066535,"notional_usd":376.41207393,"fee_usd":0.225847244358,"balance_before_usd":10611.195915077782,"balance_after_usd":10610.887714665167,"decision":"ALLOW","cert_hash":"8ef72aa67403c744969e84ade8029ea94456985fdef2f96b2c4ce65704281b15","prev_hash":"0b76b26b4b23cddea86f0f67ff5b5a68f84b93473a5c2ccf7d248931ad130c19","record_hash":"f7a9b93fed703e20d587274e3a2c3db9d5643e0b88f0c583434523d52e8ca02b","signature_hex":"936f5e4e3a0c2dd73d90272ee2983c67e8190a3c4e60219d943198b27497479e060b27584caa60f51ce2edc1563deb93478b7710cbffb163b31dfa4e82099204","public_key_hex":"c2f8243b0d573587f285c830a868acd19249d17d59ecbf9329e796dfed6fb630"}
{"seq":100,"ts":1780945200000,"agent_id":"regime","symbol":"BTCUSDT","side":"sell","price":63327.997166940004,"quantity":0.031581608285001755,"notional_usd":2000.0,"fee_usd":1.2,"balance_before_usd":10570.6405933485,"balance_after_usd":10568.840453318495,"decision":"ALLOW_CAPPED","cert_hash":"c57ce95fd635987b80c91016b665f3b443c37113346919051bcfb72b3d17d202","prev_hash":"f7a9b93fed703e20d587274e3a2c3db9d5643e0b88f0c583434523d52e8ca02b","record_hash":"93d6b0d171adc2f1c12158f78dfba3a1a544959a1fc64af62db3c0aab93a70b6","signature_hex":"c8f7ec07e53065f6eadea3eb37fcdf597041dfb04d293656dec1a99fe142b81883765e01f24d287198de8bf7f3eecd08246c9acff5cc90423d2a574623c62304","public_key_hex":"c2f8243b0d573587f285c830a868acd19249d17d59ecbf9329e796dfed6fb630"}
{"seq":101,"ts":1780948800000,"agent_id":"regime","symbol":"BTCUSDT","side":"sell","price":63438.364049148004,"quantity":0.031526664187785915,"notional_usd":2000.0,"fee_usd":1.2,"balance_before_usd":10576.379357891274,"balance_after_usd":10574.579217861268,"decision":"ALLOW_CAPPED","cert_hash":"7cf75b21bc267c14f7c6b1dab2864d3ec1430ad60b16d3ac284bd9999e0fa041","prev_hash":"93d6b0d171adc2f1c12158f78dfba3a1a544959a1fc64af62db3c0aab93a70b6","record_hash":"2563aaaa32d9dc420d57247e91dd21b109dc5ccbb4da19e3d1c2df2a9332acfa","signature_hex":"21e71afc2c717dafe72895ae4eada9c01889d29a14c5ed36eb2af7b72abe4f178e9322adf429ad08a786eaa664a69b7a04ae1213d2c7fb165a3eaec557d1ba09","public_key_hex":"c2f8243b0d573587f285c830a868acd19249d17d59ecbf9329e796dfed6fb630"}
{"seq":102,"ts":1780952400000,"agent_id":"regime","symbol":"BTCUSDT","side":"sell","price":63670.994243802,"quantity":0.031411477451440746,"notional_usd":2000.0,"fee_usd":1.2,"balance_before_usd":10583.133389681634,"balance_after_usd":10581.333249651627,"decision":"ALLOW_CAPPED","cert_hash":"5fb41601678c06e0ef88494a7557a72afb7c5d7d64ee56aa22f1cffc20b750ec","prev_hash":"2563aaaa32d9dc420d57247e91dd21b109dc5ccbb4da19e3d1c2df2a9332acfa","record_hash":"3fc949bf02cbc21146a278232f4abd8dea4027e110cd380789984add8ec3d4d9","signature_hex":"c5897e0fb05161e47f6080d3183961999358a28831c631a63b20bede67a17a8d76a98afae3096232cd51b2aafc653866550b176b4d6430c059ce86034376a104","public_key_hex":"c2f8243b0d573587f285c830a868acd19249d17d59ecbf9329e796dfed6fb630"}
{"seq":103,"ts":1780956000000,"agent_id":"regime","symbol":"BTCUSDT","side":"sell","price":63395.24359753562,"quantity":0.0053501981723307855,"notional_usd":339.17711643,"fee_usd":0.203506269858,"balance_before_usd":10579.82963522105,"balance_after_usd":10579.552529471868,"decision":"ALLOW","cert_hash":"7b78dd0e76b5a3d4e9ecb7bf8e30f96e06e227f4c3b56f44c339f384210094b5","prev_hash":"3fc949bf02cbc21146a278232f4abd8dea4027e110cd380789984add8ec3d4d9","record_hash":"505ee848f70cb266f44cf932738607edb173a0e280099e7ca4e8343c6e539b97","signature_hex":"668633b8d072902b8faaa6f3a841dc5e0194226cfaa47b120ba2d2021abce234afb4989c6e3093b50524771d736b4148844caf6568a14715605d244eb2c32005","public_key_hex":"c2f8243b0d573587f285c830a868acd19249d17d59ecbf9329e796dfed6fb630"}
{"seq":104,"ts":1781010000000,"agent_id":"regime","symbol":"BTCUSDT","side":"buy","price":62266.075464948,"quantity":0.03212021931791539,"notional_usd":2000.0,"fee_usd":1.2,"balance_before_usd":10579.553877752944,"balance_after_usd":10577.75401772295,"decision":"ALLOW_CAPPED","cert_hash":"ed8bb70c635fc441f79210de6c0e16e6971777d9ae80f4c04ad15eaf3681eb2e","prev_hash":"505ee848f70cb266f44cf932738607edb173a0e280099e7ca4e8343c6e539b97","record_hash":"7390a3947a30531a9c929887c19f5807e7923e2998ae976294c7cea377e4a7f2","signature_hex":"ddcfe0d4f96332b8b52ec6fbab3422f07938544a705087da8f8aebdadee9c7599a5c66264befb4cea59e8e051c40e5ca672029d4d09df9535a84d04224321f07","public_key_hex":"c2f8243b0d573587f285c830a868acd19249d17d59ecbf9329e796dfed6fb630"}
{"seq":105,"ts":1781013600000,"agent_id":"regime","symbol":"BTCUSDT","side":"buy","price":61540.557860442,"quantity":0.03249889291766708,"notional_usd":2000.0,"fee_usd":1.2,"balance_before_usd":10554.45806451484,"balance_after_usd":10552.658204484847,"decision":"ALLOW_CAPPED","cert_hash":"4f3e9668b191710666c26f5cbbfbc22b8fb5c4b621136320c1cf74ca70ee1a7a","prev_hash":"7390a3947a30531a9c929887c19f5807e7923e2998ae976294c7cea377e4a7f2","record_hash":"6c3b749f646054b3377df3a8f5363e720c6d9fc6e6b2526c896dc19df669b6d7","signature_hex":"8e8a78728a463713cda15745910094862daa69d357495ed95589cc076f053daba0788391126b669f7cdf55a6634f9fccd24756c179724f0af33bf45f1afee20d","public_key_hex":"c2f8243b0d573587f285c830a868acd19249d17d59ecbf9329e796dfed6fb630"}
{"seq":106,"ts":1781017200000,"agent_id":"regime","symbol":"BTCUSDT","side":"sell","price":61088.269242132,"quantity":0.03273950997159073,"notional_usd":2000.0,"fee_usd":1.2,"balance_before_usd":10525.809445626088,"balance_after_usd":10524.009305596082,"decision":"ALLOW_CAPPED","cert_hash":"bddee22d8d96fc849d0d54aae7f877e5f7ccf8a54eabea72f2b6547d62c0aadf","prev_hash":"6c3b749f646054b3377df3a8f5363e720c6d9fc6e6b2526c896dc19df669b6d7","record_hash":"65f264e133935e06d50dd939d53f2389828ff8b8014dbaf6541b1943f10c75dd","signature_hex":"c6072374effb041d2a5d38df2ae1bdc5ebfed5712ce95a47aca49de2f2c8bbd19dd1d3c5deff85a81a4841e01613d717a65f18d280d007f8335b70b6bf67180b","public_key_hex":"c2f8243b0d573587f285c830a868acd19249d17d59ecbf9329e796dfed6fb630"}
{"seq":107,"ts":1781020800000,"agent_id":"regime","symbol":"BTCUSDT","side":"sell","price":61351.02433903873,"quantity":0.031887937720953996,"notional_usd":1956.35764324,"fee_usd":1.173814585944,"balance_before_usd":10532.38377219224,"balance_after_usd":10530.627184467754,"decision":"ALLOW","cert_hash":"f05ebce6fd66cf9736743b3da5fbacabb376df84dec20475cc420f2d90f4f514","prev_hash":"65f264e133935e06d50dd939d53f2389828ff8b8014dbaf6541b1943f10c75dd","record_hash":"56b544f3ac28540fa6eb30decde6f914ed694420afb5fabf37dd7076806f911f","signature_hex":"a84170774964689e241cc0aae48af2a4afa142c6e70d451c512e34245d97f4551e774b4bded458da1b47a2ed0d440fe9328ac92826d671009a59d1b2ce046d00","public_key_hex":"c2f8243b0d573587f285c830a868acd19249d17d59ecbf9329e796dfed6fb630"}
{"seq":108,"ts":1781449200000,"agent_id":"regime","symbol":"BTCUSDT","side":"buy","price":64010.598699828,"quantity":0.031244825710486195,"notional_usd":2000.0,"fee_usd":1.2,"balance_before_usd":10530.602284567596,"balance_after_usd":10528.802424537602,"decision":"ALLOW_CAPPED","cert_hash":"5655c17d1b05d5650a5741f5101b9cc9d5e4670724f840549d1866414cea0375","prev_hash":"56b544f3ac28540fa6eb30decde6f914ed694420afb5fabf37dd7076806f911f","record_hash":"e2e7a0671cbc9a0dc93d0d0b52cd85442d8238bffd9d417f3585cd7979010edd","signature_hex":"aa1617b99c3492330aa378b5654eaa9b9029a5e2af36b1df8c6df9b1dc0919298027c0c82fbae0ef98db738b1769b0b1eeb6fb2c1f4cfaa7b573ffc6934cc40d","public_key_hex":"c2f8243b0d573587f285c830a868acd19249d17d59ecbf9329e796dfed6fb630"}
{"seq":109,"ts":1781452800000,"agent_id":"regime","symbol":"BTCUSDT","side":"buy","price":63929.774458212,"quantity":0.03128432748198274,"notional_usd":2000.0,"fee_usd":1.2,"balance_before_usd":10526.278609910509,"balance_after_usd":10524.478749880516,"decision":"ALLOW_CAPPED","cert_hash":"3ad9b8a8097b9dd1a744762fe43536fdae87cb785b547a58bfada16179c27c8f","prev_hash":"e2e7a0671cbc9a0dc93d0d0b52cd85442d8238bffd9d417f3585cd7979010edd","record_hash":"555a6be9effb5616256915a941b00dcb53987c37f8745e0aea67dfa56a538ffd","signature_hex":"6fd420828e8a4b2f6419f6875dd1096a8191fa77ea3904bf28e58adc9f6682f3ab179fc1296a3c1e58c180d71bbf53956c1a109a3172169b76e7bdcadc750b03","public_key_hex":"c2f8243b0d573587f285c830a868acd19249d17d59ecbf9329e796dfed6fb630"}
{"seq":110,"ts":1781456400000,"agent_id":"regime","symbol":"BTCUSDT","side":"buy","price":63723.912714096,"quantity":0.031385392309056875,"notional_usd":2000.0,"fee_usd":1.2,"balance_before_usd":10511.612204464727,"balance_after_usd":10509.812344434733,"decision":"ALLOW_CAPPED","cert_hash":"119928fcc73029c0845bdac55458ea46d0c1811ce000d3ebe17d7c9fa0ad0fbe","prev_hash":"555a6be9effb5616256915a941b00dcb53987c37f8745e0aea67dfa56a538ffd","record_hash":"e090d5ea9129809f23df43a60629663a4ff6f7098e6c2ea6ff5e50959c1cdf0e","signature_hex":"20379edf57b65f5ad0d940f18ee4f9b4c57cee1c8d5637ab28318af0c00110aa3f9a23920c2eb607f1d959445cecb46543db5316e880910baba175359ca4e20c","public_key_hex":"c2f8243b0d573587f285c830a868acd19249d17d59ecbf9329e796dfed6fb630"}
{"seq":111,"ts":1781460000000,"agent_id":"regime","symbol":"BTCUSDT","side":"buy","price":63801.38069524495,"quantity":0.005024575974793789,"notional_usd":320.5748846,"fee_usd":0.19234493076,"balance_before_usd":10517.58768251961,"balance_after_usd":10517.326095438608,"decision":"ALLOW","cert_hash":"844dff808e2fb62dbc2cfd5e0a0391fe6fc69ca041220977730ab7c13f1154ad","prev_hash":"e090d5ea9129809f23df43a60629663a4ff6f7098e6c2ea6ff5e50959c1cdf0e","record_hash":"92e407523cb6f8ae501a0a7658c036ee733ff2c7f7365f6791c3bbb6818f4c00","signature_hex":"2aae5eb1e06df7cd934ed434471192e29dbcbaa7e97360129c56a84a8ace308d74dad15b492d7e8ef702fe4c9247e14add4e4365bdfe2535124150b4a3cfbc06","public_key_hex":"c2f8243b0d573587f285c830a868acd19249d17d59ecbf9329e796dfed6fb630"}
{"seq":112,"ts":1781467200000,"agent_id":"regime","symbol":"BTCUSDT","side":"sell","price":63961.30712961,"quantity":0.03126890443228806,"notional_usd":2000.0,"fee_usd":1.2,"balance_before_usd":10536.409620160726,"balance_after_usd":10534.609480130719,"decision":"ALLOW_CAPPED","cert_hash":"d4bdb388814a913e4dcc643d41e4207df1634128945288b70475537ec3a49e6d","prev_hash":"92e407523cb6f8ae501a0a7658c036ee733ff2c7f7365f6791c3bbb6818f4c00","record_hash":"1f6e69e411fe2b22c3985408b8777399fd25b5fae3e04ec427685207e12df695","signature_hex":"c9e6949eab20ca5241cd14987b1764079200e27cbf4fae46d5043c8d0f7ccc7406a8b2e824f8f1cf1c5b9ab279154bb1c0f50c0e06d5e692cd040627726c0b07","public_key_hex":"c2f8243b0d573587f285c830a868acd19249d17d59ecbf9329e796dfed6fb630"}
{"seq":113,"ts":1781470800000,"agent_id":"regime","symbol":"BTCUSDT","side":"sell","price":65262.71661564601,"quantity":0.03064536850003762,"notional_usd":2000.0,"fee_usd":1.2,"balance_before_usd":10622.69020656811,"balance_after_usd":10620.890066538102,"decision":"ALLOW_CAPPED","cert_hash":"20c57c33ca6938e237f6d2862d2af6d0131b5d2dde972fb122ae0df4acd004ed","prev_hash":"1f6e69e411fe2b22c3985408b8777399fd25b5fae3e04ec427685207e12df695","record_hash":"239f1d7a4f0f9b6ef537020995164eae7df0560e127ee415f78009c185a69d2f","signature_hex":"3c50e5d15dda4286e5109b923737a28b8bf1839a80397c23964a03aef469eb590acaa76cfe83f0c3142140530865a4523caa19945e64137d4d844d9336be5106","public_key_hex":"c2f8243b0d573587f285c830a868acd19249d17d59ecbf9329e796dfed6fb630"}
{"seq":114,"ts":1781474400000,"agent_id":"regime","symbol":"BTCUSDT","side":"sell","price":65365.68571770601,"quantity":0.03059709353677365,"notional_usd":2000.0,"fee_usd":1.2,"balance_before_usd":10624.702647832906,"balance_after_usd":10622.902507802899,"decision":"ALLOW_CAPPED","cert_hash":"089e685a30e7fe7b5031acf1a8db183154f257e0b667cfe587f7bda66dc98c81","prev_hash":"239f1d7a4f0f9b6ef537020995164eae7df0560e127ee415f78009c185a69d2f","record_hash":"344f3053ce22024fc805a2ad045039841e2de3f45e70c4472e4761e3df8e7062","signature_hex":"aa966c05605ef135d0f9b379d5ea1a9a6c45edb4dd0ec2a15d9b114b793c47a48c875b38debe0676f2942e7d5c2f669fea8a58ecd3c5b1491031083cc2605a0e","public_key_hex":"c2f8243b0d573587f285c830a868acd19249d17d59ecbf9329e796dfed6fb630"}
{"seq":115,"ts":1781478000000,"agent_id":"regime","symbol":"BTCUSDT","side":"sell","price":65687.77502106145,"quantity":0.006419678054931717,"notional_usd":421.69436778,"fee_usd":0.253016620668,"balance_before_usd":10624.937095855168,"balance_after_usd":10624.590833545959,"decision":"ALLOW","cert_hash":"2cbaf453344c06971750bd279a345e9add84439f4bb976044ef015789ca8871e","prev_hash":"344f3053ce22024fc805a2ad045039841e2de3f45e70c4472e4761e3df8e7062","record_hash":"4253fe6f0c418b149df5bbdeab9b903eda9dd2e535c170dda577dbe5add443f7","signature_hex":"bd053b51dd738721aa51be1fa98faa7cb2e5d92f04686cb6349329c935e045d0a3332a36449f48510f3acd9b5272adfb589e94a30e0d2271cfc2f2b5f2b9ea09","public_key_hex":"c2f8243b0d573587f285c830a868acd19249d17d59ecbf9329e796dfed6fb630"}
{"seq":116,"ts":1781499600000,"agent_id":"regime","symbol":"BTCUSDT","side":"buy","price":65844.84884650199,"quantity":0.030374433764172124,"notional_usd":2000.0,"fee_usd":1.2,"balance_before_usd":10624.590659266361,"balance_after_usd":10622.790799236367,"decision":"ALLOW_CAPPED","cert_hash":"4fde8cc266d3036e2c77e157d8869813d0e438a74850a87accff6d61bb7e936c","prev_hash":"4253fe6f0c418b149df5bbdeab9b903eda9dd2e535c170dda577dbe5add443f7","record_hash":"ea4f2d586aa489e2a410530b78f90d55b852c936e988778fe1e54a378fad817e","signature_hex":"a532fc50df7d1335c1bf1afd75e4579355d62505a319c8e5b3ac57e9ca22048298355e99a96c34ce8058d89878c7f1e0fecb84d29f0db699aac9403b638a0005","public_key_hex":"c2f8243b0d573587f285c830a868acd19249d17d59ecbf9329e796dfed6fb630"}
{"seq":117,"ts":1781503200000,"agent_id":"regime","symbol":"BTCUSDT","side":"buy","price":65792.333095452,"quantity":0.03039867878067776,"notional_usd":2000.0,"fee_usd":1.2,"balance_before_usd":10621.196215972534,"balance_after_usd":10619.39635594254,"decision":"ALLOW_CAPPED","cert_hash":"25fe64d605c187943d22ec92a415dac70df4415296a4e184bcff1c708ee2305a","prev_hash":"ea4f2d586aa489e2a410530b78f90d55b852c936e988778fe1e54a378fad817e","record_hash":"8c398910a8c35b0f151b9a290b5924bf6a62762595e0a865b31ad157f203e7f2","signature_hex":"1d14649466fd7d2953ea7c4391e9a5201826cb4edba9702266911bd32750545cf7261122366130522128a7ff7aacd72e115426e56c7bba5233de7ff84ccc5307","public_key_hex":"c2f8243b0d573587f285c830a868acd19249d17d59ecbf9329e796dfed6fb630"}
{"seq":118,"ts":1781506800000,"agent_id":"regime","symbol":"BTCUSDT","side":"buy","price":65663.494452876,"quantity":0.030458324167248182,"notional_usd":2000.0,"fee_usd":1.2,"balance_before_usd":10611.56896184165,"balance_after_usd":10609.769101811657,"decision":"ALLOW_CAPPED","cert_hash":"750f328163e17bf72f16e36054adba46f079c23ed807dfec75f11c8db22b0d5e","prev_hash":"8c398910a8c35b0f151b9a290b5924bf6a62762595e0a865b31ad157f203e7f2","record_hash":"e143e835c0d0d8351fb5684d2df88e693f5d0d9976d80dd8af3cd8d78cc27cac","signature_hex":"21541b32df776fe3efe4b73a3da155bbbb16f32d79edce54fe2413ad2a9f5d0b54604ea639a4c36fd035f4a88af4322fbea635997059418ed58932624afdbc05","public_key_hex":"c2f8243b0d573587f285c830a868acd19249d17d59ecbf9329e796dfed6fb630"}
{"seq":119,"ts":1781510400000,"agent_id":"regime","symbol":"BTCUSDT","side":"buy","price":65641.76587948386,"quantity":0.005755099704562829,"notional_usd":377.77490742,"fee_usd":0.22666494445199997,"balance_before_usd":10608.272929524703,"balance_after_usd":10607.963587511476,"decision":"ALLOW","cert_hash":"08d4c2523100bc3364b22339e5ec6cb5cbce2bc1cc9e52711fe91315f4d13084","prev_hash":"e143e835c0d0d8351fb5684d2df88e693f5d0d9976d80dd8af3cd8d78cc27cac","record_hash":"c9862f94d30a003131d2d4c42e1ca3d27d5b74513dbc15e37a117738ab270c54","signature_hex":"16590168a88cdc67fbf2a3482f2ff7989d4cb06eace115e50dd3ef3bdde62fc2aa839ad0727d9b93fd47944b5a98ec725b77e8a256566ec337d7e08ce9494907","public_key_hex":"c2f8243b0d573587f285c830a868acd19249d17d59ecbf9329e796dfed6fb630"}
{"seq":120,"ts":1781575200000,"agent_id":"regime","symbol":"BTCUSDT","side":"sell","price":65689.888434192,"quantity":0.03044608611268378,"notional_usd":2000.0,"fee_usd":1.2,"balance_before_usd":10615.935764145459,"balance_after_usd":10614.135624115452,"decision":"ALLOW_CAPPED","cert_hash":"09f4eb1d19852861d79c2529d5910997421ca1c47e11ccad76f73aee0dd7b634","prev_hash":"c9862f94d30a003131d2d4c42e1ca3d27d5b74513dbc15e37a117738ab270c54","record_hash":"7fdd5130ced0af2eecd04e57d46d83c077cb9d2e40a617966c0f35b80c7129df","signature_hex":"d34ec680678d331522eb5e992d695e1d7d3bb981f18dde33cce516a46bafc55577054850f3a573eec83f4b8626af5a9e2bb9ba6e3683ad4e031f95fbdd6f4805","public_key_hex":"c2f8243b0d573587f285c830a868acd19249d17d59ecbf9329e796dfed6fb630"}
{"seq":121,"ts":1781578800000,"agent_id":"regime","symbol":"BTCUSDT","side":"sell","price":66106.363462524,"quantity":0.03025427349567957,"notional_usd":2000.0,"fee_usd":1.2,"balance_before_usd":10641.855784467134,"balance_after_usd":10640.055644437129,"decision":"ALLOW_CAPPED","cert_hash":"9577274be195582bb4805ec29f0908093ceada46262d26a7695334bd3c0e6472","prev_hash":"7fdd5130ced0af2eecd04e57d46d83c077cb9d2e40a617966c0f35b80c7129df","record_hash":"b54091a70fb947a26663fb91a2c92f756aa217f2ab536a3ea87f20ef95f99dfa","signature_hex":"8d3a6ea25d72f0f1daa510e4be125eada71542546484e94b734c2d7b9deba3e1d6af615dc006a6b11133bf60869b419eb30128b493d437be4d71429e99e0b20b","public_key_hex":"c2f8243b0d573587f285c830a868acd19249d17d59ecbf9329e796dfed6fb630"}
{"seq":122,"ts":1781582400000,"agent_id":"regime","symbol":"BTCUSDT","side":"sell","price":65787.35918614201,"quantity":0.030400977098671813,"notional_usd":2000.0,"fee_usd":1.2,"balance_before_usd":10628.477178289097,"balance_after_usd":10626.67703825909,"decision":"ALLOW_CAPPED","cert_hash":"3e8d069ccc39af9c126e5b40c159ba646ed1966d28020da616d0f03048e1b985","prev_hash":"b54091a70fb947a26663fb91a2c92f756aa217f2ab536a3ea87f20ef95f99dfa","record_hash":"cdb8347871c7942b071cae007eb6f58c7fcef04772430c2ad34dbd07d9c22648","signature_hex":"e2b5289d41322e7e57093296bb4fccbc6217a0d9782efcf2aee8fb677ba1a04c677467b515fbcfc8aba7e753f4382c3186fc597bc35401f58f6d650b630f7a09","public_key_hex":"c2f8243b0d573587f285c830a868acd19249d17d59ecbf9329e796dfed6fb630"}
{"seq":123,"ts":1781586000000,"agent_id":"regime","symbol":"BTCUSDT","side":"sell","price":66012.21292407818,"quantity":0.005885071752355967,"notional_usd":388.48660959,"fee_usd":0.233091965754,"balance_before_usd":10627.969116455717,"balance_after_usd":10627.65076700868,"decision":"ALLOW","cert_hash":"1c3caa181cfb3999071a7fa0117b004f264565431a1df07e522bce70a6658940","prev_hash":"cdb8347871c7942b071cae007eb6f58c7fcef04772430c2ad34dbd07d9c22648","record_hash":"81b0b62a9507bd3e88a7a8bbe3c2aa726f14b54bf516f2466218fb9fb6f3977c","signature_hex":"5a4f305a8426e43e4b63b78a29a3d223d934ef0d3fae2b8ae9d9391eb4e99bc18666c20ab0c1193fc8d6f5bf6cb9d2a7f6cbad1e525cd3d5f12c398583e3ae00","public_key_hex":"c2f8243b0d573587f285c830a868acd19249d17d59ecbf9329e796dfed6fb630"}
{"seq":124,"ts":1781683200000,"agent_id":"regime","symbol":"BTCUSDT","side":"buy","price":64912.369167858,"quantity":0.03081076882016378,"notional_usd":2000.0,"fee_usd":1.2,"balance_before_usd":10627.652231036656,"balance_after_usd":10625.852371006662,"decision":"ALLOW_CAPPED","cert_hash":"3514e6f84f526ba61a8ca34da3d9ef296d41dd55fd2fbcb522da3d66240d238a","prev_hash":"81b0b62a9507bd3e88a7a8bbe3c2aa726f14b54bf516f2466218fb9fb6f3977c","record_hash":"5d9768e6c8fc9353a1320a47e6e3ad7f4641e4e640567ea09863de633e67d951","signature_hex":"b5e806ab15807b818b7cd6796f440b717480ced05963f339d92c79219b599f85616aafe9cda9eeb178449ef86bf40c559331bec0ec719626253e23216a1e2b0d","public_key_hex":"c2f8243b0d573587f285c830a868acd19249d17d59ecbf9329e796dfed6fb630"}
{"seq":125,"ts":1781686800000,"agent_id":"regime","symbol":"BTCUSDT","side":"buy","price":64903.666557683995,"quantity":0.03081490008307117,"notional_usd":2000.0,"fee_usd":1.2,"balance_before_usd":10625.584328551868,"balance_after_usd":10623.784468521873,"decision":"ALLOW_CAPPED","cert_hash":"a9412037074ce4c418233fa14f82e8a6882b7eeda0e3330ecf9e527f0ed7fa35","prev_hash":"5d9768e6c8fc9353a1320a47e6e3ad7f4641e4e640567ea09863de633e67d951","record_hash":"9b730df258597399dc9379ddb41c9f7a582ed27bf7ccf3b6799380c1fb8d6fd3","signature_hex":"1262ddd4b371e9724ebf3b6824dadc3cb13096e0f8cc21073df2388cd7fff82de78c6a97c000855d1c95031ab8d6559dadc9218958664854bacf5ebaffa81508","public_key_hex":"c2f8243b0d573587f285c830a868acd19249d17d59ecbf9329e796dfed6fb630"}
{"seq":126,"ts":1781690400000,"agent_id":"regime","symbol":"BTCUSDT","side":"sell","price":64743.472425258005,"quantity":0.030891145085071948,"notional_usd":2000.0,"fee_usd":1.2,"balance_before_usd":10616.30943151347,"balance_after_usd":10614.509291483462,"decision":"ALLOW_CAPPED","cert_hash":"0219edf9f991bbf0604c493b67c355e38aeb02a88938ca3e228cef6c043d47c7","prev_hash":"9b730df258597399dc9379ddb41c9f7a582ed27bf7ccf3b6799380c1fb8d6fd3","record_hash":"3e8a233302259122fa8c66b3b3ef3884e09a08eaa58e522937ce09fb5dad5347","signature_hex":"be8b9c1bc111e37dbafa52bc30604dd7bc9dd56deea8043bf2b4f463d44d440c06b883b166dcb8409d109054727efe5b00c35829219fcd089bef5b39f1fe4801","public_key_hex":"c2f8243b0d573587f285c830a868acd19249d17d59ecbf9329e796dfed6fb630"}
{"seq":127,"ts":1781694000000,"agent_id":"regime","symbol":"BTCUSDT","side":"sell","price":64759.09737000836,"quantity":0.03074244061872944,"notional_usd":1990.85270542,"fee_usd":1.1945116232519999,"balance_before_usd":10614.988729911405,"balance_after_usd":10613.19773408779,"decision":"ALLOW","cert_hash":"73fb82acdda22a440ffce417686da99b404de036e58d02d077c4be97d0828055","prev_hash":"3e8a233302259122fa8c66b3b3ef3884e09a08eaa58e522937ce09fb5dad5347","record_hash":"976ae5e74822867d091aa82712b7a2adccb69f6139b5f099fb3d567587657cc6","signature_hex":"59b43ac8aaeecc1dfaeb21c5ae1151e5d6955c919d76c17a3ebbbc7055692db5eb58b13ac15ab1f537cbec1c8b27f46ff7f64e0d3a7666208c96da8f7f290a08","public_key_hex":"c2f8243b0d573587f285c830a868acd19249d17d59ecbf9329e796dfed6fb630"}
{"seq":128,"ts":1781722800000,"agent_id":"regime","symbol":"BTCUSDT","side":"buy","price":64294.983995514,"quantity":0.031106625676110975,"notional_usd":2000.0,"fee_usd":1.2,"balance_before_usd":10613.202363899483,"balance_after_usd":10611.402503869489,"decision":"ALLOW_CAPPED","cert_hash":"72287cead338b03863b9df91e643ee76006d00068676615f391026a7c8b1dba6","prev_hash":"976ae5e74822867d091aa82712b7a2adccb69f6139b5f099fb3d567587657cc6","record_hash":"07c53d233f54a2c6c7ad8ea484485563fe6d69152603d2eaee7e889de2fd79ad","signature_hex":"e0db405fb6be53fd8c82e90699b9b9dd863a9aee9fd2193ed530acbef3db732e929d7569009bf111e1cf28a6340382dc96fe6e0bad546ae83d97a92daa97a904","public_key_hex":"c2f8243b0d573587f285c830a868acd19249d17d59ecbf9329e796dfed6fb630"}
{"seq":129,"ts":1781726400000,"agent_id":"regime","symbol":"BTCUSDT","side":"sell","price":64391.378078213995,"quantity":0.0310600589658241,"notional_usd":2000.0,"fee_usd":1.2,"balance_before_usd":10615.600655247898,"balance_after_usd":10613.80051521789,"decision":"ALLOW_CAPPED","cert_hash":"8fefd20d8b4473811fae82cd05d554c970a4cd0d449da8203f036d40039653c5","prev_hash":"07c53d233f54a2c6c7ad8ea484485563fe6d69152603d2eaee7e889de2fd79ad","record_hash":"9fa8b836a39005345b20c1352857c918355c31802179afbf4571e00b98d2eb20","signature_hex":"b637a3ee84334c551abf54ce1c222ad21bf38276f355c2b873d560284c3b2a6e2edba17463af0eaddb3746532c35ea3a521441007e35e99aa3e06e313e419a03","public_key_hex":"c2f8243b0d573587f285c830a868acd19249d17d59ecbf9329e796dfed6fb630"}
{"seq":130,"ts":1781794800000,"agent_id":"regime","symbol":"BTCUSDT","side":"sell","price":62321.999036814,"quantity":0.03209139679262514,"notional_usd":2000.0,"fee_usd":1.2,"balance_before_usd":10613.7231828082,"balance_after_usd":10611.923042778195,"decision":"ALLOW_CAPPED","cert_hash":"288023bd1aaaadba854c9044f12d72800ab8b1c61a745a9c66fc67b8f779d310","prev_hash":"9fa8b836a39005345b20c1352857c918355c31802179afbf4571e00b98d2eb20","record_hash":"88ff2a39df300de27f3e2f2bdbf3d80bab6006c8d7dc5c364bc2cd767785967e","signature_hex":"9e41b70ef5754fa564f825c98c635fc9a8368baeb33504e01d7ce6f067a5af9acddbfcff0357e8f8664cfda13508ecb1c8e51f66868258ca989f6d5aa10e1e0f","public_key_hex":"c2f8243b0d573587f285c830a868acd19249d17d59ecbf9329e796dfed6fb630"}
{"seq":131,"ts":1781798400000,"agent_id":"regime","symbol":"BTCUSDT","side":"sell","price":62649.900643374,"quantity":0.03192343450606134,"notional_usd":2000.0,"fee_usd":1.2,"balance_before_usd":10601.409318268077,"balance_after_usd":10599.60917823807,"decision":"ALLOW_CAPPED","cert_hash":"0a6778c890b512239469b0e312146a3fe001ecf49fedbcbcf3b5ee629907e962","prev_hash":"88ff2a39df300de27f3e2f2bdbf3d80bab6006c8d7dc5c364bc2cd767785967e","record_hash":"f9c8f224b7631423c73752a986e39dabb0f502605a72a72e77b0b6258897401e","signature_hex":"a64bd5a76ff771d31b8998ba759eb064f39d01d48041814bcb43462c4d52e7e6b1fe3493c5226a71668d40d0164e15eca3d3b3c96bb749f78fe705e5949d970a","public_key_hex":"c2f8243b0d573587f285c830a868acd19249d17d59ecbf9329e796dfed6fb630"}
{"seq":132,"ts":1781802000000,"agent_id":"regime","symbol":"BTCUSDT","side":"sell","price":62554.829171472,"quantity":0.031971952069722795,"notional_usd":2000.0,"fee_usd":1.2,"balance_before_usd":10605.693435886767,"balance_after_usd":10603.893295856764,"decision":"ALLOW_CAPPED","cert_hash":"e45730579a2e4e6ff5efea0564f19109b13139873d0e771619358df0bc0fea1d","prev_hash":"f9c8f224b7631423c73752a986e39dabb0f502605a72a72e77b0b6258897401e","record_hash":"7b22f84af11a7e11288b1380b49668417f8e14e5d5b0f38652d19195ff85595c","signature_hex":"6a1d8a6a6090cf7f5d901ab93f5dc10ca88a4433580ebcedcd545aa66c635eeec3a1a63373c31e8b92d58e30c054ca993dda58e020a3949a1091ebfd39b3fb03","public_key_hex":"c2f8243b0d573587f285c830a868acd19249d17d59ecbf9329e796dfed6fb630"}
