{"seq":0,"ts":1778767200000,"agent_id":"regime","symbol":"BTCUSDT","side":"sell","price":80884.32903817201,"quantity":0.024726668611618614,"notional_usd":2000.0,"fee_usd":1.2,"balance_before_usd":10000.0,"balance_after_usd":9998.199859969993,"decision":"ALLOW_CAPPED","cert_hash":"ff83a7337c129877ceb82b6cd6addccf80cfdae9f94bd42975d8b3bae580a21f","prev_hash":"0000000000000000000000000000000000000000000000000000000000000000","record_hash":"1365aff0c729f2ae1c6b07dea88c6656e25548f70e5adef35b7263bdaae9d8cc","signature_hex":"db9feb79a20d3f5720a0f2515aa51837f5619a77f2a2f015464dff0b9b1831f3e641d616c2aa01d7efcbfdf508e89346d3c078463f7696842dd95bec3b2b7a00","public_key_hex":"c2f8243b0d573587f285c830a868acd19249d17d59ecbf9329e796dfed6fb630"}
{"seq":1,"ts":1778770800000,"agent_id":"regime","symbol":"BTCUSDT","side":"sell","price":81208.13187465,"quantity":0.024628075462776674,"notional_usd":2000.0,"fee_usd":1.2,"balance_before_usd":9990.19089200669,"balance_after_usd":9988.390751976684,"decision":"ALLOW_CAPPED","cert_hash":"51ce4155ab7e8ca86852edf1b856318d1f27be5f04eaeb83b8cda52ec4333509","prev_hash":"1365aff0c729f2ae1c6b07dea88c6656e25548f70e5adef35b7263bdaae9d8cc","record_hash":"aab547dcb6e95c650caa0c996c6e650301efd00efcb36d16625be112b76b0283","signature_hex":"a1be7922d8fc12b9537181beb4b31bd2d63b591710e383a44af7a0744e6ad80ddb0e47fe8f76589c43212f657ff14f18e35b1a50f0b8abdd816286aad205c803","public_key_hex":"c2f8243b0d573587f285c830a868acd19249d17d59ecbf9329e796dfed6fb630"}
{"seq":2,"ts":1778774400000,"agent_id":"regime","symbol":"BTCUSDT","side":"sell","price":81804.91235398265,"quantity":0.023673081892199084,"notional_usd":1936.57438934,"fee_usd":1.161944633604,"balance_before_usd":9958.722688589405,"balance_after_usd":9956.985780522662,"decision":"ALLOW","cert_hash":"b5907f324e4fc499438ce7160619776f7edcdaae20c0c73b4fa27b0bbcc65fee","prev_hash":"aab547dcb6e95c650caa0c996c6e650301efd00efcb36d16625be112b76b0283","record_hash":"b6892391ff30fe036cfe36d9a0987472b55e8c71214a12465ff84ecd1cd1eb2a","signature_hex":"fab61c414fd1151af78f0e3907e4df16b3b75793f33a0203ae50defa9e43a282d7a24ac216598c78782631025916ebfe418fe38a577fc18cff0ec865b1d2a70f","public_key_hex":"c2f8243b0d573587f285c830a868acd19249d17d59ecbf9329e796dfed6fb630"}
{"seq":3,"ts":1778781600000,"agent_id":"regime","symbol":"BTCUSDT","side":"buy","price":81545.557960422,"quantity":0.024526167335450655,"notional_usd":2000.0,"fee_usd":1.2,"balance_before_usd":9979.48565370297,"balance_after_usd":9977.685793672976,"decision":"ALLOW_CAPPED","cert_hash":"8adc6f6adf4fc558b0cbfc6f9484caf1d3f436c6026a67fc072bdd59f4dac3db","prev_hash":"b6892391ff30fe036cfe36d9a0987472b55e8c71214a12465ff84ecd1cd1eb2a","record_hash":"b3874cce1038ff5d3df90c6ea09c33a7ec9f8b725b6f7ff10dbee23a2eb83348","signature_hex":"be882c78fc647db025553c089ef15c74e3fb40e9170cd8c993e2c60b945fa1685953c3e0702c56880820497fb48504f969da103d73e0652fbbca1133e397d604","public_key_hex":"c2f8243b0d573587f285c830a868acd19249d17d59ecbf9329e796dfed6fb630"}
{"seq":4,"ts":1778785200000,"agent_id":"regime","symbol":"BTCUSDT","side":"buy","price":81397.013407452,"quantity":0.024570926085316264,"notional_usd":2000.0,"fee_usd":1.2,"balance_before_usd":9984.888289979699,"balance_after_usd":9983.088429949707,"decision":"ALLOW_CAPPED","cert_hash":"b143795298d024eabb0b50aef7a92e40b4fb66ded2d269fdb04fc041ea9e9603","prev_hash":"b3874cce1038ff5d3df90c6ea09c33a7ec9f8b725b6f7ff10dbee23a2eb83348","record_hash":"82a7c7b8bdebe9442395e44b1bf89071cd5285aec0855de11dc06f05edb313dc","signature_hex":"608f7e79d47f18c6999381845169e0212e4af4c78e6c1a6a1bd5287500a24b0cb9dd2846a1c680ed2699ec23df5858999ad058fa188d1190ec6ffa831da29b0e","public_key_hex":"c2f8243b0d573587f285c830a868acd19249d17d59ecbf9329e796dfed6fb630"}
{"seq":5,"ts":1778788800000,"agent_id":"regime","symbol":"BTCUSDT","side":"buy","price":81401.3007697717,"quantity":0.023923617891167294,"notional_usd":1947.41361546,"fee_usd":1.168448169276,"balance_before_usd":9982.98074165325,"balance_after_usd":9981.233323515284,"decision":"ALLOW","cert_hash":"b9c022124afb158bff3402cfa94526a240c4c2dee18b06ad529bbd8a0b4a4d1f","prev_hash":"82a7c7b8bdebe9442395e44b1bf89071cd5285aec0855de11dc06f05edb313dc","record_hash":"5ec82586dd6495ca64443fbbc770cce086b73a4fc0608fbf59c6dc674204a8bc","signature_hex":"f137d46a692851d60ca15a0bb8ed5ae5293ac3f68c7257dd1ba35cb4447495a400c8a884262a55b8211f50019dcf55831bdd1ae5eadb290be9e898a3c4b0f608","public_key_hex":"c2f8243b0d573587f285c830a868acd19249d17d59ecbf9329e796dfed6fb630"}
{"seq":6,"ts":1778850000000,"agent_id":"regime","symbol":"BTCUSDT","side":"buy","price":78755.12102463,"quantity":0.025395173976997847,"notional_usd":2000.0,"fee_usd":1.2,"balance_before_usd":9981.252174417828,"balance_after_usd":9979.452314387834,"decision":"ALLOW_CAPPED","cert_hash":"2f07b0407dc3fa7b5666465c03d05b57fdf988caaf182b9c7cc0dabe45bfc8bf","prev_hash":"5ec82586dd6495ca64443fbbc770cce086b73a4fc0608fbf59c6dc674204a8bc","record_hash":"6e48cea24a9a20abf0c88eaccf7e071855d507a374cd0e46b857d2cfa2362b20","signature_hex":"505666b55d52f2fbb98340b87721869a50b210c0ae16b3afc1cf65062799088a375bca922e1dc15a67b4e0dbba53a6c7e23d18ed19bb592fb4a7d7c049069d0c","public_key_hex":"c2f8243b0d573587f285c830a868acd19249d17d59ecbf9329e796dfed6fb630"}
{"seq":7,"ts":1778853600000,"agent_id":"regime","symbol":"BTCUSDT","side":"buy","price":79146.138302448,"quantity":0.025269710473519585,"notional_usd":2000.0,"fee_usd":1.2,"balance_before_usd":9989.376506776936,"balance_after_usd":9987.576646746942,"decision":"ALLOW_CAPPED","cert_hash":"1726585f87e7acd7ce6c868ba022264324501b4bbb7608bb756903358c7f76a3","prev_hash":"6e48cea24a9a20abf0c88eaccf7e071855d507a374cd0e46b857d2cfa2362b20","record_hash":"8910be6f13d3c856ed8a0addaa2c172a23aaf5ad89218cd8dfa299880b943548","signature_hex":"16fcc0f6b0a22c7428751912a0791d44ae13e4dfcc1e04f81d0ccff7d4bf1a371ca69f79e9f17df9607254e0752a76f7a4f3203fdf2b36f87818808ac0fd030f","public_key_hex":"c2f8243b0d573587f285c830a868acd19249d17d59ecbf9329e796dfed6fb630"}
{"seq":8,"ts":1778857200000,"agent_id":"regime","symbol":"BTCUSDT","side":"sell","price":79106.962372614,"quantity":0.025282224724790837,"notional_usd":2000.0,"fee_usd":1.2,"balance_before_usd":9987.997106236247,"balance_after_usd":9986.196966206242,"decision":"ALLOW_CAPPED","cert_hash":"ed225ef734f83bf54283a62d3279cd0313fbe1e87ecf72f3fc868a7eae1e089e","prev_hash":"8910be6f13d3c856ed8a0addaa2c172a23aaf5ad89218cd8dfa299880b943548","record_hash":"72435992af91bd0cda46efaadf34082c7556553629d19984cc3962b4d210892b","signature_hex":"ea61b9852413302a91c22c68d5aadaaa1bdf8703e2915f14f4e74cef4f0bab3dbda3765ce0a3835738d8a53fea5aa08b88a58c2a57138814dfd892a743c0200f","public_key_hex":"c2f8243b0d573587f285c830a868acd19249d17d59ecbf9329e796dfed6fb630"}
{"seq":9,"ts":1778860800000,"agent_id":"regime","symbol":"BTCUSDT","side":"sell","price":79252.118815518,"quantity":0.025235918356398428,"notional_usd":2000.0,"fee_usd":1.2,"balance_before_usd":9989.68032843321,"balance_after_usd":9987.880188403204,"decision":"ALLOW_CAPPED","cert_hash":"d8c1c8819e7cf9a2810d38cf6b93f70e7116274eacba45f1d5efda104b7c7343","prev_hash":"72435992af91bd0cda46efaadf34082c7556553629d19984cc3962b4d210892b","record_hash":"17d73c677407e2b0c6fd2cc5712b372b11794df873942dd25ee41c8229d408c5","signature_hex":"aa0a0175dfa98e98a705cf211b6b7f56d57155a6ab06e4218d67e10fc857f3fdd21db52d75a61ff274ae9dd7d3d3507d8b8871a545f92abc2d724dbe4d0a0b0d","public_key_hex":"c2f8243b0d573587f285c830a868acd19249d17d59ecbf9329e796dfed6fb630"}
{"seq":10,"ts":1778936400000,"agent_id":"regime","symbol":"BTCUSDT","side":"sell","price":77987.798200224,"quantity":0.025645037379632748,"notional_usd":2000.0,"fee_usd":1.2,"balance_before_usd":9987.701403446219,"balance_after_usd":9985.901263416212,"decision":"ALLOW_CAPPED","cert_hash":"47852d5677bc5e7beafbcc84a573fc74a9b38e455c169d9bb11c3932451646db","prev_hash":"17d73c677407e2b0c6fd2cc5712b372b11794df873942dd25ee41c8229d408c5","record_hash":"1f173df7fab593639572734abd5c0903cbd8be544a5af950cc017d6118be46b3","signature_hex":"7aec29956cfb4335873193fa47148ef1ffb59fbea099ea0025264fbc28384f88a431b58d489adee95acfa979d843856db8c6ef788556ba33b904ad8ccd37110e","public_key_hex":"c2f8243b0d573587f285c830a868acd19249d17d59ecbf9329e796dfed6fb630"}
{"seq":11,"ts":1778940000000,"agent_id":"regime","symbol":"BTCUSDT","side":"sell","price":78091.467092298,"quantity":0.025610992781530877,"notional_usd":2000.0,"fee_usd":1.2,"balance_before_usd":9983.256352330256,"balance_after_usd":9981.456212300249,"decision":"ALLOW_CAPPED","cert_hash":"621b7c12ca56a5f89c1b8c548efe2c730d4e2cf0416efaa5da6ee20d53932402","prev_hash":"1f173df7fab593639572734abd5c0903cbd8be544a5af950cc017d6118be46b3","record_hash":"1ae268cf4a1ea2ef6970602c94c501e436046005709b3b5acdc758dda27aba2d","signature_hex":"82e9b56d5acf53788781df2ed49243199616386832b236be2ce8335308976c03a1ed3f619e491d296d3fb1d9bac40cc01221007a27d35ae7558c5a92dee5a801","public_key_hex":"c2f8243b0d573587f285c830a868acd19249d17d59ecbf9329e796dfed6fb630"}
{"seq":12,"ts":1778943600000,"agent_id":"regime","symbol":"BTCUSDT","side":"buy","price":78241.767054366,"quantity":0.025561794873706103,"notional_usd":2000.0,"fee_usd":1.2,"balance_before_usd":9976.17077618388,"balance_after_usd":9974.370916153886,"decision":"ALLOW_CAPPED","cert_hash":"e1945076b64264223defe3ba6ffd729a19ee8922b916bcf0c2c8e5d8a4d1cfaa","prev_hash":"1ae268cf4a1ea2ef6970602c94c501e436046005709b3b5acdc758dda27aba2d","record_hash":"41c2af2cadaf9c4aba2a5f28676696ce8b42377c049f5ad151f79c039472e40d","signature_hex":"fe4665cd77f5895de05283033b80a1a9ce70c3e41ea1327c89f9aa423bad39ef8a40980f28a6d68a439456b2f82eca79a726811de1f71cbd84e3c80e4578e30c","public_key_hex":"c2f8243b0d573587f285c830a868acd19249d17d59ecbf9329e796dfed6fb630"}
{"seq":13,"ts":1778947200000,"agent_id":"regime","symbol":"BTCUSDT","side":"buy","price":78211.1502734182,"quantity":0.025546946461278218,"notional_usd":1998.05606871,"fee_usd":1.198833641226,"balance_before_usd":9975.352692783084,"balance_after_usd":9973.554776262341,"decision":"ALLOW","cert_hash":"2722e41e53e88dbb57d54e07ccc47b67f4bf5e76811fa5fa2737b92ebfb20205","prev_hash":"41c2af2cadaf9c4aba2a5f28676696ce8b42377c049f5ad151f79c039472e40d","record_hash":"425310bb09809f3f5ff1a03300c3245473ca36470263badd5d89bdb4178cdf9f","signature_hex":"096097375ecd3c49675a0318d427359538917bb8f7c22ac9af330f2aea8a207fe14e954327a2ddee2274285cf5156911fc92f830a6445835fdb402eb9c984600","public_key_hex":"c2f8243b0d573587f285c830a868acd19249d17d59ecbf9329e796dfed6fb630"}
{"seq":14,"ts":1779253200000,"agent_id":"regime","symbol":"BTCUSDT","side":"sell","price":77137.85324322,"quantity":0.025927607729682174,"notional_usd":2000.0,"fee_usd":1.2,"balance_before_usd":9973.563131694347,"balance_after_usd":9971.76299166434,"decision":"ALLOW_CAPPED","cert_hash":"bbe6f24191f9f026e1fcba6fce903ab8126cc568b46da0190912f87e9d9c4c51","prev_hash":"425310bb09809f3f5ff1a03300c3245473ca36470263badd5d89bdb4178cdf9f","record_hash":"763cdfa61945d8bb5f1d7e501765c9430c6574056f2bdcb4211baa3c36d95bf5","signature_hex":"330e8fbaf28227700cb8b4216244c2948bc744557e37e31fa6716cdfc4adf734408033e6adc76bd78898d05cfaed81a906e21bf8c149697046688b4f72a38c0a","public_key_hex":"c2f8243b0d573587f285c830a868acd19249d17d59ecbf9329e796dfed6fb630"}
{"seq":15,"ts":1779256800000,"agent_id":"regime","symbol":"BTCUSDT","side":"sell","price":77346.690577398,"quantity":0.02585760276321937,"notional_usd":2000.0,"fee_usd":1.2,"balance_before_usd":9966.345113794516,"balance_after_usd":9964.544973764509,"decision":"ALLOW_CAPPED","cert_hash":"0b528edcbacfca1f8c6ecf53aec3796a461e6386b35f6125375ebf7871c7cae5","prev_hash":"763cdfa61945d8bb5f1d7e501765c9430c6574056f2bdcb4211baa3c36d95bf5","record_hash":"1d3275bb55463dd6af83e80972a323121c72cf567321ec9c57d11c342f7f5dc8","signature_hex":"14d314f75049ba0927d5b7efb770a0561f5d32c20325ef2fa922e4d98eaf343d75e4a35f136571bfbecf0c84a35b4d3104e956ab17dbbe8bb3cd0048f57b6506","public_key_hex":"c2f8243b0d573587f285c830a868acd19249d17d59ecbf9329e796dfed6fb630"}
{"seq":16,"ts":1779260400000,"agent_id":"regime","symbol":"BTCUSDT","side":"buy","price":77263.67369481,"quantity":0.025885385775208682,"notional_usd":2000.0,"fee_usd":1.2,"balance_before_usd":9971.246971479519,"balance_after_usd":9969.447111449525,"decision":"ALLOW_CAPPED","cert_hash":"4266e646cb4166f2c99b8ddfea08574f29a0df834a6f504c5504858099ed99ba","prev_hash":"1d3275bb55463dd6af83e80972a323121c72cf567321ec9c57d11c342f7f5dc8","record_hash":"7b0248a33acea09d505b00630d0a64752b0ccc76aae82f7b8fc2826444228b5d","signature_hex":"0b77ec1015d34c994fcd6a80d3fe5b5994378824bf9d084a1296d95477ccb36677584fd1c6e4207e2cdaac1f3d76c09b48b45cae5558a0c90dcc1d4357eeef02","public_key_hex":"c2f8243b0d573587f285c830a868acd19249d17d59ecbf9329e796dfed6fb630"}
{"seq":17,"ts":1779264000000,"agent_id":"regime","symbol":"BTCUSDT","side":"sell","price":77393.37656833201,"quantity":0.02584200468672101,"notional_usd":2000.0,"fee_usd":1.2,"balance_before_usd":9965.00313752205,"balance_after_usd":9963.202997492042,"decision":"ALLOW_CAPPED","cert_hash":"489ed24ae0cb068fb638a80d92c7220b8a14b89fb2b509200f102576e801d5fd","prev_hash":"7b0248a33acea09d505b00630d0a64752b0ccc76aae82f7b8fc2826444228b5d","record_hash":"ed47c3ad3ce13f46bf63ed76fb5ed977ba63518001f7aad9c66f6c6312155bf1","signature_hex":"2b8949ba5a0e9d28ba4e8b911e9d1a8ff10cd46ebeef5184c8670111b75f26453e63d06128eb593a0fa2be5aa3cc5c9af577c3dbe0261adbc6c5e7a11dae840c","public_key_hex":"c2f8243b0d573587f285c830a868acd19249d17d59ecbf9329e796dfed6fb630"}
{"seq":18,"ts":1779267600000,"agent_id":"regime","symbol":"BTCUSDT","side":"sell","price":77422.78693263045,"quantity":0.02543470954040346,"notional_usd":1969.22609744,"fee_usd":1.1815356584640002,"balance_before_usd":9961.686737390626,"balance_after_usd":9959.91732757703,"decision":"ALLOW","cert_hash":"9181c1084e589304d9131c62f3d138e9ff7568add0fe5ff74a18271757a31f53","prev_hash":"ed47c3ad3ce13f46bf63ed76fb5ed977ba63518001f7aad9c66f6c6312155bf1","record_hash":"6cf2a4b634da467f6d9395555666e44d2ff6955b1092eeededd54d4a80513b52","signature_hex":"25a14be4c3a2d1bd1d9fb11956fa5afa870b2bd858d2d7a56b38cb79a6c5772ac44eabd7635f4577048617a256a31b36ec78bcfec6b518d262cb42519a81f503","public_key_hex":"c2f8243b0d573587f285c830a868acd19249d17d59ecbf9329e796dfed6fb630"}
{"seq":19,"ts":1779271200000,"agent_id":"regime","symbol":"BTCUSDT","side":"buy","price":77495.043089436,"quantity":0.025808102302644395,"notional_usd":2000.0,"fee_usd":1.2,"balance_before_usd":9957.91825676967,"balance_after_usd":9956.118396739676,"decision":"ALLOW_CAPPED","cert_hash":"99d65a0aeab754c615f666e1c919ce8f86d0315559558b01fb4c844fc5503e83","prev_hash":"6cf2a4b634da467f6d9395555666e44d2ff6955b1092eeededd54d4a80513b52","record_hash":"027831263d78d04582cc57873d13175e8032bf1bc27fa71bb6ccbe0747e67454","signature_hex":"671a8c289f1689e7b19071bed06fa197fa7777681dc7246182328392c423aa857f1214261695205469300c48ca5ca8142380456d4be2a7d965d679c88da57e0e","public_key_hex":"c2f8243b0d573587f285c830a868acd19249d17d59ecbf9329e796dfed6fb630"}
{"seq":20,"ts":1779274800000,"agent_id":"regime","symbol":"BTCUSDT","side":"buy","price":77368.105016898,"quantity":0.025850445730358513,"notional_usd":2000.0,"fee_usd":1.2,"balance_before_usd":9962.638023671518,"balance_after_usd":9960.838163641523,"decision":"ALLOW_CAPPED","cert_hash":"d35fef81b76f2ef8ff3bfb01dda6e4ed0d73930944eb1d3b57ab27b47f178e20","prev_hash":"027831263d78d04582cc57873d13175e8032bf1bc27fa71bb6ccbe0747e67454","record_hash":"7858d54bdd59b05b09503215dbdd94c175d32df664458de0aebaba13a55a5539","signature_hex":"c4020a4bc7a42d470aaba6d9cc6834a0d418c84e03642aba911df292c3799b99680d1f5b4229d0058627de8634b9860edb0b54c2a579a553f41de31123d41501","public_key_hex":"c2f8243b0d573587f285c830a868acd19249d17d59ecbf9329e796dfed6fb630"}
{"seq":21,"ts":1779278400000,"agent_id":"regime","symbol":"BTCUSDT","side":"sell","price":77561.92599170399,"quantity":0.025785847558941737,"notional_usd":2000.0,"fee_usd":1.2,"balance_before_usd":9954.704349220017,"balance_after_usd":9952.904209190012,"decision":"ALLOW_CAPPED","cert_hash":"3bb35776face10825fa9a60da170423a45f7ba2a61c3eecdc3b94f5bb0795c60","prev_hash":"7858d54bdd59b05b09503215dbdd94c175d32df664458de0aebaba13a55a5539","record_hash":"26bb2ffc8f4f5b6ea663e0214065a46a9842387cc46414c0f452f93e34d13b99","signature_hex":"ac6840bc1723776a61497f74febf7613cde9743814e53dd8703af0aed19f298dc0c36027acb0f497427d883b757c2b669055cbbe792c6f91d3a109fc5c9bc80b","public_key_hex":"c2f8243b0d573587f285c830a868acd19249d17d59ecbf9329e796dfed6fb630"}
{"seq":22,"ts":1779282000000,"agent_id":"regime","symbol":"BTCUSDT","side":"buy","price":77203.15554359999,"quantity":0.025905676858901352,"notional_usd":2000.0,"fee_usd":1.2,"balance_before_usd":9973.695629225946,"balance_after_usd":9971.895769195951,"decision":"ALLOW_CAPPED","cert_hash":"a6fe6afbc49080f638741c86798fd2fa7eede060707dd4fcc91e92b2d068d98c","prev_hash":"26bb2ffc8f4f5b6ea663e0214065a46a9842387cc46414c0f452f93e34d13b99","record_hash":"52148ac93f862b710f539a4e6682722a91c79a441f43649bcd4f2864d3ee0e89","signature_hex":"608e0b16e1dadae5260be2fa4cb5a7386c932a57ae54637b52fec8692046b6eb8003f41397970f541360bd5b73c7ba89d77487255de1a1d70412ab93e6e84f09","public_key_hex":"c2f8243b0d573587f285c830a868acd19249d17d59ecbf9329e796dfed6fb630"}
{"seq":23,"ts":1779285600000,"agent_id":"regime","symbol":"BTCUSDT","side":"buy","price":77443.09947855036,"quantity":0.02539824575596672,"notional_usd":1966.91887266,"fee_usd":1.180151323596,"balance_before_usd":9965.798371502344,"balance_after_usd":9964.03153394569,"decision":"ALLOW","cert_hash":"b3e2c87c91f6e50aacbd82666153c0cef7d044afe6f2412943a77da7d8a1f30e","prev_hash":"52148ac93f862b710f539a4e6682722a91c79a441f43649bcd4f2864d3ee0e89","record_hash":"d8f1b34c3346615e6bb4505348954379a8d1f0ac90ae50c1de862f2457001d93","signature_hex":"0eeabeb162ff5f77136f33e8911435155f69a12f658aef31b58723a45b31459d36399ed0d09eaa1a192ccc08ce73a05dd588549ae08cf2b07dbbae5cac4ca605","public_key_hex":"c2f8243b0d573587f285c830a868acd19249d17d59ecbf9329e796dfed6fb630"}
{"seq":24,"ts":1779372000000,"agent_id":"regime","symbol":"BTCUSDT","side":"buy","price":76973.086539,"quantity":0.025983107731903914,"notional_usd":2000.0,"fee_usd":1.2,"balance_before_usd":9964.035197955327,"balance_after_usd":9962.235337925335,"decision":"ALLOW_CAPPED","cert_hash":"e7d270166e17aa5b006968b223259cae31c9dc399ff60b9f08efdb2c7060393f","prev_hash":"d8f1b34c3346615e6bb4505348954379a8d1f0ac90ae50c1de862f2457001d93","record_hash":"340f2ee4e66650f6d3bccdc9d5ea9e5fbd3fc9a3d3876c7140bf3e2f857d3fca","signature_hex":"f204f90e6288e2cba89daa6807752dd0707e8ea9256b89f1f689349adc85baad4639aba1c70de80aef4efbe73ff0305f7a788351718a344056f7e433a09e9f02","public_key_hex":"c2f8243b0d573587f285c830a868acd19249d17d59ecbf9329e796dfed6fb630"}
{"seq":25,"ts":1779375600000,"agent_id":"regime","symbol":"BTCUSDT","side":"sell","price":77206.83254460001,"quantity":0.0259044430924512,"notional_usd":2000.0,"fee_usd":1.2,"balance_before_usd":9969.508486259396,"balance_after_usd":9967.708346229387,"decision":"ALLOW_CAPPED","cert_hash":"38cc481af5d595bc261c82fbe6bbbf7bcc1b508dde81d53315a19598d24a531e","prev_hash":"340f2ee4e66650f6d3bccdc9d5ea9e5fbd3fc9a3d3876c7140bf3e2f857d3fca","record_hash":"095163f8b5c83dd2f21185c2bc8c929183d66a24bc2e63b8b43267fd7dadd3f9","signature_hex":"c4e03223cd1581d5d14854ff7daccf355ce417e3c1f62bef513cef21a102eab4716237f09742012373955db39e62b598372b45860709f70fafad4682dc6a4d07","public_key_hex":"c2f8243b0d573587f285c830a868acd19249d17d59ecbf9329e796dfed6fb630"}
{"seq":26,"ts":1779458400000,"agent_id":"regime","symbol":"BTCUSDT","side":"buy","price":76775.02713504,"quantity":0.026050137325020928,"notional_usd":2000.0,"fee_usd":1.2,"balance_before_usd":9967.673466333428,"balance_after_usd":9965.873606303436,"decision":"ALLOW_CAPPED","cert_hash":"1e57ff3dbb2f2141cf742573d33c3a6e8556b03aa013ebb3ee0d7467e2a69720","prev_hash":"095163f8b5c83dd2f21185c2bc8c929183d66a24bc2e63b8b43267fd7dadd3f9","record_hash":"27609a7893c2b6979e09f0b29d4b0aa6697923a6de74d741fbcb23a97f8535b0","signature_hex":"7ac50e6e9b3bb5a8e4ffedfb31c1588d35e768b0f926a29cb6b33d612ef8d75adf2267fdaff0ed759d4befb87fb951e2b4b50386d0f222bcb06b6920f3da3309","public_key_hex":"c2f8243b0d573587f285c830a868acd19249d17d59ecbf9329e796dfed6fb630"}
{"seq":27,"ts":1779462000000,"agent_id":"regime","symbol":"BTCUSDT","side":"buy","price":76795.13316544199,"quantity":0.02604331703796049,"notional_usd":2000.0,"fee_usd":1.2,"balance_before_usd":9966.398642905777,"balance_after_usd":9964.598782875782,"decision":"ALLOW_CAPPED","cert_hash":"9ce41a2770c83a8b9ad2482e2bf49d03fdbbd07d223126ea8993e0c71b802f93","prev_hash":"27609a7893c2b6979e09f0b29d4b0aa6697923a6de74d741fbcb23a97f8535b0","record_hash":"ec44c56a47dcbe6c57984c288e23e02bb8ca7b6071387e5d789de61819226bdd","signature_hex":"aa5d8d2e4d8fe33708af1f016e60812bf175e652652494bb587df9c3e17ffb0f381635feec58b5bb5fe73ab17df3819a2e4f431316c4e0357647da141a6f0e05","public_key_hex":"c2f8243b0d573587f285c830a868acd19249d17d59ecbf9329e796dfed6fb630"}
{"seq":28,"ts":1779465600000,"agent_id":"regime","symbol":"BTCUSDT","side":"sell","price":76900.92433848,"quantity":0.02600748973051331,"notional_usd":2000.0,"fee_usd":1.2,"balance_before_usd":9972.121306143546,"balance_after_usd":9970.321166113541,"decision":"ALLOW_CAPPED","cert_hash":"bc0f233a7051a3174733edef626b2a3d292f262198c9395412d4b4ee14b66eb0","prev_hash":"ec44c56a47dcbe6c57984c288e23e02bb8ca7b6071387e5d789de61819226bdd","record_hash":"c18e944d6396729f15b47ae23540b1fbc87dc51d43c471c0aa04ec2b8ec0d1ba","signature_hex":"7db6a0143237c754acd3435ec33b3be1f1e4175f7f6a6588690873c691eb648deb8471dc6ccd7808ba6a07c8464b3e05272de8b0e57768155cac766ab10d1f0f","public_key_hex":"c2f8243b0d573587f285c830a868acd19249d17d59ecbf9329e796dfed6fb630"}
{"seq":29,"ts":1779469200000,"agent_id":"regime","symbol":"BTCUSDT","side":"buy","price":76756.02143466,"quantity":0.026056587647687517,"notional_usd":2000.0,"fee_usd":1.2,"balance_before_usd":9965.325169314377,"balance_after_usd":9963.525309284385,"decision":"ALLOW_CAPPED","cert_hash":"1d8ecdd459bb5ea816b3b5c17f20cb2bd81c36247666489e330930dad7e67366","prev_hash":"c18e944d6396729f15b47ae23540b1fbc87dc51d43c471c0aa04ec2b8ec0d1ba","record_hash":"4a3b1ee8354e7c756e67a10c3dff5f21492d72ea846aedc4b09ac5679f1c4d50","signature_hex":"6b790c585cb9452773643beb5cc22c7a34c9ba20138c2d6ef30b9c09f7dfae1d302e44fd64b04c19cbe3dcb526c66a70076ce04a74a9abe53ff20fd1c998b307","public_key_hex":"c2f8243b0d573587f285c830a868acd19249d17d59ecbf9329e796dfed6fb630"}
{"seq":30,"ts":1779472800000,"agent_id":"regime","symbol":"BTCUSDT","side":"buy","price":76524.4618780125,"quantity":0.025827544209597153,"notional_usd":1976.43892227,"fee_usd":1.185863353362,"balance_before_usd":9951.443073230843,"balance_after_usd":9949.666743712398,"decision":"ALLOW","cert_hash":"9eb7c325a2c6d2cc014f688ba8d40129e4effdedb26ea62cdd4f8599da6e1f0f","prev_hash":"4a3b1ee8354e7c756e67a10c3dff5f21492d72ea846aedc4b09ac5679f1c4d50","record_hash":"9d5f263687e671b66dd0878d48efadadab4759833d68dcc52885dce2a9268749","signature_hex":"fd285f8a2699671ff60d326b4a3b61e3b5d0a965cc5607d553ab81469a4d94bd5cc0ab6b054173ebe354ae8b4fc1bc0e6cb9278ae34d13870c828bac6ab82c0b","public_key_hex":"c2f8243b0d573587f285c830a868acd19249d17d59ecbf9329e796dfed6fb630"}
{"seq":31,"ts":1779476400000,"agent_id":"regime","symbol":"BTCUSDT","side":"sell","price":75796.75566639,"quantity":0.02638635364292835,"notional_usd":2000.0,"fee_usd":1.2,"balance_before_usd":9896.43485267773,"balance_after_usd":9894.634712647725,"decision":"ALLOW_CAPPED","cert_hash":"d1614b3fc311fc8d272e07b8bd5bae36cb740ab805bd2fb50fecb74ba45db421","prev_hash":"9d5f263687e671b66dd0878d48efadadab4759833d68dcc52885dce2a9268749","record_hash":"a21363c103a2d336aba9189fe86349acab872435e21547755940a9fd026d67fb","signature_hex":"74bcc9a817573fc82a22813bee19c2fbc34ba7c9d8a45b37ec9ce1900bffafe105179e1a0cfd314934edcfb624e6a9616a869fcbeddb78bab8081edc4b3eb006","public_key_hex":"c2f8243b0d573587f285c830a868acd19249d17d59ecbf9329e796dfed6fb630"}
{"seq":32,"ts":1779480000000,"agent_id":"regime","symbol":"BTCUSDT","side":"sell","price":75917.2195188,"quantity":0.02634448433012913,"notional_usd":2000.0,"fee_usd":1.2,"balance_before_usd":9900.85911960475,"balance_after_usd":9899.058979574744,"decision":"ALLOW_CAPPED","cert_hash":"19f94aa9ec9853bc0168ea1321de2a283d92454adf62928d2adafc50b4c40789","prev_hash":"a21363c103a2d336aba9189fe86349acab872435e21547755940a9fd026d67fb","record_hash":"065dc0d0967a8c9b9bc2824784f55ccacf8411e3cbeb2b95573dadf312b5a85d","signature_hex":"3d895e6fd553c2797849296bdbcb3e54e09ae8b87f095e20b7778d665d8ebfbf842d52ca45aaaa3314fc8293e2b976cb238a03b9e0019cc1642fba35db86f10e","public_key_hex":"c2f8243b0d573587f285c830a868acd19249d17d59ecbf9329e796dfed6fb630"}
{"seq":33,"ts":1779483600000,"agent_id":"regime","symbol":"BTCUSDT","side":"sell","price":75918.71492786522,"quantity":0.0253178414291693,"notional_usd":1922.09798605,"fee_usd":1.15325879163,"balance_before_usd":9899.089351988969,"balance_after_usd":9897.366819706507,"decision":"ALLOW","cert_hash":"ce8471161def5817d5433cc3d6f1e84976e2bd81a3ebceb59938b76d36e58cf2","prev_hash":"065dc0d0967a8c9b9bc2824784f55ccacf8411e3cbeb2b95573dadf312b5a85d","record_hash":"884a13cbb856de654658118c02cf58c52574037c62a0813bea670c3af71707b5","signature_hex":"74a59c3553625b0ba3ed222a8b51c338d31746af140d74ba86f10c3e612c4b6a102587932e0be111707585084ab15654cc18f58260faf67f2957ac8007ef6809","public_key_hex":"c2f8243b0d573587f285c830a868acd19249d17d59ecbf9329e796dfed6fb630"}
{"seq":34,"ts":1779519600000,"agent_id":"regime","symbol":"BTCUSDT","side":"sell","price":74540.63259126,"quantity":0.026831003849496483,"notional_usd":2000.0,"fee_usd":1.2,"balance_before_usd":9897.37716514398,"balance_after_usd":9895.577025113973,"decision":"ALLOW_CAPPED","cert_hash":"a966cf3d4b0c1352f3ffda1f5c55c6db99308cbc7137bfdc6439fdeb5fab6c23","prev_hash":"884a13cbb856de654658118c02cf58c52574037c62a0813bea670c3af71707b5","record_hash":"814f71f521f364cb1146750aa9e5a63b559a90f7cd909dbe9498aedee994b105","signature_hex":"0206017c225efce84d4a33db2f59654a93908005511d75677b8ccdefda2bbba566ad9e44e37b0a5fc52906582bd3726a5b6906a1cde908c163957e72f8ef5900","public_key_hex":"c2f8243b0d573587f285c830a868acd19249d17d59ecbf9329e796dfed6fb630"}
{"seq":35,"ts":1779523200000,"agent_id":"regime","symbol":"BTCUSDT","side":"sell","price":74621.60829288,"quantity":0.026801888162879886,"notional_usd":2000.0,"fee_usd":1.2,"balance_before_usd":9893.52130325373,"balance_after_usd":9891.721163223723,"decision":"ALLOW_CAPPED","cert_hash":"92f48398cb62cdf8ef6b43a3a135e1b3abce035a89e0e03447ea7bf174007e00","prev_hash":"814f71f521f364cb1146750aa9e5a63b559a90f7cd909dbe9498aedee994b105","record_hash":"48da4e61594d3c44bcb3e2d00fe9c85c049e4e5844499173c6614c128246f4e6","signature_hex":"0e30e7aa4e53ea944a3fc8cf13d228626a043920ae71323241f6093e019063010726a386e3600f44ee6ae5b8beafe8ee843df9465772895653c725d8c3576105","public_key_hex":"c2f8243b0d573587f285c830a868acd19249d17d59ecbf9329e796dfed6fb630"}
{"seq":36,"ts":1779526800000,"agent_id":"regime","symbol":"BTCUSDT","side":"sell","price":74592.16471588777,"quantity":0.025922944531842258,"notional_usd":1933.64854844,"fee_usd":1.160189129064,"balance_before_usd":9893.31428275483,"balance_after_usd":9891.58028188353,"decision":"ALLOW","cert_hash":"251eb01997c911122452b9900931e0e1d367264e7c1d2dcfb56ed0cbc64771f2","prev_hash":"48da4e61594d3c44bcb3e2d00fe9c85c049e4e5844499173c6614c128246f4e6","record_hash":"bd9bcf003d580c88f4f9d33bd61b3c3463a1510a95900b4bc4f43baed5c83815","signature_hex":"02b04446d8298acbe680ae07d156fc33f5a827f9832f08f2312ee0b0242ffec029b239ac1a6e65b9c0509adb036ab4bdc7fe7e74510048d1e940896701e17e0d","public_key_hex":"c2f8243b0d573587f285c830a868acd19249d17d59ecbf9329e796dfed6fb630"}
{"seq":37,"ts":1779548400000,"agent_id":"regime","symbol":"BTCUSDT","side":"buy","price":75500.64490956,"quantity":0.026489839952966512,"notional_usd":2000.0,"fee_usd":1.2,"balance_before_usd":9822.861431357436,"balance_after_usd":9821.061571327442,"decision":"ALLOW_CAPPED","cert_hash":"fccfe4d9131ddf2de540b4b631372fb8b9853ee107bc5e1f786b3bb75a0e4c87","prev_hash":"bd9bcf003d580c88f4f9d33bd61b3c3463a1510a95900b4bc4f43baed5c83815","record_hash":"1afc26afa6c27b520383dbd318fb15670b078ab37266e8ea3a910643f82b01c2","signature_hex":"530138778fb24f470e2cbc1764119ee135b0fbfa76186dc56260430a68ccc7944ff70461b63e8e361dec84ea0acd08ea9d847132b050caceeabccd378bda1105","public_key_hex":"c2f8243b0d573587f285c830a868acd19249d17d59ecbf9329e796dfed6fb630"}
{"seq":38,"ts":1779552000000,"agent_id":"regime","symbol":"BTCUSDT","side":"buy","price":75416.61970787999,"quantity":0.026519353529060753,"notional_usd":2000.0,"fee_usd":1.2,"balance_before_usd":9825.267655081434,"balance_after_usd":9823.46779505144,"decision":"ALLOW_CAPPED","cert_hash":"0c4a97214e70306d3d97e0e868cc6a44d2428d014ed5aa4e05156025da92bee1","prev_hash":"1afc26afa6c27b520383dbd318fb15670b078ab37266e8ea3a910643f82b01c2","record_hash":"700166d26696e18b48c603705609578e8d41419f9e33cc20bf6136577197ea49","signature_hex":"85b5fd18e9cc95d7f223c582d614bb5378f405823175ea449b8aefff56060bf65aa790eff611a72eda1d424bb90ee6e3bd221fe76a926bb3a36c9791f008a403","public_key_hex":"c2f8243b0d573587f285c830a868acd19249d17d59ecbf9329e796dfed6fb630"}
{"seq":39,"ts":1779555600000,"agent_id":"regime","symbol":"BTCUSDT","side":"buy","price":75466.834768884,"quantity":0.026501707751821958,"notional_usd":2000.0,"fee_usd":1.2,"balance_before_usd":9822.134777258449,"balance_after_usd":9820.334917228454,"decision":"ALLOW_CAPPED","cert_hash":"d10bd024f8f870879c9ee3cf73a64af740ae2859f9cd23ce5cd52af76c4790ff","prev_hash":"700166d26696e18b48c603705609578e8d41419f9e33cc20bf6136577197ea49","record_hash":"b5af5e945838c938b402653b0f56fefbfc48e7d145b050787ead431278cb540e","signature_hex":"ecd2a89d6eeb1572765d7295e1320dca69cc4e5ea86255818d0512272d65d93d44ed1f9e186fd91acf5d89e9565d3f8e7a92a35d0159c37ce2f18fd27db16500","public_key_hex":"c2f8243b0d573587f285c830a868acd19249d17d59ecbf9329e796dfed6fb630"}
{"seq":40,"ts":1779570000000,"agent_id":"regime","symbol":"BTCUSDT","side":"sell","price":76743.871465338,"quantity":0.026060712885762043,"notional_usd":2000.0,"fee_usd":1.2,"balance_before_usd":9820.265566016224,"balance_after_usd":9818.465425986216,"decision":"ALLOW_CAPPED","cert_hash":"13d3f1ca8e7ce6fe4ca4094f39206c41b00b69c97aa00f1786fbb39d56eb92d9","prev_hash":"b5af5e945838c938b402653b0f56fefbfc48e7d145b050787ead431278cb540e","record_hash":"0edc8bed0730aef84e5a2273165f8df0c0828d9690abad8cb66c366c4c5b69ca","signature_hex":"e08d5cce13a5a49528950a812c789b9c4780124a4f8863fd7471242cd59404d405fbd664bf8043914354a10eb138303f33444e8508fb5d206d5458b8a50cc30a","public_key_hex":"c2f8243b0d573587f285c830a868acd19249d17d59ecbf9329e796dfed6fb630"}
{"seq":41,"ts":1779573600000,"agent_id":"regime","symbol":"BTCUSDT","side":"buy","price":76560.05739579118,"quantity":0.026105314115920094,"notional_usd":1998.62434705,"fee_usd":1.19917460823,"balance_before_usd":9824.466226577737,"balance_after_usd":9822.667741941095,"decision":"ALLOW","cert_hash":"59a86d27b5753a1ea255f5094d98bf8e78b951d7045258eaeab3bfb326d5d35a","prev_hash":"0edc8bed0730aef84e5a2273165f8df0c0828d9690abad8cb66c366c4c5b69ca","record_hash":"036ab05891b292222d8bf7a906e0ff9a8299b1994d314b7094e9ae015ba8f84e","signature_hex":"c0aac0b1fb68118de2d79f44f7f08e2287c40ea30b804f1388732a79d671b8e72449891a237bf2a6b9295c69970fec98b16c451a8972a395b5dbf851207b120d","public_key_hex":"c2f8243b0d573587f285c830a868acd19249d17d59ecbf9329e796dfed6fb630"}
{"seq":42,"ts":1779681600000,"agent_id":"regime","symbol":"BTCUSDT","side":"sell","price":77322.097956906,"quantity":0.025865826883210825,"notional_usd":2000.0,"fee_usd":1.2,"balance_before_usd":9822.661316687761,"balance_after_usd":9820.861176657754,"decision":"ALLOW_CAPPED","cert_hash":"d71e3afc8f143266281a53477e37a272339e615a0bf3f85f7734ecb4a9cb8c13","prev_hash":"036ab05891b292222d8bf7a906e0ff9a8299b1994d314b7094e9ae015ba8f84e","record_hash":"36b33474739ea83b9b90d26d7001db5f348a3622a5d3da60d56c0b83eb639fc3","signature_hex":"474ecfb2458092ee9fbd4d2681b29ea410faca278961777c2939a21e7ead0db69c3e2200347a2b5848f4c62a0b9d755b270ae68ce201ba7a20114c73be07290f","public_key_hex":"c2f8243b0d573587f285c830a868acd19249d17d59ecbf9329e796dfed6fb630"}
{"seq":43,"ts":1779685200000,"agent_id":"regime","symbol":"BTCUSDT","side":"buy","price":77381.20894715999,"quantity":0.025846068150288354,"notional_usd":2000.0,"fee_usd":1.2,"balance_before_usd":9820.532581211266,"balance_after_usd":9818.732721181272,"decision":"ALLOW_CAPPED","cert_hash":"b1eff3e8396404954afa6bd61920342814778afb9379b80bb59afe847d38b45e","prev_hash":"36b33474739ea83b9b90d26d7001db5f348a3622a5d3da60d56c0b83eb639fc3","record_hash":"c47e1d4db37c91f988d6763d0c72ce7e7cde9e841b3e189d424d02c02611afe7","signature_hex":"abfdbd8a49d4d29ee26638e30759736ecb5210a257360a26a31846c8c037cf3a3ab443718bd5ee6b474fc742feea6b723f5af7f820b58040d272e368801afe0b","public_key_hex":"c2f8243b0d573587f285c830a868acd19249d17d59ecbf9329e796dfed6fb630"}
{"seq":44,"ts":1779753600000,"agent_id":"regime","symbol":"BTCUSDT","side":"buy","price":76777.627915092,"quantity":0.026049254897686995,"notional_usd":2000.0,"fee_usd":1.2,"balance_before_usd":9818.748900820172,"balance_after_usd":9816.949040790178,"decision":"ALLOW_CAPPED","cert_hash":"c4c788d492c6b317df431e425e168e4d75662228e2f0fc78056343e42ff50820","prev_hash":"c47e1d4db37c91f988d6763d0c72ce7e7cde9e841b3e189d424d02c02611afe7","record_hash":"37c3ef85528f77026013a37eef59c1229b6610b100ebd765188a0010fe1229aa","signature_hex":"90f1ecd53b94b1ea763f7caa147f5cb07d0fbf8ef5fc4c38c3ae66f046db55ff1f6a3ddcaef8f8fb9df31655bbb0c310aed7e62d5eefd403a8b760571bc46306","public_key_hex":"c2f8243b0d573587f285c830a868acd19249d17d59ecbf9329e796dfed6fb630"}
{"seq":45,"ts":1779757200000,"agent_id":"regime","symbol":"BTCUSDT","side":"sell","price":76699.09857169628,"quantity":0.02602946952751712,"notional_usd":1996.43684906,"fee_usd":1.197862109436,"balance_before_usd":9816.103336650243,"balance_after_usd":9814.306759563686,"decision":"ALLOW","cert_hash":"ef20de3862c9800ae801520af1025e8e79d3151043ae7c234523311ad1066510","prev_hash":"37c3ef85528f77026013a37eef59c1229b6610b100ebd765188a0010fe1229aa","record_hash":"6c32ee4806d4b6efec7f4763f91a1874e83e035de0156a98f48e6d4a97b11dda","signature_hex":"ca7947ba8cea0edea0ff3d7b8a12a812653bac4e0f9a2c84b691fc12852cbb5be878fc9204c9ec704dd51635d2adc5aaece3fb88b1f36c484af864a1877fab07","public_key_hex":"c2f8243b0d573587f285c830a868acd19249d17d59ecbf9329e796dfed6fb630"}
{"seq":46,"ts":1779760800000,"agent_id":"regime","symbol":"BTCUSDT","side":"buy","price":76652.89050259799,"quantity":0.02609164490583971,"notional_usd":2000.0,"fee_usd":1.2,"balance_before_usd":9814.307479063293,"balance_after_usd":9812.5076190333,"decision":"ALLOW_CAPPED","cert_hash":"8fe14963e00d2146d3f5873ea9053b274e57385f043c45ae4e578133737c1ba3","prev_hash":"6c32ee4806d4b6efec7f4763f91a1874e83e035de0156a98f48e6d4a97b11dda","record_hash":"049cc3b2a3ca957096d1c371fed20fd8760c297e1f72cfadf48325a393e294a0","signature_hex":"0edd1c23cfb1010c8378ee4fab2f6d4e104df30a5859a5b850ae3f43d01d77df2b3de64f87258c2b37478fb6ee1f3aac502404a333c546f02dba83f386a6fe0f","public_key_hex":"c2f8243b0d573587f285c830a868acd19249d17d59ecbf9329e796dfed6fb630"}
{"seq":47,"ts":1779764400000,"agent_id":"regime","symbol":"BTCUSDT","side":"sell","price":76606.41735164123,"quantity":0.026091666621023333,"notional_usd":1998.78910257,"fee_usd":1.199273461542,"balance_before_usd":9812.494577112688,"balance_after_usd":9810.695648052102,"decision":"ALLOW","cert_hash":"c494f11ad0d3afe8a81a2b22c865283aea72e1b03e0c9270826371f6f95a4c26","prev_hash":"049cc3b2a3ca957096d1c371fed20fd8760c297e1f72cfadf48325a393e294a0","record_hash":"f25b04217ba0f0339056d91c1e55265a338b900fad1d4acbcce1dab15df8753b","signature_hex":"4c2f5cd10b1bdb1e6c5ce5f148d02eb0e500a3c4cf184ccdf2b99fa120932b1a56351a7c6fc140fd9164af22da958e0ba500067141c7d11eaad7336efc8bde02","public_key_hex":"c2f8243b0d573587f285c830a868acd19249d17d59ecbf9329e796dfed6fb630"}
{"seq":48,"ts":1779937200000,"agent_id":"regime","symbol":"BTCUSDT","side":"sell","price":73210.931594658,"quantity":0.027318324687811164,"notional_usd":2000.0,"fee_usd":1.2,"balance_before_usd":9810.722451648026,"balance_after_usd":9808.922311618018,"decision":"ALLOW_CAPPED","cert_hash":"fc6717ad7dbb35809b138fa74859e61c5bd1833a257c9289aa600de79a7be3db","prev_hash":"f25b04217ba0f0339056d91c1e55265a338b900fad1d4acbcce1dab15df8753b","record_hash":"4b3c0b544d5030beb18016651bc51968ae180e87ec025a72e332dcede3af8c4a","signature_hex":"3cbe97d30d4e5a8e1d839c359105c08d472629eb4184e4c3cf3248aa2769a7eba6e562cb4fda42299fa3523b52a439a156b743ca7186f67ef655f44c8afb3605","public_key_hex":"c2f8243b0d573587f285c830a868acd19249d17d59ecbf9329e796dfed6fb630"}
{"seq":49,"ts":1779940800000,"agent_id":"regime","symbol":"BTCUSDT","side":"sell","price":73129.55601303,"quantity":0.02734872340321123,"notional_usd":2000.0,"fee_usd":1.2,"balance_before_usd":9811.14666023505,"balance_after_usd":9809.346520205043,"decision":"ALLOW_CAPPED","cert_hash":"a30069cff844e5b536e86177e0d6c371f16df98e454b5a9e01ecabdabaf76c60","prev_hash":"4b3c0b544d5030beb18016651bc51968ae180e87ec025a72e332dcede3af8c4a","record_hash":"45551e23120a852bcf920d95b03bef7e4caf9e6a549c68d47b7e15e10338aa55","signature_hex":"148c31e3cfdcd2ffdd2189b412ef72da8388c74346b2e1b2a1c2715c3dbb6e4c19578c8357f267e7de6e4a67436efb013485f83da2da4139b73394df984f2305","public_key_hex":"c2f8243b0d573587f285c830a868acd19249d17d59ecbf9329e796dfed6fb630"}
{"seq":50,"ts":1779944400000,"agent_id":"regime","symbol":"BTCUSDT","side":"sell","price":72939.66799695113,"quantity":0.026086029204431434,"notional_usd":1902.70630953,"fee_usd":1.141623785718,"balance_before_usd":9819.751148630112,"balance_after_usd":9818.047840384032,"decision":"ALLOW","cert_hash":"898666e89b5d67271350282f737c9edb3d4fdcb54f89179637eadbd184781bb7","prev_hash":"45551e23120a852bcf920d95b03bef7e4caf9e6a549c68d47b7e15e10338aa55","record_hash":"87f01141be1dbdac8fb65158cdd679819200e456d7bbfeb9105147ff767395e0","signature_hex":"0037ef3968eabfa08f9f9d1b93b39f2d413c257e98391106c48878c2394f7592be037946aa16723c277798d643f1e7183e1ef08308221b133d6e925c5c6d2d07","public_key_hex":"c2f8243b0d573587f285c830a868acd19249d17d59ecbf9329e796dfed6fb630"}
{"seq":51,"ts":1780002000000,"agent_id":"regime","symbol":"BTCUSDT","side":"buy","price":73805.63652567,"quantity":0.027098201358976007,"notional_usd":2000.0,"fee_usd":1.2,"balance_before_usd":9752.751829290219,"balance_after_usd":9750.951969260224,"decision":"ALLOW_CAPPED","cert_hash":"57ece06880c941c2347ab750bfbe5f6adf651333647047ced375e51a187b1045","prev_hash":"87f01141be1dbdac8fb65158cdd679819200e456d7bbfeb9105147ff767395e0","record_hash":"93f8caecd002bda1ee1cd203ca8d7a1fb60497bd546ca106d19640874d5ece4c","signature_hex":"ccf4ead571280374160fb4fb396e1d93ee69373de57c448ec3ea4466baa7874ee01be71f6799bce2e75e2cbbd62910b6d6ecdf6be9779dfd0da20d5330874000","public_key_hex":"c2f8243b0d573587f285c830a868acd19249d17d59ecbf9329e796dfed6fb630"}
{"seq":52,"ts":1780005600000,"agent_id":"regime","symbol":"BTCUSDT","side":"buy","price":73462.0334688,"quantity":0.027224947439678734,"notional_usd":2000.0,"fee_usd":1.2,"balance_before_usd":9769.385107168811,"balance_after_usd":9767.585247138817,"decision":"ALLOW_CAPPED","cert_hash":"1daf9e8adf370286fde0b6ebcfd91292e8b3641d7fc76dad9bde13b427f46075","prev_hash":"93f8caecd002bda1ee1cd203ca8d7a1fb60497bd546ca106d19640874d5ece4c","record_hash":"0e538ceecb02432c65536c985374df7fba5d3c6f3e859bfbe231288d93a5b80c","signature_hex":"4ed5b9f60e2935ebc80101b71a4cfc7cc755d6cd0373b9c6713b2de01952847be2fdf9cd4020010b694c58e8daa9d60ed545a25b1ec0704dbdca33b9fd7fce06","public_key_hex":"c2f8243b0d573587f285c830a868acd19249d17d59ecbf9329e796dfed6fb630"}
{"seq":53,"ts":1780009200000,"agent_id":"regime","symbol":"BTCUSDT","side":"buy","price":73611.97815830578,"quantity":0.026429896351324707,"notional_usd":1945.55695294,"fee_usd":1.167334171764,"balance_before_usd":9763.616940279122,"balance_after_usd":9761.87136865098,"decision":"ALLOW","cert_hash":"52007534ed5b4813381a21ec21ec308506b10e6a2a337e5b50e9750202d0cc59","prev_hash":"0e538ceecb02432c65536c985374df7fba5d3c6f3e859bfbe231288d93a5b80c","record_hash":"de2491cb6fb666ee0ce697dff5eaec66a9478849f0ea4cf3df468c82f43c047c","signature_hex":"792ed01847f4c6a12f1dd766a1e8d406716ad0768c6892c38ce2f4c055495491fc6e03ba48ef479a94c556952c56c57df33503e77967a1fd7d4f1c635c37db02","public_key_hex":"c2f8243b0d573587f285c830a868acd19249d17d59ecbf9329e796dfed6fb630"}
{"seq":54,"ts":1780160400000,"agent_id":"regime","symbol":"BTCUSDT","side":"sell","price":73952.8089795,"quantity":0.027044273606353583,"notional_usd":2000.0,"fee_usd":1.2,"balance_before_usd":9761.868457058832,"balance_after_usd":9760.068317028825,"decision":"ALLOW_CAPPED","cert_hash":"789d5e9d9037fecdcfe466a966527e7482aa434cdc08abcb0d567fcd7e80c584","prev_hash":"de2491cb6fb666ee0ce697dff5eaec66a9478849f0ea4cf3df468c82f43c047c","record_hash":"4062655fc30e01e0f54a946ab3c6e90328d5802750864fb508603dcf1452ab30","signature_hex":"6623a0b4d3b4d5b19e998f86129bfd5f7c757a236368d2be73c20044e7aaf1fa33064b94c3fdb681dcdefb31837e9d8374f5ab39368b2857d5e08448c1a3b108","public_key_hex":"c2f8243b0d573587f285c830a868acd19249d17d59ecbf9329e796dfed6fb630"}
{"seq":55,"ts":1780164000000,"agent_id":"regime","symbol":"BTCUSDT","side":"sell","price":73974.30252993,"quantity":0.027036415776827364,"notional_usd":2000.0,"fee_usd":1.2,"balance_before_usd":9759.486696209091,"balance_after_usd":9757.686556179084,"decision":"ALLOW_CAPPED","cert_hash":"5a03011db9ef00c0256f1a214ad946672072e027a5b90b5b34dc44cdc2654369","prev_hash":"4062655fc30e01e0f54a946ab3c6e90328d5802750864fb508603dcf1452ab30","record_hash":"1b1ce2863f3fcf08066a9c5ca59433395d7c3c5aadaf578ee69e1082fe35e1c1","signature_hex":"d3bfc16010e882ff451de0d0790d4687824da447732355d9130180348406e434c2f7be2b9ff75f6b066f66439791d82a18dca8c62fc8738b992a46a5bcbb230e","public_key_hex":"c2f8243b0d573587f285c830a868acd19249d17d59ecbf9329e796dfed6fb630"}
{"seq":56,"ts":1780167600000,"agent_id":"regime","symbol":"BTCUSDT","side":"buy","price":73988.491369326,"quantity":0.027031230979108135,"notional_usd":2000.0,"fee_usd":1.2,"balance_before_usd":9759.320030296287,"balance_after_usd":9757.52017026629,"decision":"ALLOW_CAPPED","cert_hash":"fd92e45c564d0e1e631521764d1a4ceaffc28d834f3cdc2b93b2da5eed6f8b38","prev_hash":"1b1ce2863f3fcf08066a9c5ca59433395d7c3c5aadaf578ee69e1082fe35e1c1","record_hash":"adb303c3b156f1df2a94962f6bbbff9b1e602113e1fdb42eb6715b048dc16c1c","signature_hex":"61ff3bbbae8220ccca745420074f4a511c9d7fe331effa9cfeeb7ae656351d6659ccbb45fade5e1fa3219490ca6132f1e7ef15740505cec444f5f8276d78110f","public_key_hex":"c2f8243b0d573587f285c830a868acd19249d17d59ecbf9329e796dfed6fb630"}
{"seq":57,"ts":1780171200000,"agent_id":"regime","symbol":"BTCUSDT","side":"buy","price":73956.081648678,"quantity":0.027043076856083696,"notional_usd":2000.0,"fee_usd":1.2,"balance_before_usd":9758.396827303011,"balance_after_usd":9756.596967273015,"decision":"ALLOW_CAPPED","cert_hash":"1bd1a8081064b8eca4c7889c6ac8f133e72c18192bd36943b484c16247ac70fa","prev_hash":"adb303c3b156f1df2a94962f6bbbff9b1e602113e1fdb42eb6715b048dc16c1c","record_hash":"4d3fafee2e4717a6dd3809267cfd8c02a3084b713bda8c3be3c691e2b33f4f95","signature_hex":"6f8e3d39ddb59078d7c171648023b1c47e81d25a6b7d9bcba3addf8e948d55e5f155fc64abb0462fa5e4bfc0f6b8234854d70c529e7036ac4f36c1b485720c0e","public_key_hex":"c2f8243b0d573587f285c830a868acd19249d17d59ecbf9329e796dfed6fb630"}
{"seq":58,"ts":1780236000000,"agent_id":"regime","symbol":"BTCUSDT","side":"buy","price":73596.873911496,"quantity":0.02717506727806268,"notional_usd":2000.0,"fee_usd":1.2,"balance_before_usd":9756.60200260391,"balance_after_usd":9754.802142573915,"decision":"ALLOW_CAPPED","cert_hash":"1d97c1a1b440f8709baa219e960572360e0497fb1060f3ca519a92373ea5f010","prev_hash":"4d3fafee2e4717a6dd3809267cfd8c02a3084b713bda8c3be3c691e2b33f4f95","record_hash":"b68dd77573214fcab1c441e9d1137436c0c84cee113d1a08a2447d7d436588fe","signature_hex":"262a8312f3733ed742293887b82e058dc029d435899900c8cbf516c67b7ec437f6ff71a60a9f67adfd2b7c27fc513e10124a61b94c75bb78856f8c1609e0090a","public_key_hex":"c2f8243b0d573587f285c830a868acd19249d17d59ecbf9329e796dfed6fb630"}
{"seq":59,"ts":1780239600000,"agent_id":"regime","symbol":"BTCUSDT","side":"buy","price":73655.49149266799,"quantity":0.027153440422009664,"notional_usd":2000.0,"fee_usd":1.2,"balance_before_usd":9756.393767105616,"balance_after_usd":9754.593907075623,"decision":"ALLOW_CAPPED","cert_hash":"e6b5faaac260b3081a823b54221d15e1a36133d36cc7c595bedcc2dbddc31d3e","prev_hash":"b68dd77573214fcab1c441e9d1137436c0c84cee113d1a08a2447d7d436588fe","record_hash":"919429f0bd83358f1f128fee1f7d4a1269d90e08360b126db1dedaae503080c5","signature_hex":"4ee1b7ab7aaebeef9547994860857051ccce090091a89ec33e2ee7d55c591084f6a69176bae2cff3196dcfad4e6306f5ce6f326f64e52917b1dd4090dfe8d608","public_key_hex":"c2f8243b0d573587f285c830a868acd19249d17d59ecbf9329e796dfed6fb630"}
{"seq":60,"ts":1780243200000,"agent_id":"regime","symbol":"BTCUSDT","side":"buy","price":73527.92400735473,"quantity":0.025241800786927608,"notional_usd":1855.97721007,"fee_usd":1.113586326042,"balance_before_usd":9747.372606807727,"balance_after_usd":9745.7157157759,"decision":"ALLOW","cert_hash":"03ac258f1d1a9ae229ef281690d9d3001b9c0afbc281512eed766122df559dd0","prev_hash":"919429f0bd83358f1f128fee1f7d4a1269d90e08360b126db1dedaae503080c5","record_hash":"9c90dd2747ba3bc3a0aa46d11dd9ebaeedee7ee7990054d5e37e8277ce2ef087","signature_hex":"1335c5b40b66bb55e7a4c905e993dfa03c121bcc1173bea17467c59c9b6fbc8866adea6216ac1b923a45c8925f8164fcf29d71249cc23ca0182b8d6e47c0000d","public_key_hex":"c2f8243b0d573587f285c830a868acd19249d17d59ecbf9329e796dfed6fb630"}
{"seq":61,"ts":1780246800000,"agent_id":"regime","symbol":"BTCUSDT","side":"sell","price":73663.995643722,"quantity":0.02715030568899706,"notional_usd":2000.0,"fee_usd":1.2,"balance_before_usd":9760.011941446177,"balance_after_usd":9758.211801416172,"decision":"ALLOW_CAPPED","cert_hash":"69e5d52723436a95f19d011267cd29482cf34adf69b6e4f244df5236273b0334","prev_hash":"9c90dd2747ba3bc3a0aa46d11dd9ebaeedee7ee7990054d5e37e8277ce2ef087","record_hash":"583772d70f0b7a9e055e9f97138ba083cbe420ecca64a4810dedbe13d1c1c704","signature_hex":"e132c14c89ea5fc18bcd5eee828e5d56a576f1d38862ae551e5ee836aa5e22cc6c62936a066fba88abd0ca2e8efb2f9c7a56e4a6ba5ae1ae3326c519c9e50e02","public_key_hex":"c2f8243b0d573587f285c830a868acd19249d17d59ecbf9329e796dfed6fb630"}
{"seq":62,"ts":1780250400000,"agent_id":"regime","symbol":"BTCUSDT","side":"sell","price":73559.027141622,"quantity":0.027189049090459452,"notional_usd":2000.0,"fee_usd":1.2,"balance_before_usd":9752.709196227044,"balance_after_usd":9750.909056197037,"decision":"ALLOW_CAPPED","cert_hash":"e74cb1118967689b9b1edcee11b1232e488b400ff686435b63f02853cc1ae0f3","prev_hash":"583772d70f0b7a9e055e9f97138ba083cbe420ecca64a4810dedbe13d1c1c704","record_hash":"8cd870ae2aaa6307ed79f15ce4cafc19c9c1f0321662073d17f04c125c975fef","signature_hex":"0e8bf69aebcfd23d7e786a1a5e307417c6479b623de4ddbade6f59ef485856e2abf3692ca9b90fecebf59f49e97c4e9268428c6ae4df622c33607eb631de3b0c","public_key_hex":"c2f8243b0d573587f285c830a868acd19249d17d59ecbf9329e796dfed6fb630"}
{"seq":63,"ts":1780254000000,"agent_id":"regime","symbol":"BTCUSDT","side":"buy","price":73550.660050572,"quantity":0.027192142104840923,"notional_usd":2000.0,"fee_usd":1.2,"balance_before_usd":9749.585178679723,"balance_after_usd":9747.78531864973,"decision":"ALLOW_CAPPED","cert_hash":"6abc0e8a3240ab764f3f50ca4a03666d6555f144c34e3cc3fa3923d9c5a5d420","prev_hash":"8cd870ae2aaa6307ed79f15ce4cafc19c9c1f0321662073d17f04c125c975fef","record_hash":"f197ef503d88fc6cda0b323c3abd6670c750637aaf8c7c51ad04f8408f8d3a8b","signature_hex":"ea4c56da22a51003bf21f3529c343089997ea204a8b27c1e385669fa6c1447778886feba6dadaae27d389186e07b2eec6aabbbd133f94fa3c1ec7a7a48da5401","public_key_hex":"c2f8243b0d573587f285c830a868acd19249d17d59ecbf9329e796dfed6fb630"}
{"seq":64,"ts":1780257600000,"agent_id":"regime","symbol":"BTCUSDT","side":"sell","price":73693.686734316,"quantity":0.027139366866126478,"notional_usd":2000.0,"fee_usd":1.2,"balance_before_usd":9757.59625662778,"balance_after_usd":9755.796116597774,"decision":"ALLOW_CAPPED","cert_hash":"09e8b145f9e62ad9a9c9bc19aa2f93d0ac80ff8e384411b2b39c6e5043eecdf4","prev_hash":"f197ef503d88fc6cda0b323c3abd6670c750637aaf8c7c51ad04f8408f8d3a8b","record_hash":"37b7e07f8a2cc8010c16caf0ed72b2beeb178b853a205b4e0913def811620ac2","signature_hex":"c20d34ceb227a97941671c54a7b37f368d8995bcb890221535a775904e8fcd6213aea0a37d1651b065a45e4c4583cd3ee56483647abe79fed8c1b4484ce36201","public_key_hex":"c2f8243b0d573587f285c830a868acd19249d17d59ecbf9329e796dfed6fb630"}
{"seq":65,"ts":1780261200000,"agent_id":"regime","symbol":"BTCUSDT","side":"sell","price":73843.33486287798,"quantity":0.02527690375232944,"notional_usd":1866.53086808,"fee_usd":1.119918520848,"balance_before_usd":9759.566324484025,"balance_after_usd":9757.898778377361,"decision":"ALLOW","cert_hash":"dfb94924725eb968ef2ce3b724c1da027b2fb571f48968d9ce33330f736a541f","prev_hash":"37b7e07f8a2cc8010c16caf0ed72b2beeb178b853a205b4e0913def811620ac2","record_hash":"68e37418d5c685b3cbd3771e3597a2b4f5d524b9113331a66799ebd49e3410df","signature_hex":"6031b58f8bfb689a91336fe04ef7532de80301d335b2d03195ad9338f28aa8648469ed6b0817e012222a87a82da33f4dcf0cd617c5053fc817e53f0abd8cbb07","public_key_hex":"c2f8243b0d573587f285c830a868acd19249d17d59ecbf9329e796dfed6fb630"}
{"seq":66,"ts":1780326000000,"agent_id":"regime","symbol":"BTCUSDT","side":"sell","price":71107.16287257,"quantity":0.02812656164589449,"notional_usd":2000.0,"fee_usd":1.2,"balance_before_usd":9757.91916927343,"balance_after_usd":9756.119029243422,"decision":"ALLOW_CAPPED","cert_hash":"10ceadb675d5117f68d3f62657824be4a84a7b123f54f3650691877b191ed951","prev_hash":"68e37418d5c685b3cbd3771e3597a2b4f5d524b9113331a66799ebd49e3410df","record_hash":"64257d11300d669bc156d80171d2426bf1654b9465620123dd7848adb862e124","signature_hex":"19864ec8047fd6e88e93d3f9f8c447ef378e769e512a61e8affe42d5d15576542a34785d67dabe64e623702fa27f4d5fb8b8fa9a48b001d1d85ad1e798774e0b","public_key_hex":"c2f8243b0d573587f285c830a868acd19249d17d59ecbf9329e796dfed6fb630"}
{"seq":67,"ts":1780329600000,"agent_id":"regime","symbol":"BTCUSDT","side":"sell","price":71528.83634100601,"quantity":0.027960751248142998,"notional_usd":2000.0,"fee_usd":1.2,"balance_before_usd":9744.453417798,"balance_after_usd":9742.653277767993,"decision":"ALLOW_CAPPED","cert_hash":"11a5a9e78e2b7329909666935ab169b756d5f945245db479d6031c4c9d38d16c","prev_hash":"64257d11300d669bc156d80171d2426bf1654b9465620123dd7848adb862e124","record_hash":"fc04e4af0de59130fc3a1ed230132d52f781d24c516c2c7f87268f8140dee2d6","signature_hex":"5208757dad30f4aae531fc5efc8789b53f53b9865df01205276dcfb2b5c1d7fd9238d905b6e9394dc5298f225e45e46016190ab542fd2e0f7c770ef40eaaae0a","public_key_hex":"c2f8243b0d573587f285c830a868acd19249d17d59ecbf9329e796dfed6fb630"}
{"seq":68,"ts":1780333200000,"agent_id":"regime","symbol":"BTCUSDT","side":"sell","price":71604.13953939642,"quantity":0.025491445135175858,"notional_usd":1825.29299452,"fee_usd":1.095175796712,"balance_before_usd":9738.46300167662,"balance_after_usd":9736.836062592938,"decision":"ALLOW","cert_hash":"bd6b4dd9d0151f4711c186380567a0cd3157d5a3af2a4fc827382b28a76fd73e","prev_hash":"fc04e4af0de59130fc3a1ed230132d52f781d24c516c2c7f87268f8140dee2d6","record_hash":"866d0e8fdb63032de03d57676f292a22cd991e6564127e1bdcb38d87235dba1e","signature_hex":"9165ecbc9118da731dc0bad8a10b93c0f5062cdc211be5969ad13d13d5a98b618f3956bb5b58c8d885ca9c46dc3d0a0b4ff0694789afa4c819e08c263b913d08","public_key_hex":"c2f8243b0d573587f285c830a868acd19249d17d59ecbf9329e796dfed6fb630"}
{"seq":69,"ts":1780380000000,"agent_id":"regime","symbol":"BTCUSDT","side":"sell","price":70077.28511106559,"quantity":0.0028390874193353105,"notional_usd":198.95553854,"fee_usd":0.119373323124,"balance_before_usd":9862.489168782064,"balance_after_usd":9862.32801860289,"decision":"ALLOW","cert_hash":"f682ea4c8f7f664567654b9cd178c6f79c55b57314097323421140ee96fb2cb6","prev_hash":"866d0e8fdb63032de03d57676f292a22cd991e6564127e1bdcb38d87235dba1e","record_hash":"266f95e73a40c7cce82f95720bf35dec905b412fbdd4fd6453c071548d854f84","signature_hex":"7722ddce32515f4f8bb60930b2392e56c213946ae52c5fe0c2fc24aae8754a1f094abe8b730b8ecb5355ce81262469a2611a6728259b7b58af63949633758403","public_key_hex":"c2f8243b0d573587f285c830a868acd19249d17d59ecbf9329e796dfed6fb630"}
{"seq":70,"ts":1780408800000,"agent_id":"regime","symbol":"BTCUSDT","side":"sell","price":67981.93838696307,"quantity":0.004166932410746381,"notional_usd":283.27614241,"fee_usd":0.169965685446,"balance_before_usd":10039.830482619423,"balance_after_usd":10039.599839676663,"decision":"ALLOW","cert_hash":"b1c6adc68ace0b6368b808cd0ad1483c09ec29766529c59a01e53b72001e4e61","prev_hash":"266f95e73a40c7cce82f95720bf35dec905b412fbdd4fd6453c071548d854f84","record_hash":"d190c9b335bc6fea118819b35cc4fc49fde8b8cd2fd88557f73c2400798e44b3","signature_hex":"7b1c0dbf07f9fdbffa675458da5c309eb4f893f517c11a305d99d8a3bcec5b7e536d6b1f0ce902f3ac998333c3dd15fd8077364059ad04e14724d502f752240a","public_key_hex":"c2f8243b0d573587f285c830a868acd19249d17d59ecbf9329e796dfed6fb630"}
{"seq":71,"ts":1780437600000,"agent_id":"regime","symbol":"BTCUSDT","side":"sell","price":66345.85851088513,"quantity":0.00349898446520084,"notional_usd":232.14312826,"fee_usd":0.139285876956,"balance_before_usd":10185.186856775905,"balance_after_usd":10184.998439946667,"decision":"ALLOW","cert_hash":"fa389b3ababa11ba40607d8c594d8a556537178d64d176be239b44108925a7d3","prev_hash":"d190c9b335bc6fea118819b35cc4fc49fde8b8cd2fd88557f73c2400798e44b3","record_hash":"3c655f744903e23c3798fd626325170bdab2f8e2e167f77df3df09e3837e51cc","signature_hex":"a93a2a11d2b11b0c3b14236423d4ddd0df14ec86615a2e54bebf270beecb468ffc4bac580484d1567f46721ad5331e3d1f93339fbe582ea54f07a122dcdb020e","public_key_hex":"c2f8243b0d573587f285c830a868acd19249d17d59ecbf9329e796dfed6fb630"}
{"seq":72,"ts":1780524000000,"agent_id":"regime","symbol":"BTCUSDT","side":"sell","price":64874.51784304948,"quantity":0.003350617237200608,"notional_usd":217.36967774,"fee_usd":0.130421806644,"balance_before_usd":10321.667231185027,"balance_after_usd":10321.49096570746,"decision":"ALLOW","cert_hash":"12298e748dda7b62bab4f4e596e0640015b165f52d14a515ad55a72b6465a28a","prev_hash":"3c655f744903e23c3798fd626325170bdab2f8e2e167f77df3df09e3837e51cc","record_hash":"09c6c9d168f9a63e5ab2528af6591750d3f98fa9daecdb4abc1c1a19658aae9f","signature_hex":"da2212aa01b5b63ab75a0a148485eef72bfe24e52a30c867faff9e37d3ef829b8bbca98be960fbf74dafe81f778380be5cbf5a6e9227147d7483c94c5e365501","public_key_hex":"c2f8243b0d573587f285c830a868acd19249d17d59ecbf9329e796dfed6fb630"}
{"seq":73,"ts":1780531200000,"agent_id":"regime","symbol":"BTCUSDT","side":"sell","price":63302.37694168239,"quantity":0.003795408305778772,"notional_usd":240.25836722,"fee_usd":0.144155020332,"balance_before_usd":10472.053122597661,"balance_after_usd":10471.858021590304,"decision":"ALLOW","cert_hash":"08efcd5898aeefbba2c2ecbaffb6aa43a554f1bed649e6fa057573092eb8409b","prev_hash":"09c6c9d168f9a63e5ab2528af6591750d3f98fa9daecdb4abc1c1a19658aae9f","record_hash":"233f191d9a4a60a55ab02df9d1679f12fe0e20f62835edc65467788b9c9b9e47","signature_hex":"2c0011f5f9c6e66249b19739a95897b70636579dcc10d32140f2e8ab2812c8c07374a81f7801f71e3590ee3ddc6d1616be0f999f2eb424c7d0dcd86031b8590d","public_key_hex":"c2f8243b0d573587f285c830a868acd19249d17d59ecbf9329e796dfed6fb630"}
{"seq":74,"ts":1780639200000,"agent_id":"regime","symbol":"BTCUSDT","side":"sell","price":61904.83047075137,"quantity":0.003582749948484077,"notional_usd":221.78952818,"fee_usd":0.13307371690800002,"balance_before_usd":10610.58110563273,"balance_after_usd":10610.40120706058,"decision":"ALLOW","cert_hash":"581f2d35d2ffe17aae7891bfc3c9644d2c43d14b0a176acbbba73bdda6af8435","prev_hash":"233f191d9a4a60a55ab02df9d1679f12fe0e20f62835edc65467788b9c9b9e47","record_hash":"f710cf2da8299ee941369b42fe3936af126f11486787da2baa0634634cb1c0fc","signature_hex":"d355d09ac50f130cb2d0c55c296e168ed2489f31921d2be9cd8106960ac92492989919b00f2bb32633cbe972f256687b057e94233a1c28a30a4008c2a7d2b500","public_key_hex":"c2f8243b0d573587f285c830a868acd19249d17d59ecbf9329e796dfed6fb630"}
{"seq":75,"ts":1780671600000,"agent_id":"regime","symbol":"BTCUSDT","side":"sell","price":60392.46809131222,"quantity":0.004120190306244419,"notional_usd":248.8284616,"fee_usd":0.14929707696,"balance_before_usd":10766.16415145581,"balance_after_usd":10765.961984473062,"decision":"ALLOW","cert_hash":"eb007d82c68983a3b745659de6de08af85e91f42a56c69693c95ef6b91cc71c8","prev_hash":"f710cf2da8299ee941369b42fe3936af126f11486787da2baa0634634cb1c0fc","record_hash":"385a0074e32c3451fc757fdb5aef89ff6b04a565d1ddc6f3344f4a07c5c8c50d","signature_hex":"56fe7db336518bdde0a854cbb40e4a2e28d848a78f7d263a9e6e61922d25cb36acc1c13b4d53e15b662c7b14b4f26b7d6462703ac57dc1df657f61199e8f7502","public_key_hex":"c2f8243b0d573587f285c830a868acd19249d17d59ecbf9329e796dfed6fb630"}
{"seq":76,"ts":1780794000000,"agent_id":"regime","symbol":"BTCUSDT","side":"buy","price":61463.834848908,"quantity":0.03253946007300801,"notional_usd":2000.0,"fee_usd":1.2,"balance_before_usd":10654.675958325175,"balance_after_usd":10652.87609829518,"decision":"ALLOW_CAPPED","cert_hash":"a34069fb886635308af13765f91b650c51fcdb225a83da05bbf9a1424199a918","prev_hash":"385a0074e32c3451fc757fdb5aef89ff6b04a565d1ddc6f3344f4a07c5c8c50d","record_hash":"46888f8cb181a08d08d6c7ce84f7660c8b48a3d71e2da31871133a987786a6b1","signature_hex":"3c8ce740d82231c3055c239d761c9156f99338a1999b82f1c24479fe8d03dc3ead3a8a57c968f2eb8527fc0eb725d38291e8366b89edd474057c5171f886ec0a","public_key_hex":"c2f8243b0d573587f285c830a868acd19249d17d59ecbf9329e796dfed6fb630"}
{"seq":77,"ts":1780797600000,"agent_id":"regime","symbol":"BTCUSDT","side":"buy","price":61484.841149328,"quantity":0.03252834296412359,"notional_usd":2000.0,"fee_usd":1.2,"balance_before_usd":10651.313683974287,"balance_after_usd":10649.513823944293,"decision":"ALLOW_CAPPED","cert_hash":"63ecfb9db139f03dab20512dfdf6641bfeb609331151a521e782d2e865aec191","prev_hash":"46888f8cb181a08d08d6c7ce84f7660c8b48a3d71e2da31871133a987786a6b1","record_hash":"254ef1b41eb582969a472b4ba30d5c865d8cd30c940efeacf3e44c71a06af938","signature_hex":"31c130b36a61ac22a3f4760ea9a384fe7b18d3b48d12d17929fca15fdb1949f79fb323248638e6f97849cf8dd6bcd6625e70625df0e4c9f8e6ba84799bbdcd0f","public_key_hex":"c2f8243b0d573587f285c830a868acd19249d17d59ecbf9329e796dfed6fb630"}
{"seq":78,"ts":1780801200000,"agent_id":"regime","symbol":"BTCUSDT","side":"buy","price":61684.50103332,"quantity":0.03242305549200542,"notional_usd":2000.0,"fee_usd":1.2,"balance_before_usd":10641.156105083252,"balance_after_usd":10639.356245053257,"decision":"ALLOW_CAPPED","cert_hash":"2dadb236be95f7b0e9e433a81e471145c18ad1e512cc1d1b99f622ed89186fcf","prev_hash":"254ef1b41eb582969a472b4ba30d5c865d8cd30c940efeacf3e44c71a06af938","record_hash":"aaa4435d85ca6d2c9eb6182743dcbc6c07bc2c618d35e7eff2d7694e44fdfc84","signature_hex":"2929f7ad4607851972abb3c441f079b5883123f69be647ac7014678dac71c10302e187fa19c1e16ce22eae04c1c4ff0bc3c2707cdbf17423407d457c5c11690f","public_key_hex":"c2f8243b0d573587f285c830a868acd19249d17d59ecbf9329e796dfed6fb630"}
{"seq":79,"ts":1780804800000,"agent_id":"regime","symbol":"BTCUSDT","side":"buy","price":61865.17843278144,"quantity":0.00944711787819414,"notional_usd":584.44763321,"fee_usd":0.35066857992600003,"balance_before_usd":10637.608127607391,"balance_after_usd":10637.12351370165,"decision":"ALLOW","cert_hash":"cdd02b193e60ba8eea22e01eeffbce8459ebdf7ffe8bc87c1a922f3e2691efd4","prev_hash":"aaa4435d85ca6d2c9eb6182743dcbc6c07bc2c618d35e7eff2d7694e44fdfc84","record_hash":"5b59c91885792228ec91af9979ba14aaa5eec75037d71e243af30d6269bfd449","signature_hex":"8f0eed4cbce5d70c144c015fd4b3eeb0a1d34e9a882a36e52e7779f827fb6a83419e58f29fe171b06526d047c61c5fa7d46b300bcf0bf02ab37cbd5a477e9803","public_key_hex":"c2f8243b0d573587f285c830a868acd19249d17d59ecbf9329e796dfed6fb630"}
{"seq":80,"ts":1780812000000,"agent_id":"regime","symbol":"BTCUSDT","side":"sell","price":62049.180901356005,"quantity":0.03223249639958249,"notional_usd":2000.0,"fee_usd":1.2,"balance_before_usd":10637.123044196756,"balance_after_usd":10635.32290416675,"decision":"ALLOW_CAPPED","cert_hash":"568b281207df06ba2f2af821e409076b235427173e3fcf67a7a1be04495db185","prev_hash":"5b59c91885792228ec91af9979ba14aaa5eec75037d71e243af30d6269bfd449","record_hash":"4f4af9c76003942e59428d3263fe31b908be26f2e5ea5fcd92010c08037379e9","signature_hex":"2d902bd8c9e2609ff6d0868f1b91b1435c55c3224287a1f0e40746b0aa1582c03f7d8d015f9bbb13cffadbda6ae79ed22380eda3c114fcd4e70a87c8f5c1be00","public_key_hex":"c2f8243b0d573587f285c830a868acd19249d17d59ecbf9329e796dfed6fb630"}
{"seq":81,"ts":1780815600000,"agent_id":"regime","symbol":"BTCUSDT","side":"sell","price":62341.2932472,"quantity":0.03208146472145616,"notional_usd":2000.0,"fee_usd":1.2,"balance_before_usd":10625.90393592668,"balance_after_usd":10624.103795896674,"decision":"ALLOW_CAPPED","cert_hash":"6be03f69ec7d23f681e93df201915bd87fd460b894421cf3a26412c7c4410977","prev_hash":"4f4af9c76003942e59428d3263fe31b908be26f2e5ea5fcd92010c08037379e9","record_hash":"9817cd174d01c65e397080e0ed523d6e990ceae86164d5489ec6f29f59fd06e6","signature_hex":"2a7c365d6c6e2e41c1558892a702ad9a18755b1115f3995369b3b1ff0abee74afa217e9799c96373f089b251ede99314def33f472b5cb02c3ae54a1ad18e3801","public_key_hex":"c2f8243b0d573587f285c830a868acd19249d17d59ecbf9329e796dfed6fb630"}
{"seq":82,"ts":1780819200000,"agent_id":"regime","symbol":"BTCUSDT","side":"sell","price":62794.757176271996,"quantity":0.03184979272052559,"notional_usd":2000.0,"fee_usd":1.2,"balance_before_usd":10594.651245815508,"balance_after_usd":10592.851105785501,"decision":"ALLOW_CAPPED","cert_hash":"c98564b64aa961d41956a55f2f1bd5aa17dcbd541d879c3605d39fb9a0ac9067","prev_hash":"9817cd174d01c65e397080e0ed523d6e990ceae86164d5489ec6f29f59fd06e6","record_hash":"6e1e0e6675c855a0173d2e0dfab9aeb30d2f397eeb4b5360913d44b2421b57ec","signature_hex":"ba45191c1830cdf85f264744675c0750a48a1c7a9541a418c79e07f7e7026dfa489150a868b009c6429fb4f25d280363462822351456d0f35d9f974b1d8e680b","public_key_hex":"c2f8243b0d573587f285c830a868acd19249d17d59ecbf9329e796dfed6fb630"}
{"seq":83,"ts":1780822800000,"agent_id":"regime","symbol":"BTCUSDT","side":"sell","price":62486.26497707094,"quantity":0.005816488849883517,"notional_usd":363.45066351,"fee_usd":0.21807039810599999,"balance_before_usd":10623.01835471839,"balance_after_usd":10622.720976361448,"decision":"ALLOW","cert_hash":"228e08d1cd43ae191c059ecec204e0dfb890207a249bb6995ce730cd3d3e882b","prev_hash":"6e1e0e6675c855a0173d2e0dfab9aeb30d2f397eeb4b5360913d44b2421b57ec","record_hash":"c054c102d03177e087a640f43e7eafc1572937310df85d34a9eb3b49a81740be","signature_hex":"df0a3934eef35b44845e4f01462fed0c0e2bfb8796042b8fc351f6be346056d2ebceac1d7571aec3da4968785b8eb96c37b24d1db072cfb33aac720c3b8ed501","public_key_hex":"c2f8243b0d573587f285c830a868acd19249d17d59ecbf9329e796dfed6fb630"}
{"seq":84,"ts":1780826400000,"agent_id":"regime","symbol":"BTCUSDT","side":"buy","price":62358.003036786,"quantity":0.032072867997715825,"notional_usd":2000.0,"fee_usd":1.2,"balance_before_usd":10639.099351135139,"balance_after_usd":10637.299491105143,"decision":"ALLOW_CAPPED","cert_hash":"f76fc3df2d0e1f71a57c6d9d7c888702b111a9ae16704aa788e95fd3552fcbcd","prev_hash":"c054c102d03177e087a640f43e7eafc1572937310df85d34a9eb3b49a81740be","record_hash":"f985b8cd1938ddd6b3370a58f80fd6a574040adc4af4f35ad6c03510bddd5b44","signature_hex":"b5d145ebbdc272d426cecfc11f6af64ba607476800bf76905cb2d627351573b636b4d00b23a863be222537a64eb35dca0d4e437b41ed22e318dc64e1497c6c03","public_key_hex":"c2f8243b0d573587f285c830a868acd19249d17d59ecbf9329e796dfed6fb630"}
{"seq":85,"ts":1780830000000,"agent_id":"regime","symbol":"BTCUSDT","side":"buy","price":62614.079841905994,"quantity":0.03194169753911246,"notional_usd":2000.0,"fee_usd":1.2,"balance_before_usd":10619.402648786627,"balance_after_usd":10617.602788756632,"decision":"ALLOW_CAPPED","cert_hash":"f36bf9e95ccf61395c36456d344dfde7d5fd98900197c2b92bd6d7bcaa12c479","prev_hash":"f985b8cd1938ddd6b3370a58f80fd6a574040adc4af4f35ad6c03510bddd5b44","record_hash":"2026ef225eaa5cfde7271951fc5ffbbf42f20a8b1fd2c55af10875b1b5c61677","signature_hex":"15cf3cca4a4848eb054091566030f2e8e044cb395acca4a68ba31261b6654dd98776423b191353acbd52c05a47abef38d373fa8a0a15018b1710ec582e7fa806","public_key_hex":"c2f8243b0d573587f285c830a868acd19249d17d59ecbf9329e796dfed6fb630"}
{"seq":86,"ts":1780833600000,"agent_id":"regime","symbol":"BTCUSDT","side":"buy","price":61890.362777436,"quantity":0.03231520886688291,"notional_usd":2000.0,"fee_usd":1.2,"balance_before_usd":10645.072522998988,"balance_after_usd":10643.272662968993,"decision":"ALLOW_CAPPED","cert_hash":"737146593d19b48bfc768fd27880203b4102ce0446cf751f4acadb15e2e7123d","prev_hash":"2026ef225eaa5cfde7271951fc5ffbbf42f20a8b1fd2c55af10875b1b5c61677","record_hash":"2296b7e5b34040818dc669e0493f3b9757b3ca0b0c4c62394b398ac07f154388","signature_hex":"6de3b410f7767371e4969345a1c5d06d9e56e6ccd9f4b12785694e07d384738256164bd3655e7065ba02faf6ec7a5f1c78b2af9735a289759985e825b6f90300","public_key_hex":"c2f8243b0d573587f285c830a868acd19249d17d59ecbf9329e796dfed6fb630"}
{"seq":87,"ts":1780837200000,"agent_id":"regime","symbol":"BTCUSDT","side":"buy","price":61695.41244443556,"quantity":0.005651405030706573,"notional_usd":348.66576426,"fee_usd":0.209199458556,"balance_before_usd":10644.345532883348,"balance_after_usd":10644.060534268836,"decision":"ALLOW","cert_hash":"d5800013b8f1925156c948bf7fef09b6c5ffc9a635b731aaf01944c0025ed46a","prev_hash":"2296b7e5b34040818dc669e0493f3b9757b3ca0b0c4c62394b398ac07f154388","record_hash":"bf1ff128f9ffd657d6535a7d2d6f5adbfff342bf49c0e0f090774a76f4aacea4","signature_hex":"cd90559a49f3245cf94887c7451a698a125f65de44671d74fbc23512a3118a337000a9afc7f16e53deed81b14942bbd11606c9e31631890067e6860b0f756904","public_key_hex":"c2f8243b0d573587f285c830a868acd19249d17d59ecbf9329e796dfed6fb630"}
{"seq":88,"ts":1780920000000,"agent_id":"regime","symbol":"BTCUSDT","side":"buy","price":63858.753156791994,"quantity":0.03131912073336936,"notional_usd":2000.0,"fee_usd":1.2,"balance_before_usd":10644.05788918159,"balance_after_usd":10642.258029151595,"decision":"ALLOW_CAPPED","cert_hash":"68521b7f37e2476455900c180fc5133770ed7d12f64697496275713c59a8107f","prev_hash":"bf1ff128f9ffd657d6535a7d2d6f5adbfff342bf49c0e0f090774a76f4aacea4","record_hash":"beff736181277a942b9852354b494a33bbd1521aed7cd30aa40162eacdab22e8","signature_hex":"957826d2f793a3c6e0d7e396d07925d3f7ee91f031c4b247a412875d184f66d7b932ecaf3f6fb93f33dd3017aae6d384579ce6b5fead1e63b0f451d4f12aab05","public_key_hex":"c2f8243b0d573587f285c830a868acd19249d17d59ecbf9329e796dfed6fb630"}
{"seq":89,"ts":1780923600000,"agent_id":"regime","symbol":"BTCUSDT","side":"buy","price":63742.81838447399,"quantity":0.03137608362304773,"notional_usd":2000.0,"fee_usd":1.2,"balance_before_usd":10638.62828548463,"balance_after_usd":10636.828425454638,"decision":"ALLOW_CAPPED","cert_hash":"b287ad5fea436c7b1c4dedac523a862236c2af8e210edd36e729845e8f3d23ba","prev_hash":"beff736181277a942b9852354b494a33bbd1521aed7cd30aa40162eacdab22e8","record_hash":"4a30fd09486888d4f374d6e9c5ea3c3f9497841f7aec90b199bd1ea3faacf54a","signature_hex":"7b1714de71f878e2f641d531c16c047ac4b111e9e311406eb2b6faaa9daa0b8e63e017eb61e67b61ad9e3873bfb4052ec24e421e5d7355fbaa24dcfc1dd3160a","public_key_hex":"c2f8243b0d573587f285c830a868acd19249d17d59ecbf9329e796dfed6fb630"}
{"seq":90,"ts":1780927200000,"agent_id":"regime","symbol":"BTCUSDT","side":"buy","price":63955.88228873399,"quantity":0.031271556711090914,"notional_usd":2000.0,"fee_usd":1.2,"balance_before_usd":10650.182242233244,"balance_after_usd":10648.38238220325,"decision":"ALLOW_CAPPED","cert_hash":"92ff8fc99dd1d07f05fd181892b72adb6fa0d20b1c04008ff6b7555c5963f730","prev_hash":"4a30fd09486888d4f374d6e9c5ea3c3f9497841f7aec90b199bd1ea3faacf54a","record_hash":"42a4f511281258c697e785caba57d1007aaf607245a5e9bb655989fcd051b0ea","signature_hex":"bfca5bdda32e17fca016c7ed78dbb1ad1ea9224073511655ad56926fd0263912739d9768082fb7ada5cca36932a4c6d4ba4f8dd685b0745e91e3ff35f8356d00","public_key_hex":"c2f8243b0d573587f285c830a868acd19249d17d59ecbf9329e796dfed6fb630"}
{"seq":91,"ts":1780930800000,"agent_id":"regime","symbol":"BTCUSDT","side":"buy","price":63763.98815107481,"quantity":0.0060880873995874185,"notional_usd":388.20073281,"fee_usd":0.232920439686,"balance_before_usd":10630.839017341976,"balance_after_usd":10630.520935815988,"decision":"ALLOW","cert_hash":"e0f3245e765b2da798653f784c53378f4eb09687b0f89a5db42e7c0575065889","prev_hash":"42a4f511281258c697e785caba57d1007aaf607245a5e9bb655989fcd051b0ea","record_hash":"7ae55a8b2915a813f8ff971ffec76f60a8b6b7fcdb0baf2167ffae05ef3714b9","signature_hex":"a5e091c377a4c5b3e655234fa8631d202e558efb7d1804aea7c95241acbef88b0079c3067af8a5a5a183d4ee37c6f439e6de12b7d703e872328db03d70001002","public_key_hex":"c2f8243b0d573587f285c830a868acd19249d17d59ecbf9329e796dfed6fb630"}
{"seq":92,"ts":1780945200000,"agent_id":"regime","symbol":"BTCUSDT","side":"sell","price":63327.997166940004,"quantity":0.031581608285001755,"notional_usd":2000.0,"fee_usd":1.2,"balance_before_usd":10590.377216851004,"balance_after_usd":10588.577076820999,"decision":"ALLOW_CAPPED","cert_hash":"0497a178e88467089c1645d62b1341e2355df0f6552959dff3f06034919cae8b","prev_hash":"7ae55a8b2915a813f8ff971ffec76f60a8b6b7fcdb0baf2167ffae05ef3714b9","record_hash":"e8d7011e5a8ee753b0c2c1c99e41057fcf6312c948e50643562373dce1cb634f","signature_hex":"75a2c90d370033f15778420df461f65ffa7d0a1610ad01c06490b433165c6f1089399f2c1ac8acdb1b36768dcc26be95cdce646ef79d295feecd5e77f5f8c505","public_key_hex":"c2f8243b0d573587f285c830a868acd19249d17d59ecbf9329e796dfed6fb630"}
{"seq":93,"ts":1780948800000,"agent_id":"regime","symbol":"BTCUSDT","side":"sell","price":63438.364049148004,"quantity":0.031526664187785915,"notional_usd":2000.0,"fee_usd":1.2,"balance_before_usd":10596.136386869852,"balance_after_usd":10594.336246839845,"decision":"ALLOW_CAPPED","cert_hash":"09096e3a701d9f7feaa05ac3ccef8076f361721ad7a218b489816b04ee1c3bd7","prev_hash":"e8d7011e5a8ee753b0c2c1c99e41057fcf6312c948e50643562373dce1cb634f","record_hash":"dee38e62729de5e01e9ad1b50061a8c69f3baaff84b09ff7bcc92933f6abce43","signature_hex":"39b2d1b0fa5052a2f534b5cd5d9a5c0c0d578d2e8140db3a8f435a770f0cedf36fcbcd5835cbe62b5947e61474650d53a3fc430e6698406366ad28bb9b875b00","public_key_hex":"c2f8243b0d573587f285c830a868acd19249d17d59ecbf9329e796dfed6fb630"}
{"seq":94,"ts":1780952400000,"agent_id":"regime","symbol":"BTCUSDT","side":"sell","price":63670.994243802,"quantity":0.031411477451440746,"notional_usd":2000.0,"fee_usd":1.2,"balance_before_usd":10602.93342911567,"balance_after_usd":10601.133289085663,"decision":"ALLOW_CAPPED","cert_hash":"4c487dcdb04564ac743218bdc303bede12c2abc516950d37c4a4764cd90ad929","prev_hash":"dee38e62729de5e01e9ad1b50061a8c69f3baaff84b09ff7bcc92933f6abce43","record_hash":"b387d97858a96983fff2226550a78264a700aef5a1d6f86c4d6270b1d8be94b3","signature_hex":"b9bc9d5ab8fd914e2f1564d1115d7364b426c0442cd07c0e6b0b4953bc27a87d9eade2575010864777fac79a0f710aa1ac7ff35fa78e17c8d25845ea5eaad109","public_key_hex":"c2f8243b0d573587f285c830a868acd19249d17d59ecbf9329e796dfed6fb630"}
{"seq":95,"ts":1780956000000,"agent_id":"regime","symbol":"BTCUSDT","side":"sell","price":63395.20644349604,"quantity":0.005535073734679823,"notional_usd":350.89714209,"fee_usd":0.21053828525399998,"balance_before_usd":10599.577718320623,"balance_after_usd":10599.290831683056,"decision":"ALLOW","cert_hash":"2f5ad04f6da6b9287c114900fd9e010e93f160cecdfc05abffc4c208e96c59a7","prev_hash":"b387d97858a96983fff2226550a78264a700aef5a1d6f86c4d6270b1d8be94b3","record_hash":"e8c2e11927d26b826c6660936262331729aef83e6036efc431db329b55161756","signature_hex":"a2c50c55127afb5b1322987be57b64ec65d7735f19891ac9e7cfacfc15c189567de3d760abe58b1ca7c1c2b0575f93b75f71a5b65ff6bcaf0b2f2eee31f39e00","public_key_hex":"c2f8243b0d573587f285c830a868acd19249d17d59ecbf9329e796dfed6fb630"}
{"seq":96,"ts":1781010000000,"agent_id":"regime","symbol":"BTCUSDT","side":"buy","price":62266.075464948,"quantity":0.03212021931791539,"notional_usd":2000.0,"fee_usd":1.2,"balance_before_usd":10599.292234014745,"balance_after_usd":10597.49237398475,"decision":"ALLOW_CAPPED","cert_hash":"be473071f1f71635a88f6a1353d4bb5ce6c1d6f27f5b200ad3fd7f2fc769d1e3","prev_hash":"e8c2e11927d26b826c6660936262331729aef83e6036efc431db329b55161756","record_hash":"afcf1414ea7beb6847da57e9c8c8484356ead47ea2526c5520b78c69c7c29c70","signature_hex":"780dc373cc183ac64800bb4eda30b9f56e50eab6f27d25e5ea2eeaecbdfb2ddf65131b7cc78fcbeae908fd957b2d30fe24cb67f3ab6f20047eb809c96a82af00","public_key_hex":"c2f8243b0d573587f285c830a868acd19249d17d59ecbf9329e796dfed6fb630"}
{"seq":97,"ts":1781013600000,"agent_id":"regime","symbol":"BTCUSDT","side":"buy","price":61540.557860442,"quantity":0.03249889291766708,"notional_usd":2000.0,"fee_usd":1.2,"balance_before_usd":10574.196452219505,"balance_after_usd":10572.39659218951,"decision":"ALLOW_CAPPED","cert_hash":"ffd50d2cd6dcc6b2043ae7653a52c87fa61405aa1742db15825c49580efc196d","prev_hash":"afcf1414ea7beb6847da57e9c8c8484356ead47ea2526c5520b78c69c7c29c70","record_hash":"abebf86d0dff8f4b4b52474321f979bc84a6ecf6f197c4fa831ec4e50da354bf","signature_hex":"ea2b49563ee5bd1890be9c9d176c99ce0b42184b8fea0af1174761ebc50c9328037f173826f87565f1ee19e1ddfee693400ae82a1ee41dea05d2a7e8716d3c08","public_key_hex":"c2f8243b0d573587f285c830a868acd19249d17d59ecbf9329e796dfed6fb630"}
{"seq":98,"ts":1781017200000,"agent_id":"regime","symbol":"BTCUSDT","side":"sell","price":61088.269242132,"quantity":0.03273950997159073,"notional_usd":2000.0,"fee_usd":1.2,"balance_before_usd":10545.547851343312,"balance_after_usd":10543.747711313305,"decision":"ALLOW_CAPPED","cert_hash":"6086f0c406ed350709252103e67d4995816dedf79555885dae05cb1948c97983","prev_hash":"abebf86d0dff8f4b4b52474321f979bc84a6ecf6f197c4fa831ec4e50da354bf","record_hash":"d5ead0120a01dbae394bd4a688dcd7cbf3317127dac16aeef0737747eac4a5bf","signature_hex":"db9d414ef90dd8af6165d96d06ce188757a3195cf6a7781cca0693329b54f22f520b59ddb316b07810ec494787ff24ec55ed0acb10f34ca39fff19d7713b8a04","public_key_hex":"c2f8243b0d573587f285c830a868acd19249d17d59ecbf9329e796dfed6fb630"}
{"seq":99,"ts":1781020800000,"agent_id":"regime","symbol":"BTCUSDT","side":"sell","price":61351.02434720141,"quantity":0.03188789435231722,"notional_usd":1956.35498279,"fee_usd":1.173812989674,"balance_before_usd":10552.012610641978,"balance_after_usd":10550.256025566643,"decision":"ALLOW","cert_hash":"7068906e442a51bdefef7df9743861ecd8ec854e6bb440570a344920eddc2890","prev_hash":"d5ead0120a01dbae394bd4a688dcd7cbf3317127dac16aeef0737747eac4a5bf","record_hash":"0fad5cf9777db182c94dd360427fd26d5e09bc2ba8a693d8e433dd4bc848a040","signature_hex":"457c0d3dd2e1caefaa39926644e060a2eb894a120dbae6c18c5ada688a99f054089d343cff3c0448f91340ce9b7b04364456549d17abcb479671332437a36b07","public_key_hex":"c2f8243b0d573587f285c830a868acd19249d17d59ecbf9329e796dfed6fb630"}
{"seq":100,"ts":1781449200000,"agent_id":"regime","symbol":"BTCUSDT","side":"buy","price":64010.598699828,"quantity":0.031244825710486195,"notional_usd":2000.0,"fee_usd":1.2,"balance_before_usd":10550.230997320556,"balance_after_usd":10548.431137290561,"decision":"ALLOW_CAPPED","cert_hash":"77726498f6cb00f624fe02a6c68ff27de6a6f4e9048bf25c54972388efc4cebe","prev_hash":"0fad5cf9777db182c94dd360427fd26d5e09bc2ba8a693d8e433dd4bc848a040","record_hash":"4d377ef0f7c01706390f5d1ed4bdf4ac0c77f02ca1df0d3fe6a4dd8bf012ccad","signature_hex":"f9854200b5ee125fa64e6a3f009309c5f5dc6a2353b8b0ef5d6282d7db7cee978e1415ec7b239a77f1fd908562c0504455f1ddb311dc389010e377378e1bf409","public_key_hex":"c2f8243b0d573587f285c830a868acd19249d17d59ecbf9329e796dfed6fb630"}
{"seq":101,"ts":1781452800000,"agent_id":"regime","symbol":"BTCUSDT","side":"buy","price":63929.774458212,"quantity":0.03128432748198274,"notional_usd":2000.0,"fee_usd":1.2,"balance_before_usd":10545.897341318818,"balance_after_usd":10544.097481288823,"decision":"ALLOW_CAPPED","cert_hash":"1aef687c352d34cb54ebc269a93c6e745d2580dfa078c2f29dffe4d130ed2008","prev_hash":"4d377ef0f7c01706390f5d1ed4bdf4ac0c77f02ca1df0d3fe6a4dd8bf012ccad","record_hash":"530bb913ebbb87c529ffddb3de97d511a9764c66e9d041282cab23a4399e5f9a","signature_hex":"78501dd376dbb461f82288b7351f8176e9168e388421e14eecd66f1b9f860b2cced1404ffd148de3f0e2e15ac7de21d80a95db225cc35238535b52cdb0011f08","public_key_hex":"c2f8243b0d573587f285c830a868acd19249d17d59ecbf9329e796dfed6fb630"}
{"seq":102,"ts":1781456400000,"agent_id":"regime","symbol":"BTCUSDT","side":"buy","price":63723.912714096,"quantity":0.031385392309056875,"notional_usd":2000.0,"fee_usd":1.2,"balance_before_usd":10531.230935869515,"balance_after_usd":10529.43107583952,"decision":"ALLOW_CAPPED","cert_hash":"75308dbb453ba83b5ce759fa96e86135701367dbc0f2e9d6f35d949a4b88b37f","prev_hash":"530bb913ebbb87c529ffddb3de97d511a9764c66e9d041282cab23a4399e5f9a","record_hash":"a0fdcbf2bb20da96922dcc576a06c00a4b99116c4986c8c8485ca2c9a912915d","signature_hex":"cc8a50c29a9ad145e1cb94bc70272e0df5810285f9995f9547e4c8792e8bb4d0c6464ec28f0ecabb33c4c20adf6c172eb5dbf524d5226ac1a95d7ce82924300b","public_key_hex":"c2f8243b0d573587f285c830a868acd19249d17d59ecbf9329e796dfed6fb630"}
{"seq":103,"ts":1781460000000,"agent_id":"regime","symbol":"BTCUSDT","side":"buy","price":63801.41824194951,"quantity":0.0052090710756564655,"notional_usd":332.34612235,"fee_usd":0.19940767340999999,"balance_before_usd":10537.206413925815,"balance_after_usd":10536.935026047948,"decision":"ALLOW","cert_hash":"a10857bb80fc98b206147113674370950eb1c0af5bfb3fc784bdb4d4c8b31fbb","prev_hash":"a0fdcbf2bb20da96922dcc576a06c00a4b99116c4986c8c8485ca2c9a912915d","record_hash":"52a53aacc0d9c89abc7b395811a3aff566cc7bc21dc69c9326cf3060daa6c75c","signature_hex":"b3e2c8e163eead81dd500f3baa52cf7ca0418a4228eb9bebaad8322de61bff6b5007ec2e68fed3ab3604002d5f1edfdbba2484e06d5bf4b75767dac3a6b48306","public_key_hex":"c2f8243b0d573587f285c830a868acd19249d17d59ecbf9329e796dfed6fb630"}
{"seq":104,"ts":1781467200000,"agent_id":"regime","symbol":"BTCUSDT","side":"sell","price":63961.30712961,"quantity":0.03126890443228806,"notional_usd":2000.0,"fee_usd":1.2,"balance_before_usd":10556.054139878324,"balance_after_usd":10554.253999848319,"decision":"ALLOW_CAPPED","cert_hash":"384ce327e9a45e5a2111dceb4efba269eda5765a5a28ea6103f0ab74f1508b81","prev_hash":"52a53aacc0d9c89abc7b395811a3aff566cc7bc21dc69c9326cf3060daa6c75c","record_hash":"c2417b63a7c01898b8d167701513576dd5ff19b1f4e55947484c19469f81f765","signature_hex":"88541160a265d724aac31302c5d367e4ad6ef2fa1b7fb70e82d1b9fd8c37926cbbd7471ecb4a74c58487de633d64c5a2f52fc3e20fc530a989153fa562708809","public_key_hex":"c2f8243b0d573587f285c830a868acd19249d17d59ecbf9329e796dfed6fb630"}
{"seq":105,"ts":1781470800000,"agent_id":"regime","symbol":"BTCUSDT","side":"sell","price":65262.71661564601,"quantity":0.03064536850003762,"notional_usd":2000.0,"fee_usd":1.2,"balance_before_usd":10642.574902030285,"balance_after_usd":10640.774762000277,"decision":"ALLOW_CAPPED","cert_hash":"7cef5d5932095be88a01f500f4f1ab006d28655e915633f9537cc0be073a1d5a","prev_hash":"c2417b63a7c01898b8d167701513576dd5ff19b1f4e55947484c19469f81f765","record_hash":"3bb5a6f0067874bc9b7c0fe01640544a00e901505730e95ea337e51fa3eb4125","signature_hex":"d489c389496d11b6d1e46adeabbc31b9a19f02cdf19394f62ed5baef1c482d4738011553c1564c67c9370447b9a8679f2aadb54b2ce297b1f698d1e641d8b20a","public_key_hex":"c2f8243b0d573587f285c830a868acd19249d17d59ecbf9329e796dfed6fb630"}
{"seq":106,"ts":1781474400000,"agent_id":"regime","symbol":"BTCUSDT","side":"sell","price":65365.68571770601,"quantity":0.03059709353677365,"notional_usd":2000.0,"fee_usd":1.2,"balance_before_usd":10644.606346292232,"balance_after_usd":10642.806206262227,"decision":"ALLOW_CAPPED","cert_hash":"57bcf68ceeff41017dc011b2d467bdd107923969bb56837f5a96fe4af539ca72","prev_hash":"3bb5a6f0067874bc9b7c0fe01640544a00e901505730e95ea337e51fa3eb4125","record_hash":"59ab8cb1be4005192ad972b555dd182c3daca981ad2bcd09b95a0a17df63dfe9","signature_hex":"dc884b108225798eb802f74512386b8c443deddca76c9e0608314a11663ce5528e64970f51f4a432a1500960c2817eb5cd7d56b59806263ff6d92a7d746e1704","public_key_hex":"c2f8243b0d573587f285c830a868acd19249d17d59ecbf9329e796dfed6fb630"}
{"seq":107,"ts":1781478000000,"agent_id":"regime","symbol":"BTCUSDT","side":"sell","price":65687.73520368904,"quantity":0.00660421797196681,"notional_usd":433.81612137,"fee_usd":0.260289672822,"balance_before_usd":10644.899279266892,"balance_after_usd":10644.542800504516,"decision":"ALLOW","cert_hash":"3f9c75125e797cfcd6ebe04ec76fe6c46830f72fa3bf79793d4adcf12458a83d","prev_hash":"59ab8cb1be4005192ad972b555dd182c3daca981ad2bcd09b95a0a17df63dfe9","record_hash":"f5825ba77543e9698becb502df90cb8444392fb3543a7847d3a52283624c51e0","signature_hex":"fb21df59f7b817d0cac898656a32c6cdd37d8c36c0db7e1f55c7945d613a5c267c361833a22fae63e52bc13e790fcce838daf2d9954b499649c563bc0b272307","public_key_hex":"c2f8243b0d573587f285c830a868acd19249d17d59ecbf9329e796dfed6fb630"}
{"seq":108,"ts":1781499600000,"agent_id":"regime","symbol":"BTCUSDT","side":"buy","price":65844.84884650199,"quantity":0.030374433764172124,"notional_usd":2000.0,"fee_usd":1.2,"balance_before_usd":10644.542622548108,"balance_after_usd":10642.742762518115,"decision":"ALLOW_CAPPED","cert_hash":"2495311972418ac45319cfc336e5a7579f7badeaa4a5f4140bbbad39196e444a","prev_hash":"f5825ba77543e9698becb502df90cb8444392fb3543a7847d3a52283624c51e0","record_hash":"0e8632bec406ad7aaf42d7c88b23ab4ff3e20624f8e0c28c3de7bdfe20d90018","signature_hex":"271f10e2dafd966b0394d28362db4934c64e6dde21c721057790d21b4b4e9880c01c122edee7904469f5cd85d90d6a3b09fc4d831a66cd4ec3dde0ae0530e602","public_key_hex":"c2f8243b0d573587f285c830a868acd19249d17d59ecbf9329e796dfed6fb630"}
{"seq":109,"ts":1781503200000,"agent_id":"regime","symbol":"BTCUSDT","side":"buy","price":65792.333095452,"quantity":0.03039867878067776,"notional_usd":2000.0,"fee_usd":1.2,"balance_before_usd":10641.148181606231,"balance_after_usd":10639.348321576239,"decision":"ALLOW_CAPPED","cert_hash":"1dccc4aac10da5ba382793d9b3a612065e092d3f721e776362f4e2f634d311ad","prev_hash":"0e8632bec406ad7aaf42d7c88b23ab4ff3e20624f8e0c28c3de7bdfe20d90018","record_hash":"9ce091c425bde0a599c27fed98353bc4bd301c8bb27a02e74f47fa4daecbb076","signature_hex":"3c56bcd139bff7121483530ccd9860bab4dc3f3494bc1b073c28709ab0e309a62c0bdf79c17097457a61b4ff27137598a61fc7133d06531e068617e4f99b0a08","public_key_hex":"c2f8243b0d573587f285c830a868acd19249d17d59ecbf9329e796dfed6fb630"}
{"seq":110,"ts":1781506800000,"agent_id":"regime","symbol":"BTCUSDT","side":"buy","price":65663.494452876,"quantity":0.030458324167248182,"notional_usd":2000.0,"fee_usd":1.2,"balance_before_usd":10631.520933245469,"balance_after_usd":10629.721073215474,"decision":"ALLOW_CAPPED","cert_hash":"59883ac353f1f0185cadac779d6978ea656fe29d5fb3fab6f8a3440b5784a4bb","prev_hash":"9ce091c425bde0a599c27fed98353bc4bd301c8bb27a02e74f47fa4daecbb076","record_hash":"dfddce0cd77cb3ab751c67cac4358476ecbf9049775a12094ac75c14d0ba26d5","signature_hex":"3305d1e714b462216772aff46eed87b6bfeba562214c4c61df8651fd8dc09c9f0b06ae37376663e7e65f14178b52902780b34d7451436072858361215809e705","public_key_hex":"c2f8243b0d573587f285c830a868acd19249d17d59ecbf9329e796dfed6fb630"}
{"seq":111,"ts":1781510400000,"agent_id":"regime","symbol":"BTCUSDT","side":"buy","price":65641.80567007516,"quantity":0.00593981082421302,"notional_usd":389.89990784,"fee_usd":0.23393994470400004,"balance_before_usd":10628.476363471456,"balance_after_usd":10628.15685657171,"decision":"ALLOW","cert_hash":"5cb319a470dede8173b129c592bb16267efadd45df37131ae8c28fd6fb188ac6","prev_hash":"dfddce0cd77cb3ab751c67cac4358476ecbf9049775a12094ac75c14d0ba26d5","record_hash":"76a499887353a867899e09d8fc02193b25cd37da06d97d2755a214d220c925de","signature_hex":"e08847210b10c23f066e77f0dcaf7d45b52215b6048177d5197c1c02f6fc2c338e9a359d5114aa2bc23fcf0f9fb844e22b656e92dcc8ab3566c4815862993b0e","public_key_hex":"c2f8243b0d573587f285c830a868acd19249d17d59ecbf9329e796dfed6fb630"}
{"seq":112,"ts":1781575200000,"agent_id":"regime","symbol":"BTCUSDT","side":"sell","price":65689.888434192,"quantity":0.03044608611268378,"notional_usd":2000.0,"fee_usd":1.2,"balance_before_usd":10637.268297922266,"balance_after_usd":10635.468157892261,"decision":"ALLOW_CAPPED","cert_hash":"d281521b876aa9cf41555174d8a1b7f411d51bf5b397e75ffbf2cedcdde9273d","prev_hash":"76a499887353a867899e09d8fc02193b25cd37da06d97d2755a214d220c925de","record_hash":"03217b32b485142c737314b2b607746fc6e8779c11d128918258bbbfa878482d","signature_hex":"0496187975a38e5d031ccf0ce0509e006cc2cbe6142aeaa39d592685746ae4b202cffa8b3c113c3f50ef6a74301a9a3ddfc29fb58720ce69cc0bfaa551713d08","public_key_hex":"c2f8243b0d573587f285c830a868acd19249d17d59ecbf9329e796dfed6fb630"}
{"seq":113,"ts":1781578800000,"agent_id":"regime","symbol":"BTCUSDT","side":"sell","price":66106.363462524,"quantity":0.03025427349567957,"notional_usd":2000.0,"fee_usd":1.2,"balance_before_usd":10663.2652502331,"balance_after_usd":10661.465110203093,"decision":"ALLOW_CAPPED","cert_hash":"8d345f58204efcd4a4281792d7c1f7e72d55906d0af4469c5b3d9d5b19a3404d","prev_hash":"03217b32b485142c737314b2b607746fc6e8779c11d128918258bbbfa878482d","record_hash":"b58689fbd40a2e6ed0b343ee485d524a35c7dfe0d811466036dbae506a21b0d7","signature_hex":"39eada62ca8405af8af41516a1c579e871c3fda79d63ec9e8a4b8289d0ce794a6323779f42e77ffaa4713ca06447b346f63baf460c59d1c29fe04dd4ea81730a","public_key_hex":"c2f8243b0d573587f285c830a868acd19249d17d59ecbf9329e796dfed6fb630"}
{"seq":114,"ts":1781582400000,"agent_id":"regime","symbol":"BTCUSDT","side":"sell","price":65787.35918614201,"quantity":0.030400977098671813,"notional_usd":2000.0,"fee_usd":1.2,"balance_before_usd":10649.827717032162,"balance_after_usd":10648.027577002154,"decision":"ALLOW_CAPPED","cert_hash":"829650417a28d5381a8dd3ad24fecd19e1b239fe0247bcb527bc38ca83f7758c","prev_hash":"b58689fbd40a2e6ed0b343ee485d524a35c7dfe0d811466036dbae506a21b0d7","record_hash":"eaa9c46fdcd90aecc005758805798bb3a27ae89a8d1bebe45642c9e14eb34d5f","signature_hex":"5f35d4a658386e4c3db84dd110bc34f0ef6312517e790cd7c35783ac17c9960313374426a029abcc4fddb02c486c3ceb90ccde7b6e46425538f884f51d315007","public_key_hex":"c2f8243b0d573587f285c830a868acd19249d17d59ecbf9329e796dfed6fb630"}
{"seq":115,"ts":1781586000000,"agent_id":"regime","symbol":"BTCUSDT","side":"sell","price":66012.17267523035,"quantity":0.006069782300777784,"notional_usd":400.67951734,"fee_usd":0.240407710404,"balance_before_usd":10649.360207922782,"balance_after_usd":10649.031622513616,"decision":"ALLOW","cert_hash":"bfc6d907ebfa76c72461c27cdcd4e2ea05d25c0dec2af3804007567dd0bb98fe","prev_hash":"eaa9c46fdcd90aecc005758805798bb3a27ae89a8d1bebe45642c9e14eb34d5f","record_hash":"fc232fc1207a7f0297ad02047c43fae66f7cfe814aab774bb62b0a000e1e8c09","signature_hex":"f2d4b49e1b0d4278e81447ac2112527f26924bb9dee24ecde848f3b5874eb1856d2d9fd9fde03e133ee33d4fdff1ee0c4d7ceca03cb4d2c6435e5021279e3807","public_key_hex":"c2f8243b0d573587f285c830a868acd19249d17d59ecbf9329e796dfed6fb630"}
{"seq":116,"ts":1781683200000,"agent_id":"regime","symbol":"BTCUSDT","side":"buy","price":64912.369167858,"quantity":0.03081076882016378,"notional_usd":2000.0,"fee_usd":1.2,"balance_before_usd":10649.033140306645,"balance_after_usd":10647.23328027665,"decision":"ALLOW_CAPPED","cert_hash":"7229c7acaf112743348ecd62bc63568653b66dac315284e342b0802c6100b962","prev_hash":"fc232fc1207a7f0297ad02047c43fae66f7cfe814aab774bb62b0a000e1e8c09","record_hash":"36e28a44fb6134327457db72d38206323b75066e7b45020f92b561b0cf9f81ab","signature_hex":"bb4773aa9cd1b8ff8d1335359aa76ee55a0f603e493504bcea32f1e5b28d5e698467a5753afdca1b422ceaea173939938cd69a87e01b8fa8cfe1122416d91102","public_key_hex":"c2f8243b0d573587f285c830a868acd19249d17d59ecbf9329e796dfed6fb630"}
{"seq":117,"ts":1781686800000,"agent_id":"regime","symbol":"BTCUSDT","side":"buy","price":64903.666557683995,"quantity":0.03081490008307117,"notional_usd":2000.0,"fee_usd":1.2,"balance_before_usd":10646.96523820664,"balance_after_usd":10645.165378176645,"decision":"ALLOW_CAPPED","cert_hash":"7b771634cd443719d3dc09f9e398838f3ceba0da66ce1936ebf0ce76edbb7416","prev_hash":"36e28a44fb6134327457db72d38206323b75066e7b45020f92b561b0cf9f81ab","record_hash":"32e18658b47425c5efc547a6b824c5433c2278e8ee3189b898278e25c6b18eac","signature_hex":"4615b9d9cd93b56ae67b7801591319eaa5a1cbe5f0a0cef76c65c9e1e8cc5fdd046d5e013aa989f0f43fcdcf8b744e84cb4f736210fdad0f06c24d0dd7041808","public_key_hex":"c2f8243b0d573587f285c830a868acd19249d17d59ecbf9329e796dfed6fb630"}
{"seq":118,"ts":1781690400000,"agent_id":"regime","symbol":"BTCUSDT","side":"sell","price":64743.472425258005,"quantity":0.030891145085071948,"notional_usd":2000.0,"fee_usd":1.2,"balance_before_usd":10637.690346533078,"balance_after_usd":10635.890206503072,"decision":"ALLOW_CAPPED","cert_hash":"3f5861fd3ac80622433b0b37959f50d07798d6c1f6d222e29f1f7a47e30ddc52","prev_hash":"32e18658b47425c5efc547a6b824c5433c2278e8ee3189b898278e25c6b18eac","record_hash":"83e89eeb39c58e42fd4924d00482e9e897d417db2f9d1d158c7deae7f402ea6c","signature_hex":"de4de84d71c09311f4df397bd95258c9e6e0ec2c54ab9fd5e98eddc13fc21c6f1c9fca40a291d72d352a8a88a70d57be9ea1786872fac39c865dc55f8f756e08","public_key_hex":"c2f8243b0d573587f285c830a868acd19249d17d59ecbf9329e796dfed6fb630"}
{"seq":119,"ts":1781694000000,"agent_id":"regime","symbol":"BTCUSDT","side":"sell","price":64759.097379286985,"quantity":0.030742396373281876,"notional_usd":1990.84984041,"fee_usd":1.1945099042460001,"balance_before_usd":10636.369644241062,"balance_after_usd":10634.578651280175,"decision":"ALLOW","cert_hash":"1fb07ff3bfa4f8d58faae6a14c1c817f4d7a1b9f1fe95ae29555b3db2bc674e0","prev_hash":"83e89eeb39c58e42fd4924d00482e9e897d417db2f9d1d158c7deae7f402ea6c","record_hash":"09f0c6d3ed13efd1dcaf06aff86c8f8217763219b019e97e79bb03a01742a6c5","signature_hex":"45e7a1f8b35ba5857bcccaa0b609a69a3cbce8c31a84a2bf42ced80078f191fc69fc75dc84be312e8320d06f6f60083be1621389e6d64e8c7ec0e9ece81b4308","public_key_hex":"c2f8243b0d573587f285c830a868acd19249d17d59ecbf9329e796dfed6fb630"}
{"seq":120,"ts":1781722800000,"agent_id":"regime","symbol":"BTCUSDT","side":"buy","price":64294.983995514,"quantity":0.031106625676110975,"notional_usd":2000.0,"fee_usd":1.2,"balance_before_usd":10634.583286538285,"balance_after_usd":10632.783426508291,"decision":"ALLOW_CAPPED","cert_hash":"bcfd82489d69f42fecd950b37d881fb29d082afa05317eb6fc9f530dd4aa54f3","prev_hash":"09f0c6d3ed13efd1dcaf06aff86c8f8217763219b019e97e79bb03a01742a6c5","record_hash":"ada592282f5769b4fd30ecdb86e49462fb95fcc95f33ca57dfdda48b3b5c928c","signature_hex":"69871fd5be3209503d004349ffa2424f72531483871ade9db0224801db0ffeb71dbf32863e2dd846eb193fa099d18eccf637ebac96e9d8537191de601310680b","public_key_hex":"c2f8243b0d573587f285c830a868acd19249d17d59ecbf9329e796dfed6fb630"}
{"seq":121,"ts":1781726400000,"agent_id":"regime","symbol":"BTCUSDT","side":"sell","price":64391.378078213995,"quantity":0.0310600589658241,"notional_usd":2000.0,"fee_usd":1.2,"balance_before_usd":10636.981577889079,"balance_after_usd":10635.181437859072,"decision":"ALLOW_CAPPED","cert_hash":"f4eae6cffab2462b04a76bf37f66459d1783528660c7fbac019482c009be25fc","prev_hash":"ada592282f5769b4fd30ecdb86e49462fb95fcc95f33ca57dfdda48b3b5c928c","record_hash":"f8cd5dc361ccc39979626a04d34aa69559fddf8275b578f01b2e3ed970f67635","signature_hex":"7fe8a08b35d4504434029dabb9aea2ec8f31047f10eee332d2f714b1f72cefe613e4f6accf5b560df38796278a7791f0d8b5e1594be1541b9a4e205b2c5f4c0c","public_key_hex":"c2f8243b0d573587f285c830a868acd19249d17d59ecbf9329e796dfed6fb630"}
{"seq":122,"ts":1781794800000,"agent_id":"regime","symbol":"BTCUSDT","side":"sell","price":62321.999036814,"quantity":0.03209139679262514,"notional_usd":2000.0,"fee_usd":1.2,"balance_before_usd":10635.10375656013,"balance_after_usd":10633.303616530124,"decision":"ALLOW_CAPPED","cert_hash":"c22c1b46b635409b45d5760982e7a8c5a4989c1b2fac57d543b303b4daed9e5b","prev_hash":"f8cd5dc361ccc39979626a04d34aa69559fddf8275b578f01b2e3ed970f67635","record_hash":"ee53c2bf9bd946a5dee7a2c843dd373470195855b4b8f58667e4de60b3748fba","signature_hex":"c538370894f8666cfcc7cb536fad5529b669776d09dcd56a1f671772a6d05e21f9e04a37e7d6a4f4cdc8016ace36c0fd1002a28ce5b24a078915036e77d1780c","public_key_hex":"c2f8243b0d573587f285c830a868acd19249d17d59ecbf9329e796dfed6fb630"}
{"seq":123,"ts":1781798400000,"agent_id":"regime","symbol":"BTCUSDT","side":"sell","price":62649.900643374,"quantity":0.03192343450606134,"notional_usd":2000.0,"fee_usd":1.2,"balance_before_usd":10622.878278561335,"balance_after_usd":10621.078138531328,"decision":"ALLOW_CAPPED","cert_hash":"9c6b3875429558ea626639a50cb9eb3118f93825b950f80dfab379329873500d","prev_hash":"ee53c2bf9bd946a5dee7a2c843dd373470195855b4b8f58667e4de60b3748fba","record_hash":"0462fe74129417744bf694d4f6722aaa7ae8dfb53b1ac1e02e52dfab63ab1100","signature_hex":"0f99c4404eb0bc1c02392111cbb8fb5f13ef8b848714ee30967ced04234d321ba70387f128a8588902172a99d05568e2b30576c8573bc121c532a8931930ed0e","public_key_hex":"c2f8243b0d573587f285c830a868acd19249d17d59ecbf9329e796dfed6fb630"}
{"seq":124,"ts":1781802000000,"agent_id":"regime","symbol":"BTCUSDT","side":"sell","price":62554.829171472,"quantity":0.031971952069722795,"notional_usd":2000.0,"fee_usd":1.2,"balance_before_usd":10627.162396178352,"balance_after_usd":10625.362256148346,"decision":"ALLOW_CAPPED","cert_hash":"ada1ac0eb249d2b54f7d8fc2ce8257f728469ce080c2e731bbe39054f25e98da","prev_hash":"0462fe74129417744bf694d4f6722aaa7ae8dfb53b1ac1e02e52dfab63ab1100","record_hash":"a9f7d3fc68b3ecc892d88e01b0ac2c461b5b824cc4f2608ba014d665c40c02c8","signature_hex":"2db3603fdfb18f040e86207e530e12e74e4bb4a7675c032fd96a2318c83554c8f95531753657bfd912c6540d253466da0b3f00850d7703e5809011eec334a500","public_key_hex":"c2f8243b0d573587f285c830a868acd19249d17d59ecbf9329e796dfed6fb630"}
{"seq":125,"ts":1781805600000,"agent_id":"regime","symbol":"BTCUSDT","side":"sell","price":62664.05161880704,"quantity":0.005670477522608115,"notional_usd":355.33509618,"fee_usd":0.21320105770800002,"balance_before_usd":10615.373921037204,"balance_after_usd":10615.083327140721,"decision":"ALLOW","cert_hash":"4d15251ed8ebf0439d1f6a7b72e67258300abe3aad7608ea51c2b9fd49d6fb5a","prev_hash":"a9f7d3fc68b3ecc892d88e01b0ac2c461b5b824cc4f2608ba014d665c40c02c8","record_hash":"2e82893cabfe4280b5fb29ed50a466a3a0b083e5de41913b47226db55c971af1","signature_hex":"08527c40823ecfeb0ed80ac3fae8f2e9f9448c2daeaa27586b16011065ff448c343c6e6f48f62bea6a689811e95c3763f1bce8c709281d687a8b9d74dab29701","public_key_hex":"c2f8243b0d573587f285c830a868acd19249d17d59ecbf9329e796dfed6fb630"}
{"seq":126,"ts":1781874000000,"agent_id":"regime","symbol":"BTCUSDT","side":"buy","price":63192.95346348,"quantity":0.03164909836277592,"notional_usd":2000.0,"fee_usd":1.2,"balance_before_usd":10564.521555457879,"balance_after_usd":10562.721695427885,"decision":"ALLOW_CAPPED","cert_hash":"9d776edcc79351edd2beed9fedec9dde32f0fb91ea34e18800c02a0352250b42","prev_hash":"2e82893cabfe4280b5fb29ed50a466a3a0b083e5de41913b47226db55c971af1","record_hash":"45d91ba106f8852f9c3069e524d690b1491993c74bed07252782b6b385e5888d","signature_hex":"04a48ce116ed99f69bc7723736a5e60fd192a4a118eb6e9d5fab95b964e2e1eb0a1aa3ae619b1bb71b94af5eb98842c6f0054e3628bf16ed7df9d4ed12158705","public_key_hex":"c2f8243b0d573587f285c830a868acd19249d17d59ecbf9329e796dfed6fb630"}
{"seq":127,"ts":1781877600000,"agent_id":"regime","symbol":"BTCUSDT","side":"buy","price":63188.252053386,"quantity":0.03165145315794233,"notional_usd":2000.0,"fee_usd":1.2,"balance_before_usd":10563.050558206021,"balance_after_usd":10561.250698176027,"decision":"ALLOW_CAPPED","cert_hash":"5d775340d88dca9848d5dab7ea02e8e598278ac875be6a5a38cbcdee5af9a4a4","prev_hash":"45d91ba106f8852f9c3069e524d690b1491993c74bed07252782b6b385e5888d","record_hash":"85dd53998a742ed71a3aaeb75136664535a71cd6eec048dc33621dea883277fa","signature_hex":"bd659265ee4eeac938531d30af09be1566cd67a36713b163b99f6bad10c1fa16f69692b8700256e6b860a7844c3b9d1f14c1c28cd68bfa54997e2564574cf600","public_key_hex":"c2f8243b0d573587f285c830a868acd19249d17d59ecbf9329e796dfed6fb630"}
{"seq":128,"ts":1781881200000,"agent_id":"regime","symbol":"BTCUSDT","side":"buy","price":63203.856733698,"quantity":0.03164363859039116,"notional_usd":2000.0,"fee_usd":1.2,"balance_before_usd":10560.652916305096,"balance_after_usd":10558.853056275102,"decision":"ALLOW_CAPPED","cert_hash":"9c7a0fab5cfbcacf0a246e92dc126ba904a76abfe376ffb8ec644290ee59625e","prev_hash":"85dd53998a742ed71a3aaeb75136664535a71cd6eec048dc33621dea883277fa","record_hash":"0e6e04b1edd0d7c52069afef0cf43419ee6d3e5ee69e96d620993804e3b8105f","signature_hex":"1ad10ac5881366225999e8c52453cda979d797e0cb42b2a7b6e79842a4c1662568f9e9d220cb251e987621f76de94fe702b7136a511cfd71ccf816bb290e3c0a","public_key_hex":"c2f8243b0d573587f285c830a868acd19249d17d59ecbf9329e796dfed6fb630"}
{"seq":129,"ts":1781884800000,"agent_id":"regime","symbol":"BTCUSDT","side":"buy","price":62954.01105868112,"quantity":0.006674236966384053,"notional_usd":420.16998779,"fee_usd":0.25210199267399996,"balance_before_usd":10560.489791619624,"balance_after_usd":10560.14484392486,"decision":"ALLOW","cert_hash":"662cb2dd52326f5383e84d300164f88da8701025ebcb26f4854eb2b5200c7fea","prev_hash":"0e6e04b1edd0d7c52069afef0cf43419ee6d3e5ee69e96d620993804e3b8105f","record_hash":"58845fa3cab4cb2f5977a4f8b3c0a81dba085f97c7a5d86bab0dc7a0235847d1","signature_hex":"c25f923119d9162c9fa7d2309ab30e1a0863419b899fc958671d61a66e040aed5a3c8b78db692ec2e5579b1c32a233c978519f3586779b61908b6dc5139ceb0e","public_key_hex":"c2f8243b0d573587f285c830a868acd19249d17d59ecbf9329e796dfed6fb630"}
{"seq":130,"ts":1781913600000,"agent_id":"regime","symbol":"BTCUSDT","side":"sell","price":63471.853999818006,"quantity":0.0315100296267655,"notional_usd":2000.0,"fee_usd":1.2,"balance_before_usd":10560.144032914139,"balance_after_usd":10558.343892884131,"decision":"ALLOW_CAPPED","cert_hash":"cbccca81eb1692c64a31fc724de9412841a57d169c446fef8f06701041e02a22","prev_hash":"58845fa3cab4cb2f5977a4f8b3c0a81dba085f97c7a5d86bab0dc7a0235847d1","record_hash":"23f5cca75cfab3ccbdc9608b85d713ae554f8188d248db3d0e3a144abf8b7c89","signature_hex":"f1c83c921e25f6601bfe87f2e7c769c6c1dbeb00dd13e7b1c2cb17bcb78f9b2560b4259cc9a30b955a6aa298ed88b03bcaa6305abae15dd7ef5f4a3611afe308","public_key_hex":"c2f8243b0d573587f285c830a868acd19249d17d59ecbf9329e796dfed6fb630"}
{"seq":131,"ts":1781917200000,"agent_id":"regime","symbol":"BTCUSDT","side":"buy","price":63564.865010916,"quantity":0.03146392271353899,"notional_usd":2000.0,"fee_usd":1.2,"balance_before_usd":10556.613911272223,"balance_after_usd":10554.814051242227,"decision":"ALLOW_CAPPED","cert_hash":"999b873b040c2c9645e175c221994514fea220b6d063dbec72fdf21a6965d908","prev_hash":"23f5cca75cfab3ccbdc9608b85d713ae554f8188d248db3d0e3a144abf8b7c89","record_hash":"94b117706d682cd4e2ae1889a7b95562bda24e000aa36e9bb6943d9a23a9eb27","signature_hex":"cd05ca0486cd4215b645d84c7b36639b6c424d4d597053b4a05228a1bde2931a6738406aa234f5420bc15f6e07f5a9766823510638eee42541329dd1675d0c00","public_key_hex":"c2f8243b0d573587f285c830a868acd19249d17d59ecbf9329e796dfed6fb630"}
{"seq":132,"ts":1781971200000,"agent_id":"regime","symbol":"BTCUSDT","side":"sell","price":63975.70280989801,"quantity":0.03126186836810443,"notional_usd":2000.0,"fee_usd":1.2,"balance_before_usd":10554.792603863578,"balance_after_usd":10552.992463833572,"decision":"ALLOW_CAPPED","cert_hash":"ddf64328f3e3f18dea31db7f9a611ba09087284643bc26c894e83e31e5322f91","prev_hash":"94b117706d682cd4e2ae1889a7b95562bda24e000aa36e9bb6943d9a23a9eb27","record_hash":"d77e4b67dba3e045731a52eda4db78cf4be3c74117816554d6781c7aaa4b55b4","signature_hex":"49d43728665ad87cc32aa10aa4ecd03f863c3047997255711f73d75f0ab102c112c40523ae7b366eca81010b0e570a69c7bd4ef32f574e11e5f339c407408103","public_key_hex":"c2f8243b0d573587f285c830a868acd19249d17d59ecbf9329e796dfed6fb630"}
