{"seq":0,"ts":1778580000000,"agent_id":"regime","symbol":"BTCUSDT","side":"buy","price":80671.995952956,"quantity":0.024791750549550094,"notional_usd":2000.0,"fee_usd":1.2,"balance_before_usd":10000.0,"balance_after_usd":9998.200139970006,"decision":"ALLOW_CAPPED","cert_hash":"1fdd7e550bc45d2f958f2562323f76338f67d3e667fdd2652c1a9be2ae8b6bd4","prev_hash":"0000000000000000000000000000000000000000000000000000000000000000","record_hash":"226cba3ffdcac7778cae5450270cd2c6c7f59b619152ea2d969eb41ca694cc9d","signature_hex":"959b0d62ec2ddaf8fffa3b4f5a096026b60a0473ed0ed9ec00a3922061fbfd14c68c00c46d629c0b7e6bb1c4be5d7d73138533524951f7719f35cf55c112f50f","public_key_hex":"c2f8243b0d573587f285c830a868acd19249d17d59ecbf9329e796dfed6fb630"}
{"seq":1,"ts":1778583600000,"agent_id":"regime","symbol":"BTCUSDT","side":"sell","price":80728.475805054,"quantity":0.024774405562043203,"notional_usd":2000.0,"fee_usd":1.2,"balance_before_usd":10000.800794602654,"balance_after_usd":9999.000654572646,"decision":"ALLOW_CAPPED","cert_hash":"cd224f019b6a52b1bdcffb73e10a092e556bc316d038fd0c1f776d5b45abb062","prev_hash":"226cba3ffdcac7778cae5450270cd2c6c7f59b619152ea2d969eb41ca694cc9d","record_hash":"dd47e7289667273d6380640da888e5411fcf1ec4bdeb9617972610ac11a19e76","signature_hex":"bb1d0b877ace357895dcfd87e5ec8cd45140c05a510d726c60e8ecd433db3fb9972cac2624fb620cc097995d5403e604f7b9dbed45b3111943736aaebe527702","public_key_hex":"c2f8243b0d573587f285c830a868acd19249d17d59ecbf9329e796dfed6fb630"}
{"seq":2,"ts":1778590800000,"agent_id":"regime","symbol":"BTCUSDT","side":"buy","price":80456.13120864,"quantity":0.024858267107245948,"notional_usd":2000.0,"fee_usd":1.2,"balance_before_usd":9998.995092035153,"balance_after_usd":9997.195232005159,"decision":"ALLOW_CAPPED","cert_hash":"d0475e053a2a2388b72bbf3d4f94ea8c76ad5896627a679fc11128c73c8fab5e","prev_hash":"dd47e7289667273d6380640da888e5411fcf1ec4bdeb9617972610ac11a19e76","record_hash":"b0f77b01af821520b8fe72a52a1920f7df9013228ea37b81412c7ddc07536656","signature_hex":"5673b0af1ef29f87ac1171a8bedd3664ed5ee2df6b16d0aea19e7b0397b6e53fc6cc9f1b9dac091537616f35f1b879c6cae244393c8155fef82a4d1730d2f202","public_key_hex":"c2f8243b0d573587f285c830a868acd19249d17d59ecbf9329e796dfed6fb630"}
{"seq":3,"ts":1778594400000,"agent_id":"regime","symbol":"BTCUSDT","side":"sell","price":80484.14912016601,"quantity":0.02484961351848202,"notional_usd":2000.0,"fee_usd":1.2,"balance_before_usd":9999.09324120799,"balance_after_usd":9997.293101177982,"decision":"ALLOW_CAPPED","cert_hash":"7c890fa0169a8d01302ed88ec5622294ffda06e9f7854e364417818f21cab0b5","prev_hash":"b0f77b01af821520b8fe72a52a1920f7df9013228ea37b81412c7ddc07536656","record_hash":"f819fcb58549f36451226074a3e023bd8a58e1ddd42fc04224ab4093d67c14ac","signature_hex":"03b213917c84d04f15fe68cdeb5e3adc092b46e93cc62fba0c720888a3db95ceb25e104a4349ff931978c2dcfa235e7113ec6224b52f5d975e61d91460730a02","public_key_hex":"c2f8243b0d573587f285c830a868acd19249d17d59ecbf9329e796dfed6fb630"}
{"seq":4,"ts":1778598000000,"agent_id":"regime","symbol":"BTCUSDT","side":"buy","price":80324.19163600201,"quantity":0.0248990990044845,"notional_usd":2000.0,"fee_usd":1.2,"balance_before_usd":9997.287688274404,"balance_after_usd":9995.48782824441,"decision":"ALLOW_CAPPED","cert_hash":"1968de287b8817a8751a476bae857c44ebe56be8a0b00878d81d9a84bb8b6e63","prev_hash":"f819fcb58549f36451226074a3e023bd8a58e1ddd42fc04224ab4093d67c14ac","record_hash":"835520899d8d0c503ca1e5f968e56c15fe011af13b5b9660d7dec203234e34ca","signature_hex":"b3aa77236eaf1957de00795f29cd614c348dd79d6dedba001c059bb994cb10e7f7761b8c6071ce43367e6630e10045bd6ef09d6197e193820a96381a52552e07","public_key_hex":"c2f8243b0d573587f285c830a868acd19249d17d59ecbf9329e796dfed6fb630"}
{"seq":5,"ts":1778601600000,"agent_id":"regime","symbol":"BTCUSDT","side":"sell","price":79941.43938311657,"quantity":0.024932568308257748,"notional_usd":1993.14539808,"fee_usd":1.195887238848,"balance_before_usd":9986.9680081437,"balance_after_usd":9985.1747211877,"decision":"ALLOW","cert_hash":"d793969165deb6f977d6551480ed0912ea7ca45e94f68110c6e03f1c0432962c","prev_hash":"835520899d8d0c503ca1e5f968e56c15fe011af13b5b9660d7dec203234e34ca","record_hash":"3fea27ab0faea6791c02642e6fed94962138de3d24761aacbd7e778589781ed8","signature_hex":"8080cb9b9b020e0374a32d0410403407cc1be79bf1eccdc137ab68913378fd046bcd3283f13573f418f9d0016cb07cb4e7295443771a9d69f6bea29eb19aaa01","public_key_hex":"c2f8243b0d573587f285c830a868acd19249d17d59ecbf9329e796dfed6fb630"}
{"seq":6,"ts":1778680800000,"agent_id":"regime","symbol":"BTCUSDT","side":"buy","price":79764.02362480201,"quantity":0.02507396077970815,"notional_usd":2000.0,"fee_usd":1.2,"balance_before_usd":9985.176323202753,"balance_after_usd":9983.37646317276,"decision":"ALLOW_CAPPED","cert_hash":"36d00b65fa399beae77d3b20a319980db4c557ad7ba4e3c8f8ddbd6706726076","prev_hash":"3fea27ab0faea6791c02642e6fed94962138de3d24761aacbd7e778589781ed8","record_hash":"45c5924aba3c8ba0e1e1d08f59720ef2bd41d70d793dc458a88b97c039217901","signature_hex":"fe9f5eafb4b76e14153c8d6b643207b78c18d551413cf30e9ab1bf9b363844767275953e8d4ab82099363178de772290a7dbeed9dbc231181741f75f27428105","public_key_hex":"c2f8243b0d573587f285c830a868acd19249d17d59ecbf9329e796dfed6fb630"}
{"seq":7,"ts":1778684400000,"agent_id":"regime","symbol":"BTCUSDT","side":"sell","price":78806.54715723435,"quantity":0.02507398165177201,"notional_usd":1975.99391746,"fee_usd":1.1855963504759999,"balance_before_usd":9960.565957225253,"balance_after_usd":9958.789797327423,"decision":"ALLOW","cert_hash":"1a43fb4c1110f422acf38c37ab8cce8e5994eb5a25bbd50718959177e16a21e4","prev_hash":"45c5924aba3c8ba0e1e1d08f59720ef2bd41d70d793dc458a88b97c039217901","record_hash":"e2ad2587aa32557724251490298d32b9a8c1fbbaeee4955787d6886cfa6c0ba4","signature_hex":"90d8efdc8c719379f4bcd74acea104fd53942bfeb6b0e6acc5c4ffa8d1f33aae8caf6f3f79142a906f0fd56355289637417efe943c33021cf708d1f385d88d01","public_key_hex":"c2f8243b0d573587f285c830a868acd19249d17d59ecbf9329e796dfed6fb630"}
{"seq":8,"ts":1778767200000,"agent_id":"regime","symbol":"BTCUSDT","side":"sell","price":80884.32903817201,"quantity":0.024726668611618614,"notional_usd":2000.0,"fee_usd":1.2,"balance_before_usd":9958.774315616529,"balance_after_usd":9956.974175586523,"decision":"ALLOW_CAPPED","cert_hash":"e35ac0cde9ce1700379c31751deb09c5d3c53dd0c99367301c1410a3c12d35bc","prev_hash":"e2ad2587aa32557724251490298d32b9a8c1fbbaeee4955787d6886cfa6c0ba4","record_hash":"66118d2d103abe63ee2ac0592749e1e5a2ff751cda078c1d719786a4b7816847","signature_hex":"3aebcb32fd050a5194d978fbdd52a4ca6184fb5a723229b7c5d88ea73c9e06333338b2cb151c86cf63cb9cf9db76f5d8c56be3b09fc4f66d42cb84b95e67030a","public_key_hex":"c2f8243b0d573587f285c830a868acd19249d17d59ecbf9329e796dfed6fb630"}
{"seq":9,"ts":1778770800000,"agent_id":"regime","symbol":"BTCUSDT","side":"sell","price":81208.13187465,"quantity":0.024628075462776674,"notional_usd":2000.0,"fee_usd":1.2,"balance_before_usd":9948.96278109412,"balance_after_usd":9947.162641064113,"decision":"ALLOW_CAPPED","cert_hash":"4cb81db407963aaa90abc5093b62b5dfbd58181a6e7dc0c97fc13dea92c0533e","prev_hash":"66118d2d103abe63ee2ac0592749e1e5a2ff751cda078c1d719786a4b7816847","record_hash":"e55b6558e48183cf787d5c7482687d5bcadde6cff0526d33f5467e86ea1b4305","signature_hex":"a98feece512ab3907952079c484ce78de857a4e07b10603946aa8234c4f21ecf31b4e8f73025ce323ade793f98ce54055444dbd3d7b7c91b53c07b41e78f0e08","public_key_hex":"c2f8243b0d573587f285c830a868acd19249d17d59ecbf9329e796dfed6fb630"}
{"seq":10,"ts":1778774400000,"agent_id":"regime","symbol":"BTCUSDT","side":"sell","price":81805.01607275916,"quantity":0.023363136894809945,"notional_usd":1911.22178919,"fee_usd":1.146733073514,"balance_before_usd":9917.490074335667,"balance_after_usd":9915.778328859371,"decision":"ALLOW","cert_hash":"2f87584ef24554fd7653526997f3fb05378e11ff7d559db09390306de320bfe4","prev_hash":"e55b6558e48183cf787d5c7482687d5bcadde6cff0526d33f5467e86ea1b4305","record_hash":"7ccdee9d0a7873211a557fcc7072f841d09f27695ec8e2c2b1c23df6a31f995c","signature_hex":"88a12d372034118cae2f5ec89f689cbeedb76ced2f95d9195659c89f4daa7e732c3300c6af50c5f299c10bd2a9f2529910c7c84e8bc057546545a934fe1a6b0a","public_key_hex":"c2f8243b0d573587f285c830a868acd19249d17d59ecbf9329e796dfed6fb630"}
{"seq":11,"ts":1778781600000,"agent_id":"regime","symbol":"BTCUSDT","side":"buy","price":81545.557960422,"quantity":0.024526167335450655,"notional_usd":2000.0,"fee_usd":1.2,"balance_before_usd":9938.18501614781,"balance_after_usd":9936.385156117816,"decision":"ALLOW_CAPPED","cert_hash":"975d2f0c9263cc4458d15723f6297b50968eb5d4373421af17ee99aea6686c7f","prev_hash":"7ccdee9d0a7873211a557fcc7072f841d09f27695ec8e2c2b1c23df6a31f995c","record_hash":"274221bd9a352f7790aca6a38db8f39321b3584fc3a2a458e8ab408ce9e6a1de","signature_hex":"5be5aaca9d340404caab581d0ea769fd5c57e00c39e0b7055c77daee7b8a808770ced1370c7aecd404877cbf7bb22df5fe6b6da56de7cea66fa6bfcfaa977407","public_key_hex":"c2f8243b0d573587f285c830a868acd19249d17d59ecbf9329e796dfed6fb630"}
{"seq":12,"ts":1778785200000,"agent_id":"regime","symbol":"BTCUSDT","side":"buy","price":81397.013407452,"quantity":0.024570926085316264,"notional_usd":2000.0,"fee_usd":1.2,"balance_before_usd":9943.542738094964,"balance_after_usd":9941.74287806497,"decision":"ALLOW_CAPPED","cert_hash":"09b31e887e0f0ad4da733b6d6bf8add21aa9b196d123cce6cd9524780115cfe0","prev_hash":"274221bd9a352f7790aca6a38db8f39321b3584fc3a2a458e8ab408ce9e6a1de","record_hash":"09a62d7fecea4505545f9f57661ebbd9478a981b6cdf038e9a1ddb1f7cff6bf6","signature_hex":"ba9e2f1d663841f3e7e92c9955d815ef760d4643697b33fafdfaadd71f5107a3eba41d90ad36f9dc09edfdfece8c65f3fe3c274dfd49856cdd2b3685faf13c08","public_key_hex":"c2f8243b0d573587f285c830a868acd19249d17d59ecbf9329e796dfed6fb630"}
{"seq":13,"ts":1778788800000,"agent_id":"regime","symbol":"BTCUSDT","side":"buy","price":81401.20061392251,"quantity":0.023621283476881944,"notional_usd":1922.80083506,"fee_usd":1.153680501036,"balance_before_usd":9941.636550808804,"balance_after_usd":9939.913582874338,"decision":"ALLOW","cert_hash":"2668122201841247d831da319a13a1bdc84b05d6e764673a149802b1d11f4668","prev_hash":"09a62d7fecea4505545f9f57661ebbd9478a981b6cdf038e9a1ddb1f7cff6bf6","record_hash":"3650ea51a58ef67a8456b21e464607ac4f28ca73f3b7e43ec5a6f71b3beb610c","signature_hex":"33834186daf12b3f3d6eb3c056b27e4d51fff89d591278430cb651ca233dc957ac127f1afab1122436858aa2f963b794cca2d514d99f1e3b64b1d4e1cae9e004","public_key_hex":"c2f8243b0d573587f285c830a868acd19249d17d59ecbf9329e796dfed6fb630"}
{"seq":14,"ts":1778850000000,"agent_id":"regime","symbol":"BTCUSDT","side":"buy","price":78755.12102463,"quantity":0.025395173976997847,"notional_usd":2000.0,"fee_usd":1.2,"balance_before_usd":9939.932118519548,"balance_after_usd":9938.132258489553,"decision":"ALLOW_CAPPED","cert_hash":"5608e0d32387e924003b9419857ae13bff05b90c6467510faec5b4344980776a","prev_hash":"3650ea51a58ef67a8456b21e464607ac4f28ca73f3b7e43ec5a6f71b3beb610c","record_hash":"1981f24134f8828b57ad9c1a5a51cd1351fb17f23772725a048889fb210a150e","signature_hex":"75eed4b5bce00f782c9fd5e361332189619d92aa2905c4221b84e78c6f9814e121e07dcb20180cccc6142f7e8f966f2ad082ef717511d9db2a80b989df6ad101","public_key_hex":"c2f8243b0d573587f285c830a868acd19249d17d59ecbf9329e796dfed6fb630"}
{"seq":15,"ts":1778853600000,"agent_id":"regime","symbol":"BTCUSDT","side":"buy","price":79146.138302448,"quantity":0.025269710473519585,"notional_usd":2000.0,"fee_usd":1.2,"balance_before_usd":9948.05649738932,"balance_after_usd":9946.256637359325,"decision":"ALLOW_CAPPED","cert_hash":"2dd22544d113a8c497b4c2f231333b48d480259c5dc175533bbadfe81613d629","prev_hash":"1981f24134f8828b57ad9c1a5a51cd1351fb17f23772725a048889fb210a150e","record_hash":"82c982e6ee5d7c906f2e6afa94a175ea3b6923bc462b169ebb305e4a9b7fd9c5","signature_hex":"6e97094031853e6bbafb97960f63bdcd8b8f67511604deb3736ab26ea206ab33322a6cf107dc14c06650dc31af13c3801411e73a72598e42b56d0747bf52820a","public_key_hex":"c2f8243b0d573587f285c830a868acd19249d17d59ecbf9329e796dfed6fb630"}
{"seq":16,"ts":1778857200000,"agent_id":"regime","symbol":"BTCUSDT","side":"sell","price":79106.962372614,"quantity":0.025282224724790837,"notional_usd":2000.0,"fee_usd":1.2,"balance_before_usd":9946.677097836195,"balance_after_usd":9944.87695780619,"decision":"ALLOW_CAPPED","cert_hash":"830968dc7fa3e792147d08341a66ac19eaa773ca8ceaedaada58107c1c19ad57","prev_hash":"82c982e6ee5d7c906f2e6afa94a175ea3b6923bc462b169ebb305e4a9b7fd9c5","record_hash":"22a17751dd29672d9de9ac9e0c388f6896307eb74bc812873e81906968ba6727","signature_hex":"0b03a4dff001cb110378fda85c11c5cd12884a7f018f9cf6ee6890fbb62ed20dc94b5eab5f5cccab61ee8412ea874e00541632d8870858b8eb534a200e03fd01","public_key_hex":"c2f8243b0d573587f285c830a868acd19249d17d59ecbf9329e796dfed6fb630"}
{"seq":17,"ts":1778860800000,"agent_id":"regime","symbol":"BTCUSDT","side":"sell","price":79252.118815518,"quantity":0.025235918356398428,"notional_usd":2000.0,"fee_usd":1.2,"balance_before_usd":9948.360336366315,"balance_after_usd":9946.560196336308,"decision":"ALLOW_CAPPED","cert_hash":"baa42103af7c0317921f0d4584ed69da36be1893fc1bdb2ec98928836609c247","prev_hash":"22a17751dd29672d9de9ac9e0c388f6896307eb74bc812873e81906968ba6727","record_hash":"a3f63543815c06363a59ee984cddcbada04152f9829ebd6dedb696794f2977b4","signature_hex":"6f8a927a6aa9e688e79ae173f081b63700a44eeaa4da4c6ea08c29dc77cae0feb9fdb50bce4799e9c9e736800a222f5d8950a2ef070c1fbbaa43357ca0756c00","public_key_hex":"c2f8243b0d573587f285c830a868acd19249d17d59ecbf9329e796dfed6fb630"}
{"seq":18,"ts":1778936400000,"agent_id":"regime","symbol":"BTCUSDT","side":"sell","price":77987.798200224,"quantity":0.025645037379632748,"notional_usd":2000.0,"fee_usd":1.2,"balance_before_usd":9946.381259026914,"balance_after_usd":9944.581118996906,"decision":"ALLOW_CAPPED","cert_hash":"cc9d22bb9e884d67c99fec03b2984d32de531fd921736ff4b8b000bd245dbfd3","prev_hash":"a3f63543815c06363a59ee984cddcbada04152f9829ebd6dedb696794f2977b4","record_hash":"ba1569f8ca3bc4f81f6c425e48d6608ed6befb684d4c03c82ac97095ec6f14fe","signature_hex":"14ccbc43c8ace4966ab336212e80edea33e75afdd85adc2815c0220c0b0854607627ee51126c95cf17313492d3853c638585c9a1d14b4d11b79953c0829aa104","public_key_hex":"c2f8243b0d573587f285c830a868acd19249d17d59ecbf9329e796dfed6fb630"}
{"seq":19,"ts":1778940000000,"agent_id":"regime","symbol":"BTCUSDT","side":"sell","price":78091.467092298,"quantity":0.025610992781530877,"notional_usd":2000.0,"fee_usd":1.2,"balance_before_usd":9941.936220249543,"balance_after_usd":9940.136080219536,"decision":"ALLOW_CAPPED","cert_hash":"5e00501da482a18d0258a73975ad3e87a4356af32d5b4f4e60d7a658e3a50bcc","prev_hash":"ba1569f8ca3bc4f81f6c425e48d6608ed6befb684d4c03c82ac97095ec6f14fe","record_hash":"48b8d51b6ee2944a3b4f3c3941c856443ce30d36a0094eb81eceda924f3c2fb1","signature_hex":"bafc7161f040d1970cb206da262300378d4f93af7f4d38cc14db5050d14ef630770c9f5f089994f5b99b045ad88cc36e151a3f6f9a843da9aae3830e6380c008","public_key_hex":"c2f8243b0d573587f285c830a868acd19249d17d59ecbf9329e796dfed6fb630"}
{"seq":20,"ts":1778943600000,"agent_id":"regime","symbol":"BTCUSDT","side":"buy","price":78241.767054366,"quantity":0.025561794873706103,"notional_usd":2000.0,"fee_usd":1.2,"balance_before_usd":9934.850656406064,"balance_after_usd":9933.05079637607,"decision":"ALLOW_CAPPED","cert_hash":"f13b6dbf6ae2a2256b72b62b796cb8f6cc11f42d0eea0fc98d818cde028fca97","prev_hash":"48b8d51b6ee2944a3b4f3c3941c856443ce30d36a0094eb81eceda924f3c2fb1","record_hash":"13b0144ab22698dbdc4090edbd5f30faa351331b022465600c266ca54535072e","signature_hex":"fb91b55f8b9c1594c169fa58f5c4dc33cad913cdb6b0b6c468c5c474f426f90f8417e2330e7260796172da1523f4f19ad744034763199c77f9ff3a41116ee307","public_key_hex":"c2f8243b0d573587f285c830a868acd19249d17d59ecbf9329e796dfed6fb630"}
{"seq":21,"ts":1778947200000,"agent_id":"regime","symbol":"BTCUSDT","side":"buy","price":78211.15023704537,"quantity":0.025546827525285625,"notional_usd":1998.04676566,"fee_usd":1.1988280593960001,"balance_before_usd":9934.032568434068,"balance_after_usd":9932.234661213446,"decision":"ALLOW","cert_hash":"6b489163d407be97d1152e2eb2fb9f6bb94872e8f1d4740d3e0b78794dbd6871","prev_hash":"13b0144ab22698dbdc4090edbd5f30faa351331b022465600c266ca54535072e","record_hash":"9a395f21ff8e0cdfc382d1297bbeea6f08c6b9ff9e6949cbccf53e8e7f99e31b","signature_hex":"da43ebddc52e19842f4a842403b01f6822c52904929bab0696d86b61a0b218b69fb2511bbccdc4a9718f131a01f1f2e551e90e6e65583a402ab91d4edce98802","public_key_hex":"c2f8243b0d573587f285c830a868acd19249d17d59ecbf9329e796dfed6fb630"}
{"seq":22,"ts":1779253200000,"agent_id":"regime","symbol":"BTCUSDT","side":"sell","price":77137.85324322,"quantity":0.025927607729682174,"notional_usd":2000.0,"fee_usd":1.2,"balance_before_usd":9932.243016593611,"balance_after_usd":9930.442876563604,"decision":"ALLOW_CAPPED","cert_hash":"c86725808c8da39117d38c3e0027c4978a7b08b70b92ac27cf26bcef7501597b","prev_hash":"9a395f21ff8e0cdfc382d1297bbeea6f08c6b9ff9e6949cbccf53e8e7f99e31b","record_hash":"74df577afc0a903405d4f3e7cd741c409abf70dc583a3f4ebed1e8f320aec15b","signature_hex":"6f187e3b08f10a720573fbf39ff578697d6a174ab147dc466716ff41667077a0d61768671f5b9f698f732ce8101cebfdbd409551c1437f3d65f38960fb9dc407","public_key_hex":"c2f8243b0d573587f285c830a868acd19249d17d59ecbf9329e796dfed6fb630"}
{"seq":23,"ts":1779256800000,"agent_id":"regime","symbol":"BTCUSDT","side":"sell","price":77346.690577398,"quantity":0.02585760276321937,"notional_usd":2000.0,"fee_usd":1.2,"balance_before_usd":9925.02499870371,"balance_after_usd":9923.224858673704,"decision":"ALLOW_CAPPED","cert_hash":"b5f55928b73834d8b7a5623292cb9d20cc115de88a4c8903d7e7ed8fb144ac49","prev_hash":"74df577afc0a903405d4f3e7cd741c409abf70dc583a3f4ebed1e8f320aec15b","record_hash":"94fd6be190a0542ac53291ebb5d2f1f9836fd9a0f3db39263b56dc1b7f73f5cd","signature_hex":"c865036c140121b03d90437eb14ee187da123b43502106369f50ce6cd84ad90b8dd25184be23f216552cc8b564d9743ca79317a426dce78bd52d616d1c6d770f","public_key_hex":"c2f8243b0d573587f285c830a868acd19249d17d59ecbf9329e796dfed6fb630"}
{"seq":24,"ts":1779260400000,"agent_id":"regime","symbol":"BTCUSDT","side":"buy","price":77263.67369481,"quantity":0.025885385775208682,"notional_usd":2000.0,"fee_usd":1.2,"balance_before_usd":9929.926856382563,"balance_after_usd":9928.126996352568,"decision":"ALLOW_CAPPED","cert_hash":"5b348b9e33073ca41919097b147ccfbeb3b2fece30f9d8783c39a4574ec9c6a5","prev_hash":"94fd6be190a0542ac53291ebb5d2f1f9836fd9a0f3db39263b56dc1b7f73f5cd","record_hash":"d02fc36601bdbe1603cf680b0f64a76b466c08665cb7b73ed4bcde1bb1f0cc80","signature_hex":"4ca9b920336e63a8e1b25a6bab35c67a687719ab83df0faf347328a1d73d75c09736f8e83029f2b74c7dd03b02a2174b036116817442245250df0c58c1a0500f","public_key_hex":"c2f8243b0d573587f285c830a868acd19249d17d59ecbf9329e796dfed6fb630"}
{"seq":25,"ts":1779264000000,"agent_id":"regime","symbol":"BTCUSDT","side":"sell","price":77393.37656833201,"quantity":0.02584200468672101,"notional_usd":2000.0,"fee_usd":1.2,"balance_before_usd":9923.683022433246,"balance_after_usd":9921.882882403239,"decision":"ALLOW_CAPPED","cert_hash":"d0559ed3a3912814e4633fc066f876417c81f42c7c80f0aa5825146c9f3cac23","prev_hash":"d02fc36601bdbe1603cf680b0f64a76b466c08665cb7b73ed4bcde1bb1f0cc80","record_hash":"53d8254c21488e410ecb9d8a7ede6c05347d48ff702a7fcdb7e6c55dc8ff67e8","signature_hex":"d3ff16e06c4f09da22971ec26357ff983637599dd83dfa4a36b19bb3a37003575130fa7da8cc04f0dcda1924c2bf886627b362c4fae6ba0daf95307a2d0c7f05","public_key_hex":"c2f8243b0d573587f285c830a868acd19249d17d59ecbf9329e796dfed6fb630"}
{"seq":26,"ts":1779267600000,"agent_id":"regime","symbol":"BTCUSDT","side":"sell","price":77422.882925221,"quantity":0.025114461753484876,"notional_usd":1944.43403207,"fee_usd":1.166660419242,"balance_before_usd":9920.366622303216,"balance_after_usd":9918.62190043976,"decision":"ALLOW","cert_hash":"bc6d8928002468ebbd7f49ebe5ef6837fb326e803e54aeba4e09257d0bcbf1fe","prev_hash":"53d8254c21488e410ecb9d8a7ede6c05347d48ff702a7fcdb7e6c55dc8ff67e8","record_hash":"891a55bef29db03d6a4756e3db96bcf9d6c3e9594eaee050ed6b11ce4ff08a56","signature_hex":"fcb82f9a4ef186b82a9b51ea3f3b167d2b078f25e4e96b33f582bab201f91b1af615548e682aa0a86be49756bf994ede7cc1a8be4e97a3903f46983d1c4dc00c","public_key_hex":"c2f8243b0d573587f285c830a868acd19249d17d59ecbf9329e796dfed6fb630"}
{"seq":27,"ts":1779271200000,"agent_id":"regime","symbol":"BTCUSDT","side":"buy","price":77495.043089436,"quantity":0.025808102302644395,"notional_usd":2000.0,"fee_usd":1.2,"balance_before_usd":9916.631124051313,"balance_after_usd":9914.831264021319,"decision":"ALLOW_CAPPED","cert_hash":"b413e65d2f62992b0831549b32dbb61e268d93ceb268fafe4b34cec6a951ee2f","prev_hash":"891a55bef29db03d6a4756e3db96bcf9d6c3e9594eaee050ed6b11ce4ff08a56","record_hash":"b02d083cbc7867a4f8e148b2ac35a3cbea433c4b40aea819444727958ccdd1d0","signature_hex":"3c821b9104a68a72a9d077079ca10664dc39d5cc815fa5cb1aa1a351bc465f1cfee85d0d95d360131c7787dbfc0fccba77092bf9c9ada6577749902a7e00650e","public_key_hex":"c2f8243b0d573587f285c830a868acd19249d17d59ecbf9329e796dfed6fb630"}
{"seq":28,"ts":1779274800000,"agent_id":"regime","symbol":"BTCUSDT","side":"buy","price":77368.105016898,"quantity":0.025850445730358513,"notional_usd":2000.0,"fee_usd":1.2,"balance_before_usd":9921.31025150297,"balance_after_usd":9919.510391472973,"decision":"ALLOW_CAPPED","cert_hash":"675a5cd43c2667b441a0c731da6e6ebe383f4b7d9f8c6db5b2648c7f2d4baa38","prev_hash":"b02d083cbc7867a4f8e148b2ac35a3cbea433c4b40aea819444727958ccdd1d0","record_hash":"899db8dc4f0c0c0f3caaa3a70f03944306d4e79569317ea966b1b4f21b03e388","signature_hex":"5e34822488b78063252a053476a9356369b8620cb1dae182c698af48390893a7ea2932dddf9479a184c10f40b93a2f416ade3f918743256a073514c05ed82a0b","public_key_hex":"c2f8243b0d573587f285c830a868acd19249d17d59ecbf9329e796dfed6fb630"}
{"seq":29,"ts":1779278400000,"agent_id":"regime","symbol":"BTCUSDT","side":"sell","price":77561.92599170399,"quantity":0.025785847558941737,"notional_usd":2000.0,"fee_usd":1.2,"balance_before_usd":9913.45353260609,"balance_after_usd":9911.653392576083,"decision":"ALLOW_CAPPED","cert_hash":"3f70cbe91601279ddd8f0bf1dee629b420818fac73eca628f10da01f9b7ebaa2","prev_hash":"899db8dc4f0c0c0f3caaa3a70f03944306d4e79569317ea966b1b4f21b03e388","record_hash":"bae64790b5ad9d262df4673aa40cfe6dc23dd48572c12b6b380fde9c64cd9660","signature_hex":"39987a76d81f99e017ba3e5d7353a4708c6987347494876615057c90ddfa70e39d101b95394657fd2a12b8a7692d93d6d62d480d68c8e2fab7974eae195d370c","public_key_hex":"c2f8243b0d573587f285c830a868acd19249d17d59ecbf9329e796dfed6fb630"}
{"seq":30,"ts":1779282000000,"agent_id":"regime","symbol":"BTCUSDT","side":"buy","price":77203.15554359999,"quantity":0.025905676858901352,"notional_usd":2000.0,"fee_usd":1.2,"balance_before_usd":9932.315048189494,"balance_after_usd":9930.5151881595,"decision":"ALLOW_CAPPED","cert_hash":"6df8788d6693886b67f41fc091b81ab8666301369c19021b5a65f61d84ede864","prev_hash":"bae64790b5ad9d262df4673aa40cfe6dc23dd48572c12b6b380fde9c64cd9660","record_hash":"35680f85e2a494f3730d375569b058cfb587b47521d43a2ace9b429f5ac9088e","signature_hex":"0e717c01801a70eebf95eef7c4d86d325d16dbb499e390351bbaaa6e8e58fc19e749f732065a3c72298037d3a04769617d255689cb292e3e3c4ecf0d03abdf05","public_key_hex":"c2f8243b0d573587f285c830a868acd19249d17d59ecbf9329e796dfed6fb630"}
{"seq":31,"ts":1779285600000,"agent_id":"regime","symbol":"BTCUSDT","side":"buy","price":77443.00349297618,"quantity":0.025078124526719116,"notional_usd":1942.12528532,"fee_usd":1.165275171192,"balance_before_usd":9924.494649946162,"balance_after_usd":9922.752490313565,"decision":"ALLOW","cert_hash":"b23d97267fbc91a03e25691d5754b9f8ab13e1d3080eb65db73260c6f5eb6a56","prev_hash":"35680f85e2a494f3730d375569b058cfb587b47521d43a2ace9b429f5ac9088e","record_hash":"1f95dbd9d94679b43f2feeb7a573dd55d7700101cef8496da9bc66f45bacedbe","signature_hex":"7f6c8308ae78edcaa79e0c44fde22f43bd8f1b3bee7fd4b3cb12c9774d9e145deab0716ed0b3f68f00872a3658c42a336d2922752ea89678859e5126bc65b000","public_key_hex":"c2f8243b0d573587f285c830a868acd19249d17d59ecbf9329e796dfed6fb630"}
{"seq":32,"ts":1779372000000,"agent_id":"regime","symbol":"BTCUSDT","side":"buy","price":76973.086539,"quantity":0.025983107731903914,"notional_usd":2000.0,"fee_usd":1.2,"balance_before_usd":9922.756093108539,"balance_after_usd":9920.956233078545,"decision":"ALLOW_CAPPED","cert_hash":"7317a8c80f06156aef7531816c43ab748239fa9c4ddc4d86b894758b1c75ed8a","prev_hash":"1f95dbd9d94679b43f2feeb7a573dd55d7700101cef8496da9bc66f45bacedbe","record_hash":"d357a08102101bba16ed41c736052d2556cacfe575216f6eb3e271f22e346fec","signature_hex":"f342b95061c8bddb38c9c11952571fce2a278888677b4b09edf816c0b72bb0a9f0b33e85a49754b0b1866c6c172ff85b5190e6d439ec3ffadcd129dfdf268f0f","public_key_hex":"c2f8243b0d573587f285c830a868acd19249d17d59ecbf9329e796dfed6fb630"}
{"seq":33,"ts":1779375600000,"agent_id":"regime","symbol":"BTCUSDT","side":"sell","price":77206.83254460001,"quantity":0.0259044430924512,"notional_usd":2000.0,"fee_usd":1.2,"balance_before_usd":9928.229416862067,"balance_after_usd":9926.429276832061,"decision":"ALLOW_CAPPED","cert_hash":"bbe6bb35c5f2dc07089e81a03c53f7c24401cc3828baf280e10edf4ea7ec55b7","prev_hash":"d357a08102101bba16ed41c736052d2556cacfe575216f6eb3e271f22e346fec","record_hash":"68fccbfd2bbb33869faea9e06a100f16b0b063770a015655b580c35af3ee0f24","signature_hex":"80b814ec1bf78c95a7e0e92c149a15dca634b9858758f07bc183a1a6b0830ebccf56fdbf4f2932dd3380777089f23d15c1f9f6ed97fa28ecd6c5127227134906","public_key_hex":"c2f8243b0d573587f285c830a868acd19249d17d59ecbf9329e796dfed6fb630"}
{"seq":34,"ts":1779458400000,"agent_id":"regime","symbol":"BTCUSDT","side":"buy","price":76775.02713504,"quantity":0.026050137325020928,"notional_usd":2000.0,"fee_usd":1.2,"balance_before_usd":9926.394334815079,"balance_after_usd":9924.594474785086,"decision":"ALLOW_CAPPED","cert_hash":"f3f78fec1655523695070ee9e73c438c99cd8e918bf0f3f3b8436865d9b4870d","prev_hash":"68fccbfd2bbb33869faea9e06a100f16b0b063770a015655b580c35af3ee0f24","record_hash":"4b92ed5ebab38d549f54fd127d850b841b6497d68ff8604161736ed0a6d43ace","signature_hex":"fe6d91d67281a45ed554e062a927b3180064c65e013265b9b8094ff2b0094b4e826e2e1a9c3f06107bfe34a189bb4ad046b3c1db2a7d1bec72fb37bbf793340b","public_key_hex":"c2f8243b0d573587f285c830a868acd19249d17d59ecbf9329e796dfed6fb630"}
{"seq":35,"ts":1779462000000,"agent_id":"regime","symbol":"BTCUSDT","side":"buy","price":76795.13316544199,"quantity":0.02604331703796049,"notional_usd":2000.0,"fee_usd":1.2,"balance_before_usd":9925.119513932192,"balance_after_usd":9923.3196539022,"decision":"ALLOW_CAPPED","cert_hash":"1da8a53ab7b3957cf211e7cf2954ae43381a7600b1fa317901b9f0bde65bdd1c","prev_hash":"4b92ed5ebab38d549f54fd127d850b841b6497d68ff8604161736ed0a6d43ace","record_hash":"e60ad19430349ef53f1914224ffbe822bb04b97c5fdabd0ce5efc4ecd6320de3","signature_hex":"390e7d715c218b99089400a2fd2f5ba3f7d7de371d8606b367f9ac42767044375dade25fb632660c329912601f80ac40cb546245772ea8ac56959d4bc4b5010d","public_key_hex":"c2f8243b0d573587f285c830a868acd19249d17d59ecbf9329e796dfed6fb630"}
{"seq":36,"ts":1779465600000,"agent_id":"regime","symbol":"BTCUSDT","side":"sell","price":76900.92433848,"quantity":0.02600748973051331,"notional_usd":2000.0,"fee_usd":1.2,"balance_before_usd":9930.842195427396,"balance_after_usd":9929.04205539739,"decision":"ALLOW_CAPPED","cert_hash":"34b5d927781e8ca0502f75185276f383ecd0ba268b08a5c27d3a91ccc33609fe","prev_hash":"e60ad19430349ef53f1914224ffbe822bb04b97c5fdabd0ce5efc4ecd6320de3","record_hash":"71404ba63c9f2ae94d6b18df332720cbb9723be099a0173db62bd265de52e298","signature_hex":"c94f5f36f503c4a8ce50b8fa8e7f2579296f14df4d7cbbb1cf763831c39614491db9710a7fb8f5b54b0ba9bd8c22bcc8255953e4e6135422d906af223f8cde02","public_key_hex":"c2f8243b0d573587f285c830a868acd19249d17d59ecbf9329e796dfed6fb630"}
{"seq":37,"ts":1779469200000,"agent_id":"regime","symbol":"BTCUSDT","side":"buy","price":76756.02143466,"quantity":0.026056587647687517,"notional_usd":2000.0,"fee_usd":1.2,"balance_before_usd":9924.046034416631,"balance_after_usd":9922.246174386637,"decision":"ALLOW_CAPPED","cert_hash":"802e1eae33cc43ec4d1092878a199633d1cc9db1e5da0b21efb06ab4477784a5","prev_hash":"71404ba63c9f2ae94d6b18df332720cbb9723be099a0173db62bd265de52e298","record_hash":"f5560e6cd3e56b06a3eefef41cddfd4fe96d3f30ab723189bee92ecec8394fe8","signature_hex":"8594785fb52d20d7718d6001bf142ef564ed0f65627237219fa768fff02c863887cad2d69c12052911a724f8e11b36e300b5bdfbd081da8f011e9fe6f0aa7502","public_key_hex":"c2f8243b0d573587f285c830a868acd19249d17d59ecbf9329e796dfed6fb630"}
{"seq":38,"ts":1779472800000,"agent_id":"regime","symbol":"BTCUSDT","side":"buy","price":76524.36709382398,"quantity":0.02550379457378762,"notional_usd":1951.66173825,"fee_usd":1.17099704295,"balance_before_usd":9910.163909036648,"balance_after_usd":9908.41226470977,"decision":"ALLOW","cert_hash":"5de7f74b9278d2fe5e76771497d522eca7971d62e19f8ca7545bad000e787dc9","prev_hash":"f5560e6cd3e56b06a3eefef41cddfd4fe96d3f30ab723189bee92ecec8394fe8","record_hash":"33a5890bc3bec50ad7265779abf17223c050c789185af0bfc2a4b807fa0e4b4c","signature_hex":"14f651d80734a08db8d734684bb39b078a75f3e06d125a78c434934bc47ff1673b4c5dab82ca8094afdd960ff4e3804c917fc1369758524d8753202b3cc41c01","public_key_hex":"c2f8243b0d573587f285c830a868acd19249d17d59ecbf9329e796dfed6fb630"}
{"seq":39,"ts":1779476400000,"agent_id":"regime","symbol":"BTCUSDT","side":"sell","price":75796.75566639,"quantity":0.02638635364292835,"notional_usd":2000.0,"fee_usd":1.2,"balance_before_usd":9855.401116944271,"balance_after_usd":9853.600976914264,"decision":"ALLOW_CAPPED","cert_hash":"dda1fdc0e65f245ad23e57bc084907a740d5fab53e5aa5ce5581fe14642e814a","prev_hash":"33a5890bc3bec50ad7265779abf17223c050c789185af0bfc2a4b807fa0e4b4c","record_hash":"2fb760ed463fc443778eb9759d9a1168c8ae7c72bb7ccaf9d7e8f10ee847e484","signature_hex":"d384978e3d0539e88292909036d640d85d9d7b77cf27ddc158f37d910677db02993089a8922ca83fab28cb2591427ddacd71303bf2ae0c516d18b558709d2509","public_key_hex":"c2f8243b0d573587f285c830a868acd19249d17d59ecbf9329e796dfed6fb630"}
{"seq":40,"ts":1779480000000,"agent_id":"regime","symbol":"BTCUSDT","side":"sell","price":75917.2195188,"quantity":0.02634448433012913,"notional_usd":2000.0,"fee_usd":1.2,"balance_before_usd":9859.786387296102,"balance_after_usd":9857.986247266097,"decision":"ALLOW_CAPPED","cert_hash":"11edb6e0750e7dacdd6d1d83f4870c3f97c4113234796cd179c128480a604b80","prev_hash":"2fb760ed463fc443778eb9759d9a1168c8ae7c72bb7ccaf9d7e8f10ee847e484","record_hash":"98b9577df1513dee051f872ec1ccb87ab4dc1ecf16d19a90e5df559323c6aefb","signature_hex":"158ed9f6e9d1741e6be944807f589dc76e557230ec9961ebdd5ab12556920e71a74b273b33e719e37891ecb69bf876af3f25695f102daefe3bfc9fd51d839508","public_key_hex":"c2f8243b0d573587f285c830a868acd19249d17d59ecbf9329e796dfed6fb630"}
{"seq":41,"ts":1779483600000,"agent_id":"regime","symbol":"BTCUSDT","side":"sell","price":75918.80823629997,"quantity":0.024994091831024228,"notional_usd":1897.52166476,"fee_usd":1.138512998856,"balance_before_usd":9858.016231332685,"balance_after_usd":9856.318056535652,"decision":"ALLOW","cert_hash":"a24eb9f22e91eca141b0e6d15d9f8e114220879e6beaee247b129138066c8059","prev_hash":"98b9577df1513dee051f872ec1ccb87ab4dc1ecf16d19a90e5df559323c6aefb","record_hash":"102686cc423c4aaff2b6fd63604fec1d9ac4fd910148a463aef52c5c6f924a8e","signature_hex":"c8a6a14856458c75c0cc47f7a9555f1786198272b84b2871c4d40aae9eb8370a40c2e55019c7a4bcd17fd970421242007116e109908b57055b35354c01111e00","public_key_hex":"c2f8243b0d573587f285c830a868acd19249d17d59ecbf9329e796dfed6fb630"}
{"seq":42,"ts":1779519600000,"agent_id":"regime","symbol":"BTCUSDT","side":"sell","price":74540.63259126,"quantity":0.026831003849496483,"notional_usd":2000.0,"fee_usd":1.2,"balance_before_usd":9856.32822729934,"balance_after_usd":9854.528087269333,"decision":"ALLOW_CAPPED","cert_hash":"62681c2f59f4fda5d8761871a89b88983851b2974e72eae71ed9af5e2f3faff5","prev_hash":"102686cc423c4aaff2b6fd63604fec1d9ac4fd910148a463aef52c5c6f924a8e","record_hash":"5548adabdc82e91ccf6202e999c197748f43c3cee005c9493c9f0ce6be6b31f3","signature_hex":"902a645c443e18b66e433b600935a24bfe62c2142ba7634f207d2d45837010c1c470a2e4a21b6f3a8dceb27ec815e6f0ab7ea7107012553aa4968e3029bee709","public_key_hex":"c2f8243b0d573587f285c830a868acd19249d17d59ecbf9329e796dfed6fb630"}
{"seq":43,"ts":1779523200000,"agent_id":"regime","symbol":"BTCUSDT","side":"sell","price":74621.60829288,"quantity":0.026801888162879886,"notional_usd":2000.0,"fee_usd":1.2,"balance_before_usd":9852.47237510366,"balance_after_usd":9850.672235073653,"decision":"ALLOW_CAPPED","cert_hash":"1be1d8c12e933aaa9295094bd1f2e45f6b26e7297c85ad1c59be07f7c5161219","prev_hash":"5548adabdc82e91ccf6202e999c197748f43c3cee005c9493c9f0ce6be6b31f3","record_hash":"a18b87cf3e532d11001049aed56bcdff56002669addba7287559c28cd2908427","signature_hex":"5a6c38855d46e9936faedc59785952af401825c1984076fc3705fa2d3aa529ad561998556f0d33d991a3248ed7433fa07ba21c4406a7a79bf8a385f43a37eb0c","public_key_hex":"c2f8243b0d573587f285c830a868acd19249d17d59ecbf9329e796dfed6fb630"}
{"seq":44,"ts":1779526800000,"agent_id":"regime","symbol":"BTCUSDT","side":"sell","price":74592.25655659044,"quantity":0.02559285267904034,"notional_usd":1909.02863305,"fee_usd":1.14541717983,"balance_before_usd":9852.265350845704,"balance_after_usd":9850.555779066155,"decision":"ALLOW","cert_hash":"6014894f440cc8f16259667e7c2df2647421afaaac5aa6cec4d2e4079109c4e5","prev_hash":"a18b87cf3e532d11001049aed56bcdff56002669addba7287559c28cd2908427","record_hash":"a85cec172a236dff775431badf8117ebf6bd6c43ec15438aaed52a0beda51482","signature_hex":"a1d9b60b1b90b43cb6e9f68af4675649e3582343993d3dfb1a90a9bd1296dfafdf202eb8d0a9b5676d3c3a3f36f8feb9abb4e649634556eccae3344712115809","public_key_hex":"c2f8243b0d573587f285c830a868acd19249d17d59ecbf9329e796dfed6fb630"}
{"seq":45,"ts":1779548400000,"agent_id":"regime","symbol":"BTCUSDT","side":"buy","price":75500.64490956,"quantity":0.026489839952966512,"notional_usd":2000.0,"fee_usd":1.2,"balance_before_usd":9782.122138189721,"balance_after_usd":9780.322278159727,"decision":"ALLOW_CAPPED","cert_hash":"4fb359ddfc9afcf200a674a7c4c80142fc7e691a2ab4c9eee005647ea3bc1329","prev_hash":"a85cec172a236dff775431badf8117ebf6bd6c43ec15438aaed52a0beda51482","record_hash":"0e3644dfe8fdf4ab553573f43343521dfaa5f6032c172916b1ad579651d1f520","signature_hex":"23d2b4d14657c94b8fe2e36ee3d802812df2b73d882e3139fe58930f09cd7c5edb7ad0eb2dd041d8c91f8dbe22fec5353a3c20d988b8d2a5d98fbf8a45b4bc08","public_key_hex":"c2f8243b0d573587f285c830a868acd19249d17d59ecbf9329e796dfed6fb630"}
{"seq":46,"ts":1779552000000,"agent_id":"regime","symbol":"BTCUSDT","side":"buy","price":75416.61970787999,"quantity":0.026519353529060753,"notional_usd":2000.0,"fee_usd":1.2,"balance_before_usd":9784.502192045127,"balance_after_usd":9782.702332015133,"decision":"ALLOW_CAPPED","cert_hash":"96266a3c4daa7aa24405cf08733239544e7e59b7d9262821e32114c46d3d5375","prev_hash":"0e3644dfe8fdf4ab553573f43343521dfaa5f6032c172916b1ad579651d1f520","record_hash":"8e1adff6472f47492035d65268b82d993b20ed19e9e4d74677f961c2de03490b","signature_hex":"3b26cebb99da200be69c76c62a8935f914d25b1842ecf181ca93bac6e057b5a2679ccad362b7a3d59fd9ec2d617c792717eef702ecc1b5bc4febcfb8898f400f","public_key_hex":"c2f8243b0d573587f285c830a868acd19249d17d59ecbf9329e796dfed6fb630"}
{"seq":47,"ts":1779555600000,"agent_id":"regime","symbol":"BTCUSDT","side":"buy","price":75466.75344220958,"quantity":0.026216083793044555,"notional_usd":1978.44273183,"fee_usd":1.187065639098,"balance_before_usd":9781.385891186843,"balance_after_usd":9779.607562616957,"decision":"ALLOW","cert_hash":"b57508bdbcdb017d8f2ffa1929e6cc7f7f85150d74863b3086c4b73177ecc1da","prev_hash":"8e1adff6472f47492035d65268b82d993b20ed19e9e4d74677f961c2de03490b","record_hash":"2e3bbcc4576a1e27a7519ffae10223cdd28147f2544490935c1866a96c53e4ab","signature_hex":"7ce9e4e883db6c7c520180c4004f3780e6fe95b5c5c74020b659f6ed6db2a6d86723898273e2713a177b1829cc28af07ca133b436b2939987727da6426061204","public_key_hex":"c2f8243b0d573587f285c830a868acd19249d17d59ecbf9329e796dfed6fb630"}
{"seq":48,"ts":1779570000000,"agent_id":"regime","symbol":"BTCUSDT","side":"sell","price":76743.871465338,"quantity":0.026060712885762043,"notional_usd":2000.0,"fee_usd":1.2,"balance_before_usd":9779.597196499053,"balance_after_usd":9777.797056469046,"decision":"ALLOW_CAPPED","cert_hash":"eca2bf80c532ec31892cab51112f3a6bf5c74c56ac12ead7f62d21f1970f7b53","prev_hash":"2e3bbcc4576a1e27a7519ffae10223cdd28147f2544490935c1866a96c53e4ab","record_hash":"27efc0c309f224d385a1a0fd5866a908f6cad826e32c5157e3a23c0dfc5df803","signature_hex":"d643de053aaab066cabdf98096705cdbab3f65da5c4b19f2e83b76ef45e9ee43268eb8de59219d569f2337696b01c7b406c4fc82287459a21eef345b6448d10a","public_key_hex":"c2f8243b0d573587f285c830a868acd19249d17d59ecbf9329e796dfed6fb630"}
{"seq":49,"ts":1779573600000,"agent_id":"regime","symbol":"BTCUSDT","side":"buy","price":76560.04433292853,"quantity":0.026060737473108518,"notional_usd":1995.21121629,"fee_usd":1.197126729774,"balance_before_usd":9783.787609253295,"balance_after_usd":9781.992536286576,"decision":"ALLOW","cert_hash":"823fd454697a8548d248166dd0aa66ffc96cfeb8272848441ab1b776160c4e39","prev_hash":"27efc0c309f224d385a1a0fd5866a908f6cad826e32c5157e3a23c0dfc5df803","record_hash":"0660710301dfe7e28f4155bd1bf38233a73b693f3c9a7494f2d196d98a9af93d","signature_hex":"4e896294412f4978e4fc5da5551c8f4c3bedbeffe5595d9b54c5815a466b4fe2c5e9fae0cc721b417ba23d40923584e7c5a91d1c4840456e755f03186ed78909","public_key_hex":"c2f8243b0d573587f285c830a868acd19249d17d59ecbf9329e796dfed6fb630"}
{"seq":50,"ts":1779681600000,"agent_id":"regime","symbol":"BTCUSDT","side":"sell","price":77322.097956906,"quantity":0.025865826883210825,"notional_usd":2000.0,"fee_usd":1.2,"balance_before_usd":9781.986125654617,"balance_after_usd":9780.185985624612,"decision":"ALLOW_CAPPED","cert_hash":"4a2497c224493de44c4be7d08c4cca06895c92242ee93ff575f827e0ab319192","prev_hash":"0660710301dfe7e28f4155bd1bf38233a73b693f3c9a7494f2d196d98a9af93d","record_hash":"e8a4263ed4fff38543685308ec23d8fe7149b35762fb93ce0ef0596f1b26b39f","signature_hex":"cafa8ae77b4a08526520c45e9f5ebf889ff03f3f166b3901f4d0b04b82d5f7b61fde4a667214faf4218c751410ccdddf51467542151cb5fc9eee47e25bf4c004","public_key_hex":"c2f8243b0d573587f285c830a868acd19249d17d59ecbf9329e796dfed6fb630"}
{"seq":51,"ts":1779685200000,"agent_id":"regime","symbol":"BTCUSDT","side":"buy","price":77381.20894715999,"quantity":0.025846068150288354,"notional_usd":2000.0,"fee_usd":1.2,"balance_before_usd":9779.85739040442,"balance_after_usd":9778.057530374426,"decision":"ALLOW_CAPPED","cert_hash":"1f4e91925ec4b66f734608fdee43743ec1a6d5f828d38503f2d0b6b41b93defa","prev_hash":"e8a4263ed4fff38543685308ec23d8fe7149b35762fb93ce0ef0596f1b26b39f","record_hash":"e23282c2903b9521431ededad66914864845742e5c6972e0b5562f0dacff8bce","signature_hex":"3d01c951a094ed90c90e9917cc14769c8899edf375a80feecac219246eced2c9f0ea50583c00c708848c01e07e26afd99ccf77cb746f82eb6d1e965617ee8303","public_key_hex":"c2f8243b0d573587f285c830a868acd19249d17d59ecbf9329e796dfed6fb630"}
{"seq":52,"ts":1779753600000,"agent_id":"regime","symbol":"BTCUSDT","side":"buy","price":76777.627915092,"quantity":0.026049254897686995,"notional_usd":2000.0,"fee_usd":1.2,"balance_before_usd":9778.073699563487,"balance_after_usd":9776.273839533493,"decision":"ALLOW_CAPPED","cert_hash":"fd98cdfa2d0df7cddaae9f23b74baa40432dff27f2e32989453c0fcdef1128fc","prev_hash":"e23282c2903b9521431ededad66914864845742e5c6972e0b5562f0dacff8bce","record_hash":"407fb9d11d2107b77d38616a84b0ae417b287513ae6c02875b8b54f9a3069feb","signature_hex":"0f8c4b507e420996841ba5b70b0ab6a5409bd79542f4d6d796a6af20f68e35cd5db8112531f1fb627c9e024378b1a3f5fcdb9311039d6bcddd6391f297e9bc04","public_key_hex":"c2f8243b0d573587f285c830a868acd19249d17d59ecbf9329e796dfed6fb630"}
{"seq":53,"ts":1779757200000,"agent_id":"regime","symbol":"BTCUSDT","side":"sell","price":76699.0985664525,"quantity":0.026029487353365376,"notional_usd":1996.43821615,"fee_usd":1.19786292969,"balance_before_usd":9775.428134814449,"balance_after_usd":9773.631556361126,"decision":"ALLOW","cert_hash":"31a4b944adb596482c9d8e3ecd58df6f7b6c2281dede87ef59f96b0a49931641","prev_hash":"407fb9d11d2107b77d38616a84b0ae417b287513ae6c02875b8b54f9a3069feb","record_hash":"16613ed5dc93d69c8897298a4a54628289e916cac2f8a4c0c05cf73b8d8948b1","signature_hex":"1442c8459c54220582b5918cac9957b5b9e21a9a1228eeeebf1865659ce39c1da19f36436b9c134b9eb05c2c81e4ffc2fffbd90b23961cc65efc48f61b2a3b09","public_key_hex":"c2f8243b0d573587f285c830a868acd19249d17d59ecbf9329e796dfed6fb630"}
{"seq":54,"ts":1779760800000,"agent_id":"regime","symbol":"BTCUSDT","side":"buy","price":76652.89050259799,"quantity":0.02609164490583971,"notional_usd":2000.0,"fee_usd":1.2,"balance_before_usd":9773.632275861388,"balance_after_usd":9771.832415831394,"decision":"ALLOW_CAPPED","cert_hash":"ed1f1accdb7f0843dda3d88e1120a9a6f3ad8cd730293271f87f846d055717d4","prev_hash":"16613ed5dc93d69c8897298a4a54628289e916cac2f8a4c0c05cf73b8d8948b1","record_hash":"30cbd5887800d9cb696e354edde79af1ac37d0c5c568aee80cf5e6b72d8255c4","signature_hex":"63218f8076cdc7da54c2a52fc22e0ec557677ab27167cd3f4ca21bfbc57df3c527ec4391765b71517bd3aa6caa0df1940be112d77abc54074986fd2d7f17790b","public_key_hex":"c2f8243b0d573587f285c830a868acd19249d17d59ecbf9329e796dfed6fb630"}
{"seq":55,"ts":1779764400000,"agent_id":"regime","symbol":"BTCUSDT","side":"sell","price":76606.4173516433,"quantity":0.02609166661397361,"notional_usd":1998.78910203,"fee_usd":1.199273461218,"balance_before_usd":9771.819373910786,"balance_after_usd":9770.02044485074,"decision":"ALLOW","cert_hash":"0a00780a64efd8162a527acd24c7edf3577a47144623761981a030353b296a9c","prev_hash":"30cbd5887800d9cb696e354edde79af1ac37d0c5c568aee80cf5e6b72d8255c4","record_hash":"a881be39e1df2738d94d9bc6efa0728e7bd1e46dbfebb084d496c8d14ea2f207","signature_hex":"9f638f20fe7b2a15ae09e1d31eaf34477946c8c3c0a285286394f3e16ef5f17c5741ef3cc299a6fa2d4bd05064780f774f0e637513b47424a7fb593caee8ed04","public_key_hex":"c2f8243b0d573587f285c830a868acd19249d17d59ecbf9329e796dfed6fb630"}
{"seq":56,"ts":1779937200000,"agent_id":"regime","symbol":"BTCUSDT","side":"sell","price":73210.931594658,"quantity":0.027318324687811164,"notional_usd":2000.0,"fee_usd":1.2,"balance_before_usd":9770.04724844678,"balance_after_usd":9768.247108416772,"decision":"ALLOW_CAPPED","cert_hash":"7a9e02522585c50f38502898827739c23f5f01b28c9695a6bd748a76b6bb0789","prev_hash":"a881be39e1df2738d94d9bc6efa0728e7bd1e46dbfebb084d496c8d14ea2f207","record_hash":"a1947fe61f7c9c610b8806be319a06533c081201feb0db12aec1d56c177a0503","signature_hex":"304121fbffb6c7672079c6535b3258d97b0d0e9c3d40cba736ba3f80959c662b3e44d77d7ba7f37a825b24312d3a175717fea2eb2b55fb1abcf0b67156618c0e","public_key_hex":"c2f8243b0d573587f285c830a868acd19249d17d59ecbf9329e796dfed6fb630"}
{"seq":57,"ts":1779940800000,"agent_id":"regime","symbol":"BTCUSDT","side":"sell","price":73129.55601303,"quantity":0.02734872340321123,"notional_usd":2000.0,"fee_usd":1.2,"balance_before_usd":9770.471457033806,"balance_after_usd":9768.671317003798,"decision":"ALLOW_CAPPED","cert_hash":"b7c66e4f3777b3607a4aef0306c732cba8f4bc6000debd48425f1c1e024d8d30","prev_hash":"a1947fe61f7c9c610b8806be319a06533c081201feb0db12aec1d56c177a0503","record_hash":"9117fbcfbf86ab1a07c280de2ea1acd0ee2839007ed2e2324e3c5d7e713baf28","signature_hex":"4c754f837ec1fb8e3cbcf0904b8820bcacb885cd65b794e413bf76789e1354fabff99a7dd1800ff9835fa9bc90e8a85f3dc1b1e62b2288fd761e6ff07dfbbf06","public_key_hex":"c2f8243b0d573587f285c830a868acd19249d17d59ecbf9329e796dfed6fb630"}
{"seq":58,"ts":1779944400000,"agent_id":"regime","symbol":"BTCUSDT","side":"sell","price":72939.75701939708,"quantity":0.025751404506468234,"notional_usd":1878.30118761,"fee_usd":1.126980712566,"balance_before_usd":9779.075945428875,"balance_after_usd":9777.396777848979,"decision":"ALLOW","cert_hash":"f995c0d3efc169addb12f97c55a7983cbb5a79ce0a03b87bc07125aff29f2884","prev_hash":"9117fbcfbf86ab1a07c280de2ea1acd0ee2839007ed2e2324e3c5d7e713baf28","record_hash":"a7798ad1b36f6948ce896f19fcadc3f33f0a873933f097b40f529e47ac899977","signature_hex":"85f1d1c938892a893fb700e510b2b31278dc5a8e156296b1bdfb2376ddcf5f4bb94a27214236182c9b3f244f51b0b88f17f858162de42844e262ffe6113e6606","public_key_hex":"c2f8243b0d573587f285c830a868acd19249d17d59ecbf9329e796dfed6fb630"}
{"seq":59,"ts":1780002000000,"agent_id":"regime","symbol":"BTCUSDT","side":"buy","price":73805.63652567,"quantity":0.027098201358976007,"notional_usd":2000.0,"fee_usd":1.2,"balance_before_usd":9712.371314226273,"balance_after_usd":9710.571454196277,"decision":"ALLOW_CAPPED","cert_hash":"0d69f9e5cb921611a49699710426f513e55db8be117e7774d618a3fae8e6ff74","prev_hash":"a7798ad1b36f6948ce896f19fcadc3f33f0a873933f097b40f529e47ac899977","record_hash":"743d36be20a1d58ddf2cc4fe86faf9fd84d88ab236ef3058a9841cfe587b78fa","signature_hex":"3b13f47196328db8e368a9a98f8256058b31770b6f427c49e5f6625649f14ed2046a4ab089a0b5908258a62453f9c324ff568b53ad6a78573cc6fe135e2f1a05","public_key_hex":"c2f8243b0d573587f285c830a868acd19249d17d59ecbf9329e796dfed6fb630"}
{"seq":60,"ts":1780005600000,"agent_id":"regime","symbol":"BTCUSDT","side":"buy","price":73462.0334688,"quantity":0.027224947439678734,"notional_usd":2000.0,"fee_usd":1.2,"balance_before_usd":9728.889648521128,"balance_after_usd":9727.089788491134,"decision":"ALLOW_CAPPED","cert_hash":"6fac966f1165aa59dc9c271477e090bcdb58a93bb8441680a0cee4e8ddb484b0","prev_hash":"743d36be20a1d58ddf2cc4fe86faf9fd84d88ab236ef3058a9841cfe587b78fa","record_hash":"924c849668f6bda8e41b78843a3d3fea1a4c3e55d383d7f7faf30f0db012b654","signature_hex":"5309e7d94675f428a5e5e8b6e7f1c8dfe7cfd24ac38d6ae3e0e3b79fa4098b7ee37abb7c345ab179d056e5330d3a3dc164a79f88778a01e1e7d77d3838ba9d02","public_key_hex":"c2f8243b0d573587f285c830a868acd19249d17d59ecbf9329e796dfed6fb630"}
{"seq":61,"ts":1780009200000,"agent_id":"regime","symbol":"BTCUSDT","side":"buy","price":73611.88754119523,"quantity":0.026095403230558294,"notional_usd":1920.93188795,"fee_usd":1.15255913277,"balance_before_usd":9723.171708798598,"balance_after_usd":9721.450594992935,"decision":"ALLOW","cert_hash":"d829fac65746ab61fafc13f1f1367784e58198ec6e9ee5edafffe29c5ac450e0","prev_hash":"924c849668f6bda8e41b78843a3d3fea1a4c3e55d383d7f7faf30f0db012b654","record_hash":"3867d57ccad8998a63a632b9a96a6641ba45e43ada2779d42026a6487d46fcc0","signature_hex":"0f1b319c415be35cb71c12931b27c7a7229e7be3ace617d340e53913e5da01d00c9408bec88a045a112cb381217beead63afc7fe4390f04ba84274d9307b220f","public_key_hex":"c2f8243b0d573587f285c830a868acd19249d17d59ecbf9329e796dfed6fb630"}
{"seq":62,"ts":1780160400000,"agent_id":"regime","symbol":"BTCUSDT","side":"sell","price":73952.8089795,"quantity":0.027044273606353583,"notional_usd":2000.0,"fee_usd":1.2,"balance_before_usd":9721.447732156357,"balance_after_usd":9719.647592126352,"decision":"ALLOW_CAPPED","cert_hash":"b764e82fc43be7e8902caae73abf0f0ea9a525b8e70fdf5c393f9ea0f1024534","prev_hash":"3867d57ccad8998a63a632b9a96a6641ba45e43ada2779d42026a6487d46fcc0","record_hash":"e2e702b8aa7c10ad2938a28b775d28de10c1a86ea572bbee23c83616725b9474","signature_hex":"97511755aef3aaccd7d9f41531b73e8a86ce8af3322cbdef46496946f2c449031d0454b01d7870cead969dbdd9bd9b5dbdce39a3fb876d82862239a21475d406","public_key_hex":"c2f8243b0d573587f285c830a868acd19249d17d59ecbf9329e796dfed6fb630"}
{"seq":63,"ts":1780164000000,"agent_id":"regime","symbol":"BTCUSDT","side":"sell","price":73974.30252993,"quantity":0.027036415776827364,"notional_usd":2000.0,"fee_usd":1.2,"balance_before_usd":9719.065974135527,"balance_after_usd":9717.26583410552,"decision":"ALLOW_CAPPED","cert_hash":"570a68530c7f26a93dece7c09cba594f3e9d19662a5316eb5baf78942d0efa8f","prev_hash":"e2e702b8aa7c10ad2938a28b775d28de10c1a86ea572bbee23c83616725b9474","record_hash":"a143fb638c2334516f3af30b98ff478056a23ba610047f5f7dcf9046137c88f3","signature_hex":"73ae7d8f944c409b6964c25b4cf0e57f80b1d5f3b5b920afa267e625213f071f5995a30e2e7ce20b4433a1dbd1822aec01ba0e12e27a856e8ec3509564833600","public_key_hex":"c2f8243b0d573587f285c830a868acd19249d17d59ecbf9329e796dfed6fb630"}
{"seq":64,"ts":1780167600000,"agent_id":"regime","symbol":"BTCUSDT","side":"buy","price":73988.491369326,"quantity":0.027031230979108135,"notional_usd":2000.0,"fee_usd":1.2,"balance_before_usd":9718.899304249091,"balance_after_usd":9717.099444219097,"decision":"ALLOW_CAPPED","cert_hash":"abee7b3fbe8017ecc379bfb12b498939f0199168d217468237ec867403a249ba","prev_hash":"a143fb638c2334516f3af30b98ff478056a23ba610047f5f7dcf9046137c88f3","record_hash":"73f07310c33961197708cf2e104e8ad3cd31734e69e5da5e7d97eb1ddc92d633","signature_hex":"bd58c7cbb1b00f6d200baa0df8f8517605fc2a58746b9a2c15e516e249d40df0d90d2bb57ddf2e8553fbd8cdd09fc013dcd1c65550f7292b13de58637786800b","public_key_hex":"c2f8243b0d573587f285c830a868acd19249d17d59ecbf9329e796dfed6fb630"}
{"seq":65,"ts":1780171200000,"agent_id":"regime","symbol":"BTCUSDT","side":"buy","price":73956.081648678,"quantity":0.027043076856083696,"notional_usd":2000.0,"fee_usd":1.2,"balance_before_usd":9717.976096992716,"balance_after_usd":9716.176236962721,"decision":"ALLOW_CAPPED","cert_hash":"39cd8722894a880e159469edacdb3dafdfa63814af2d7a53bddab887743df4c0","prev_hash":"73f07310c33961197708cf2e104e8ad3cd31734e69e5da5e7d97eb1ddc92d633","record_hash":"8543528b5967ccceb2b2aef81c4b51e4a42687c9222f9221148bcad6d6f7d9e4","signature_hex":"af2329e3423a850587cf4259bb6ea27f13b8ac398e1cd8b622441b681a24b3f76924eb2bd9da8622164349ac81abac9f87e4727e0d3954271f7f84ea585adf0c","public_key_hex":"c2f8243b0d573587f285c830a868acd19249d17d59ecbf9329e796dfed6fb630"}
{"seq":66,"ts":1780236000000,"agent_id":"regime","symbol":"BTCUSDT","side":"buy","price":73596.873911496,"quantity":0.02717506727806268,"notional_usd":2000.0,"fee_usd":1.2,"balance_before_usd":9716.181225764343,"balance_after_usd":9714.38136573435,"decision":"ALLOW_CAPPED","cert_hash":"68c2cfcefb3e1520678143e3d944fa2512643010cb216cddca78c395f88118e1","prev_hash":"8543528b5967ccceb2b2aef81c4b51e4a42687c9222f9221148bcad6d6f7d9e4","record_hash":"0e6d220a14d7708f943425c453f84365e1e073712718d72cd139f98e45782adf","signature_hex":"ecbcf87e223aeee4b94b562b937cd5c9761fd2c992fc585ec3db6ed25753e8cef91808239bcfd63600035e14f97352b745a5d99dca9a37a20a9989c44318b405","public_key_hex":"c2f8243b0d573587f285c830a868acd19249d17d59ecbf9329e796dfed6fb630"}
{"seq":67,"ts":1780239600000,"agent_id":"regime","symbol":"BTCUSDT","side":"buy","price":73655.49149266799,"quantity":0.027153440422009664,"notional_usd":2000.0,"fee_usd":1.2,"balance_before_usd":9715.972997976474,"balance_after_usd":9714.17313794648,"decision":"ALLOW_CAPPED","cert_hash":"6dc37f1c2f9ff97b295ed4b50db30d258e0d30f9ccfec69fb5174999c746cf26","prev_hash":"0e6d220a14d7708f943425c453f84365e1e073712718d72cd139f98e45782adf","record_hash":"0d759245dfc30cf28debf9fb24407506097f840a5d4da69ed175257d4339f2c7","signature_hex":"93e46843d61129f3bd3cc37cc837040b52d86691708d921a91c4700c6cc7f0a51292f23dd9f4b3603ecf6cbef65e440846db3c4f9527886d4ce3e0371a632707","public_key_hex":"c2f8243b0d573587f285c830a868acd19249d17d59ecbf9329e796dfed6fb630"}
{"seq":68,"ts":1780243200000,"agent_id":"regime","symbol":"BTCUSDT","side":"buy","price":73527.83482729552,"quantity":0.024911859170644556,"notional_usd":1831.71506634,"fee_usd":1.0990290398040001,"balance_before_usd":9706.95182018487,"balance_after_usd":9705.318809746135,"decision":"ALLOW","cert_hash":"f041dc3ec7f77b26cda9a1feda4ca893930e7edde1912a1f87e9e8a679ddaad9","prev_hash":"0d759245dfc30cf28debf9fb24407506097f840a5d4da69ed175257d4339f2c7","record_hash":"e81abd1cb8266fb6acb7cb89108912cfd69cb8e429573f7d3d49d53409d3b6ae","signature_hex":"fafce003eb5c25c96763d9a917d673f8424753aba26a63116cacab12a1e5249f2f334a482c13ddc6c32ac1605ff4736f07718f5eedddc45efa369e4c32f4f809","public_key_hex":"c2f8243b0d573587f285c830a868acd19249d17d59ecbf9329e796dfed6fb630"}
{"seq":69,"ts":1780246800000,"agent_id":"regime","symbol":"BTCUSDT","side":"sell","price":73663.995643722,"quantity":0.02715030568899706,"notional_usd":2000.0,"fee_usd":1.2,"balance_before_usd":9719.555768552382,"balance_after_usd":9717.755628522375,"decision":"ALLOW_CAPPED","cert_hash":"43f7c301f19ab97df5bf3e6f20eb3bbd899b5d056d4338f54e7c573cb57b96de","prev_hash":"e81abd1cb8266fb6acb7cb89108912cfd69cb8e429573f7d3d49d53409d3b6ae","record_hash":"ff6a3df89544ca8d6f3c19b16b2aadcc767266bde9ff1c1b1ad299c9f11775ad","signature_hex":"9165cf7890246c71159a00b2db2a194c33dd04123dd1197fbb78e953b9e2ae29e4aca8b24ff007e089187b061835a3c891f5261ece8703fe719529034808c100","public_key_hex":"c2f8243b0d573587f285c830a868acd19249d17d59ecbf9329e796dfed6fb630"}
{"seq":70,"ts":1780250400000,"agent_id":"regime","symbol":"BTCUSDT","side":"sell","price":73559.027141622,"quantity":0.027189049090459452,"notional_usd":2000.0,"fee_usd":1.2,"balance_before_usd":9712.287653387355,"balance_after_usd":9710.48751335735,"decision":"ALLOW_CAPPED","cert_hash":"ebe65b5138ea9f35053fa816995275939231f5b52eeb91890e477a69db67df36","prev_hash":"ff6a3df89544ca8d6f3c19b16b2aadcc767266bde9ff1c1b1ad299c9f11775ad","record_hash":"f2cec09f6b7660d44619724d5a81ca3842f9caced93ff97c97073c63ca4fc1de","signature_hex":"5a41dd29170eb7379a258974367514dc7336f366120391435f7037ecee5ad9758bf61d589bdace3b287ccc9919ccbc420fd0205d68896b511cc30dab7f4f860e","public_key_hex":"c2f8243b0d573587f285c830a868acd19249d17d59ecbf9329e796dfed6fb630"}
{"seq":71,"ts":1780254000000,"agent_id":"regime","symbol":"BTCUSDT","side":"buy","price":73550.660050572,"quantity":0.027192142104840923,"notional_usd":2000.0,"fee_usd":1.2,"balance_before_usd":9709.180950867089,"balance_after_usd":9707.381090837096,"decision":"ALLOW_CAPPED","cert_hash":"1a45beecfc70a78843eeadcbb5e6ccc105d3f6fb73b314b86162e7328354fd4e","prev_hash":"f2cec09f6b7660d44619724d5a81ca3842f9caced93ff97c97073c63ca4fc1de","record_hash":"9bebbd5674efe477c85f1e7c1a0d1c6b29308b0714017b1018ec9bfca005428e","signature_hex":"d56091b74477376d6834b724c74ef9eee879ece805942fdef8ceba8316f702e0eaae2bfe99a71bfaf9cbd5d478134ca917d47e1522cfd1b47dc4237c7ebcf40e","public_key_hex":"c2f8243b0d573587f285c830a868acd19249d17d59ecbf9329e796dfed6fb630"}
{"seq":72,"ts":1780257600000,"agent_id":"regime","symbol":"BTCUSDT","side":"sell","price":73693.686734316,"quantity":0.027139366866126478,"notional_usd":2000.0,"fee_usd":1.2,"balance_before_usd":9717.130288375822,"balance_after_usd":9715.330148345816,"decision":"ALLOW_CAPPED","cert_hash":"7365a0ed3ebb343fbfff2468b1dbcacfcd73bed2e3e79aab168dbe5b35cad914","prev_hash":"9bebbd5674efe477c85f1e7c1a0d1c6b29308b0714017b1018ec9bfca005428e","record_hash":"9be71a8c82df5861d91bc09c6b0a9077ab2dd49d67f4a6537397d0efceab8e48","signature_hex":"7317682c4f42bd24c702b114d21a985c9bc90d4c0b234c9c1e2caa18abe7c3126d382286f6a98e96c5f8fa965ec7cbd7c6c6961c1759904dcd98b3a144b4f204","public_key_hex":"c2f8243b0d573587f285c830a868acd19249d17d59ecbf9329e796dfed6fb630"}
{"seq":73,"ts":1780261200000,"agent_id":"regime","symbol":"BTCUSDT","side":"sell","price":73843.42482668973,"quantity":0.0249469665561093,"notional_usd":1842.16944954,"fee_usd":1.1053016697240001,"balance_before_usd":9719.05114857423,"balance_after_usd":9717.407611777491,"decision":"ALLOW","cert_hash":"0c472ba86406794dbf77a3c1ecd03b0fe4c1673a2079d4f172403e3642334199","prev_hash":"9be71a8c82df5861d91bc09c6b0a9077ab2dd49d67f4a6537397d0efceab8e48","record_hash":"496badf16bd3ac5a1d515e2e97375e46f91dbcddc9687599c215049e62dfd0b6","signature_hex":"e5484c0606eef8b605de04d4a7f71ad415bcbce165abe9f246754320fc50e6ef52ebd0544f7dfef4eb999c89b879ed8f06534aaaec9d00f760af7ea9740cf002","public_key_hex":"c2f8243b0d573587f285c830a868acd19249d17d59ecbf9329e796dfed6fb630"}
{"seq":74,"ts":1780326000000,"agent_id":"regime","symbol":"BTCUSDT","side":"sell","price":71107.16287257,"quantity":0.02812656164589449,"notional_usd":2000.0,"fee_usd":1.2,"balance_before_usd":9717.427652945633,"balance_after_usd":9715.627512915627,"decision":"ALLOW_CAPPED","cert_hash":"490559ff2748945623bb34b0613a0b44a13d09a353632a70b93339fce75d8ebb","prev_hash":"496badf16bd3ac5a1d515e2e97375e46f91dbcddc9687599c215049e62dfd0b6","record_hash":"4853e02383365040d1fc7c0e20dd1206761bd6cc720e0ab16609128ce60deafb","signature_hex":"1527b1c863c3f2396bab68af450f346ce6c7a31df1a249299cb47d788aa5cbd29176f794026c74efea58fa3d1fd0eb13c8c722717cd406e7500cbbdd60078503","public_key_hex":"c2f8243b0d573587f285c830a868acd19249d17d59ecbf9329e796dfed6fb630"}
{"seq":75,"ts":1780329600000,"agent_id":"regime","symbol":"BTCUSDT","side":"sell","price":71528.83634100601,"quantity":0.027960751248142998,"notional_usd":2000.0,"fee_usd":1.2,"balance_before_usd":9703.961954195256,"balance_after_usd":9702.16181416525,"decision":"ALLOW_CAPPED","cert_hash":"d9f688deb2d24cf8cfc8b27ce5134e5a9e721a93c362699959f90b05b776ca07","prev_hash":"4853e02383365040d1fc7c0e20dd1206761bd6cc720e0ab16609128ce60deafb","record_hash":"212be118611e336b63c629c59454de838eed0eb389b5f9dd048cc0902abcf7ea","signature_hex":"ecf35bd87f5426a0fea18f61dd06aadd9048d812a9c1404a6252c28dbbfddf54c39ac0f29d4c8af5591c0d285bbf59a08afa3fe127512488805499b5f98aa907","public_key_hex":"c2f8243b0d573587f285c830a868acd19249d17d59ecbf9329e796dfed6fb630"}
{"seq":76,"ts":1780333200000,"agent_id":"regime","symbol":"BTCUSDT","side":"sell","price":71604.22650409442,"quantity":0.025152247536352007,"notional_usd":1801.00722968,"fee_usd":1.080604337808,"balance_before_usd":9697.971547572513,"balance_after_usd":9696.36844312349,"decision":"ALLOW","cert_hash":"6d7eae60b42e4ade5935a8cf22a16206dfab4ded4eceab1752ba38c8849a4d4a","prev_hash":"212be118611e336b63c629c59454de838eed0eb389b5f9dd048cc0902abcf7ea","record_hash":"d114417d6ab9f911f6e4fbe0a8d4adf75bc31f6c06f9d00db418909256229ac3","signature_hex":"2ea18fe09de66f1cedf6e63c06daecec67d38290cf2cb1d8a61c89f06ab5ee36a0a48f1aa450c528e5e7e1f33fa569ba605594e7855904e189d5148c6eb1240c","public_key_hex":"c2f8243b0d573587f285c830a868acd19249d17d59ecbf9329e796dfed6fb630"}
{"seq":77,"ts":1780380000000,"agent_id":"regime","symbol":"BTCUSDT","side":"sell","price":70077.28795014872,"quantity":0.0028275260275619656,"notional_usd":198.14535562,"fee_usd":0.11888721337199999,"balance_before_usd":9821.498945927982,"balance_after_usd":9821.338460010735,"decision":"ALLOW","cert_hash":"f4459374be4e1ba7ab7a0dbae9b35a42cb25488d5cb25766653756fc7f57401d","prev_hash":"d114417d6ab9f911f6e4fbe0a8d4adf75bc31f6c06f9d00db418909256229ac3","record_hash":"6e4a5bc0abe64d7fac9bc18bd80d585d522949aaa9e6b04a9cf7c49d490fbeff","signature_hex":"9e7555fce8eea6ce1e188122580e4d0a4f8430f904dbb0f3e10063f78fe7a0d3c49524c3e9ccdc9e51841df72955b4a9cddd159d4a473f578ebd826c7084260c","public_key_hex":"c2f8243b0d573587f285c830a868acd19249d17d59ecbf9329e796dfed6fb630"}
{"seq":78,"ts":1780408800000,"agent_id":"regime","symbol":"BTCUSDT","side":"sell","price":67981.94238932632,"quantity":0.004149613684240532,"notional_usd":282.09879842,"fee_usd":0.169259279052,"balance_before_usd":9998.103192733492,"balance_after_usd":9997.873524993978,"decision":"ALLOW","cert_hash":"142782ac7058e1d990f296b5121deef74aa8b50d809fa2356f5518457ed6c0f4","prev_hash":"6e4a5bc0abe64d7fac9bc18bd80d585d522949aaa9e6b04a9cf7c49d490fbeff","record_hash":"b5c4524b9ecc016e4c44667f74d14c56c2288c4954cce2c88032af4c6355d539","signature_hex":"20cfd657d04263466818eb846811f1997646da71403dc39a533995e4d368d93b70b6326de1e8417e214dba06952b4221051ed117dcf70ebe4fd0ba690f948305","public_key_hex":"c2f8243b0d573587f285c830a868acd19249d17d59ecbf9329e796dfed6fb630"}
{"seq":79,"ts":1780437600000,"agent_id":"regime","symbol":"BTCUSDT","side":"sell","price":66345.86171177146,"quantity":0.003484442297159629,"notional_usd":231.17832679,"fee_usd":0.138706996074,"balance_before_usd":10142.85545660822,"balance_after_usd":10142.667834006861,"decision":"ALLOW","cert_hash":"83069a69bf8697fc6174f93d61cd3d3633fa6128f458af1d31fead68082464b3","prev_hash":"b5c4524b9ecc016e4c44667f74d14c56c2288c4954cce2c88032af4c6355d539","record_hash":"dcb27291cda3f6c35dc465944ba9db5eae29c97dda2a9230b44ec7e3e17613fb","signature_hex":"6f119e52471e18ecec8193bfbbb8c0460b47f45b0158c28f71e1ea8813f3e3393d3a1bc2f423cad78dc2012d23b5e48fd78b5ce0c8aa79bd140bce8990c7460a","public_key_hex":"c2f8243b0d573587f285c830a868acd19249d17d59ecbf9329e796dfed6fb630"}
{"seq":80,"ts":1780524000000,"agent_id":"regime","symbol":"BTCUSDT","side":"sell","price":64874.52077378421,"quantity":0.003336691609866566,"notional_usd":216.46626916,"fee_usd":0.129879761496,"balance_before_usd":10278.7686058349,"balance_after_usd":10278.593082714064,"decision":"ALLOW","cert_hash":"04794ef69ec02eeeaca2456e9ee5bfdaab7c7d882b41c2652b87fb6390620bd0","prev_hash":"dcb27291cda3f6c35dc465944ba9db5eae29c97dda2a9230b44ec7e3e17613fb","record_hash":"34663b794a86e60bc772280380ad9d72353600692aab311f22a3d7873ccc6ed4","signature_hex":"8c629d18d4187032702d06fd62c17543466f2260867c999210ba4010dc223d7a3e3e04d5e09007c1c2839f6828d9acddfedd27326e92f021f65b90092c50340e","public_key_hex":"c2f8243b0d573587f285c830a868acd19249d17d59ecbf9329e796dfed6fb630"}
{"seq":81,"ts":1780531200000,"agent_id":"regime","symbol":"BTCUSDT","side":"sell","price":63302.38010253382,"quantity":0.0037796339878920777,"notional_usd":239.25982735,"fee_usd":0.14355589641,"balance_before_usd":10428.529477131178,"balance_after_usd":10428.33519893419,"decision":"ALLOW","cert_hash":"43e94be613cf65f3cd88d8842a1de306e2983fc734d31301c0aab27de589f1cf","prev_hash":"34663b794a86e60bc772280380ad9d72353600692aab311f22a3d7873ccc6ed4","record_hash":"1588e4e3caf73053cade74748bffc313e17b2ed3a0837d626dc74111988020a0","signature_hex":"db84fda88109a04cc9e27d63beacb54910034085fe6441f8539f6d00428cb97c8dd5ef6f8a33b744c323c9b77b9513ff7248ea125391ea016f6a2bfc9fc54704","public_key_hex":"c2f8243b0d573587f285c830a868acd19249d17d59ecbf9329e796dfed6fb630"}
{"seq":82,"ts":1780639200000,"agent_id":"regime","symbol":"BTCUSDT","side":"sell","price":61904.83332418944,"quantity":0.0035678595637813545,"notional_usd":220.86775162,"fee_usd":0.132520650972,"balance_before_usd":10566.481725827813,"balance_after_usd":10566.302585112586,"decision":"ALLOW","cert_hash":"4f854afa0ef81e2fedc6f9872f772e2cfbf9426ef09eda157ded7911c64fcb44","prev_hash":"1588e4e3caf73053cade74748bffc313e17b2ed3a0837d626dc74111988020a0","record_hash":"e8ad39be9353e46c56e3c1222442175bb5f1bf982aff343803ec9301f07ef5bd","signature_hex":"731038cb51e3713666d815104a733c9e97c37a055ecd4fbde3e47375d861f9bdbfd4d22982fee62910fdd4ab79b54f1e7f645c14ac38a73277a65128e3d01a03","public_key_hex":"c2f8243b0d573587f285c830a868acd19249d17d59ecbf9329e796dfed6fb630"}
{"seq":83,"ts":1780671600000,"agent_id":"regime","symbol":"BTCUSDT","side":"sell","price":60392.471214429665,"quantity":0.004103066145284582,"notional_usd":247.79430407,"fee_usd":0.14867658244200002,"balance_before_usd":10721.418151968443,"balance_after_usd":10721.216838030245,"decision":"ALLOW","cert_hash":"ca88f2b1d4a21b7694afdc5f351934b036a001b585d0fefc2b2fadd3017428d6","prev_hash":"e8ad39be9353e46c56e3c1222442175bb5f1bf982aff343803ec9301f07ef5bd","record_hash":"2098de0d8980a3d6b8493f19688f4a89f4383ae58f1b40a0d43d9c6584668562","signature_hex":"79b28afb494206277fb8da3e36c9a4ec42541815acfb011e8b7b23a29f0285d2d6ffbd6fe6a5ccc801a5548763f3ee76cd8cc88e1bd8ecdb69733c1cfaade50b","public_key_hex":"c2f8243b0d573587f285c830a868acd19249d17d59ecbf9329e796dfed6fb630"}
{"seq":84,"ts":1780794000000,"agent_id":"regime","symbol":"BTCUSDT","side":"buy","price":61463.834848908,"quantity":0.03253946007300801,"notional_usd":2000.0,"fee_usd":1.2,"balance_before_usd":10610.393335653724,"balance_after_usd":10608.59347562373,"decision":"ALLOW_CAPPED","cert_hash":"4a74159998c8ca3ccacf52a88fcd9423d88a447fb383e50ee02043616440631f","prev_hash":"2098de0d8980a3d6b8493f19688f4a89f4383ae58f1b40a0d43d9c6584668562","record_hash":"dc38f56808862504792ea08eb1cf6b696aed9cf9a10807f89f86accabd5e2dc1","signature_hex":"3e460ae7b6bc75f405f44cdb8908d8fd869facdcf8a8c36701d2b7a77b7618387dbd7c11a01002903470d73b236b31059bb930334a092edac1d5e81586043005","public_key_hex":"c2f8243b0d573587f285c830a868acd19249d17d59ecbf9329e796dfed6fb630"}
{"seq":85,"ts":1780797600000,"agent_id":"regime","symbol":"BTCUSDT","side":"buy","price":61484.841149328,"quantity":0.03252834296412359,"notional_usd":2000.0,"fee_usd":1.2,"balance_before_usd":10607.04039499503,"balance_after_usd":10605.240534965036,"decision":"ALLOW_CAPPED","cert_hash":"db4a92a7714066e7ca2cde76f18691e718de44d6f6d2c70a24c01bcd290873fe","prev_hash":"dc38f56808862504792ea08eb1cf6b696aed9cf9a10807f89f86accabd5e2dc1","record_hash":"ca6a1e74f555fc9f3af1d660d7f0ecbfd4f9c6aabb8fc2a06519d3447e241dc8","signature_hex":"9c3f5d010b2669ab392606516b705a78a80b8b6d1f440fbed49b8c8f491a37c3332037cda02b34afd73fc79c42891367d49974bff8ecac1ae315598389f18c09","public_key_hex":"c2f8243b0d573587f285c830a868acd19249d17d59ecbf9329e796dfed6fb630"}
{"seq":86,"ts":1780801200000,"agent_id":"regime","symbol":"BTCUSDT","side":"buy","price":61684.50103332,"quantity":0.03242305549200542,"notional_usd":2000.0,"fee_usd":1.2,"balance_before_usd":10596.971530626006,"balance_after_usd":10595.171670596012,"decision":"ALLOW_CAPPED","cert_hash":"1ee75a899ce5abbcdacaa057bd8a9cecccfe232b5bdde3cbfce8c37193bd18de","prev_hash":"ca6a1e74f555fc9f3af1d660d7f0ecbfd4f9c6aabb8fc2a06519d3447e241dc8","record_hash":"325afa70a6a93cf26209b5d2adfb73b53722bf39bc2b1b55b22e666572d6e04a","signature_hex":"0eaeb3779781a596bb77da676ddd5bd6ab2db93f28683b25b9f8b282903fc86135fc54886ce858a305933432047f66a23a0d65c7b6a6422741e13188b2c7da0b","public_key_hex":"c2f8243b0d573587f285c830a868acd19249d17d59ecbf9329e796dfed6fb630"}
{"seq":87,"ts":1780804800000,"agent_id":"regime","symbol":"BTCUSDT","side":"buy","price":61865.093408873436,"quantity":0.00900277058096407,"notional_usd":556.95724293,"fee_usd":0.334174345758,"balance_before_usd":10593.505778533774,"balance_after_usd":10593.044724461224,"decision":"ALLOW","cert_hash":"8929308e4c535605a55999f933929e2949813d4182da29c79ebda70a8f087bc8","prev_hash":"325afa70a6a93cf26209b5d2adfb73b53722bf39bc2b1b55b22e666572d6e04a","record_hash":"3f5650f92263b2d45c826d8e80dbea49e1cb978bdf767f945b12c249895602b7","signature_hex":"a9b177f433ed7f63af9e8b3d6052663e6fbd591b5f78c192f4a74f7a008a2f1bcd60fb8a22294f29ff062cf46507ee80dbb06a2bb1a00177c9dea7782d589e04","public_key_hex":"c2f8243b0d573587f285c830a868acd19249d17d59ecbf9329e796dfed6fb630"}
{"seq":88,"ts":1780812000000,"agent_id":"regime","symbol":"BTCUSDT","side":"sell","price":62049.180901356005,"quantity":0.03223249639958249,"notional_usd":2000.0,"fee_usd":1.2,"balance_before_usd":10593.044279722673,"balance_after_usd":10591.244139692666,"decision":"ALLOW_CAPPED","cert_hash":"f29b8ec109c0cec382d679cf59d068fb8eb5d5b7f5ee01439ee454cccedea824","prev_hash":"3f5650f92263b2d45c826d8e80dbea49e1cb978bdf767f945b12c249895602b7","record_hash":"f2865247a64daa71d56dcdee9f6ef565a9fe892bb71b35cc54b5020d5d8aee81","signature_hex":"07691924ca209ff56a65c622c9606ceb62bf6b7f9de1a899dd4f21c6b0c4820ac61882b4bfb6aa46ca8fbbff99baac7ddd5e8f35f01dd4f5ddad0df46712c00a","public_key_hex":"c2f8243b0d573587f285c830a868acd19249d17d59ecbf9329e796dfed6fb630"}
{"seq":89,"ts":1780815600000,"agent_id":"regime","symbol":"BTCUSDT","side":"sell","price":62341.2932472,"quantity":0.03208146472145616,"notional_usd":2000.0,"fee_usd":1.2,"balance_before_usd":10581.825204832327,"balance_after_usd":10580.025064802318,"decision":"ALLOW_CAPPED","cert_hash":"345913dbe8f47930a2f282b924bf06b952d06e819e477dbdd294837388ef4640","prev_hash":"f2865247a64daa71d56dcdee9f6ef565a9fe892bb71b35cc54b5020d5d8aee81","record_hash":"16ef397699657945122a941c7fb7898402754e8b7d1aa1ad76b329567cfa7cea","signature_hex":"dd4d950ca9704cf16d60d85e30e6bcc1a7b8ddb707b3a63a32b39fb2a65755d0e4c5ea41829e9edcd232eaa2adba3310d3306414d41288c7becb093c55c86704","public_key_hex":"c2f8243b0d573587f285c830a868acd19249d17d59ecbf9329e796dfed6fb630"}
{"seq":90,"ts":1780819200000,"agent_id":"regime","symbol":"BTCUSDT","side":"sell","price":62794.757176271996,"quantity":0.03184979272052559,"notional_usd":2000.0,"fee_usd":1.2,"balance_before_usd":10550.57256703367,"balance_after_usd":10548.772427003662,"decision":"ALLOW_CAPPED","cert_hash":"b7b48adb0571c8e5335e37d9fecae83ba44647ac970563b3c3bbadf0c6477130","prev_hash":"16ef397699657945122a941c7fb7898402754e8b7d1aa1ad76b329567cfa7cea","record_hash":"149f39905d98ab3da62b090abe3a0d66e32123975d16c21bf54983000101b48a","signature_hex":"5dd6ce62c28eb38f812e4303c53ac4076a704cbaa55fe1b54bdf4c571b37e5390e89d73698dfe61d00be834bb60b2af18216b1f97f8e89bb422b84260feafd02","public_key_hex":"c2f8243b0d573587f285c830a868acd19249d17d59ecbf9329e796dfed6fb630"}
{"seq":91,"ts":1780822800000,"agent_id":"regime","symbol":"BTCUSDT","side":"sell","price":62486.347593954444,"quantity":0.005393347306357938,"notional_usd":337.01057448,"fee_usd":0.202206344688,"balance_before_usd":10578.93964010075,"balance_after_usd":10578.664340923418,"decision":"ALLOW","cert_hash":"c966f282bdea0e22c283af14207ce12136740f517888efe99f246afb2e9c7daf","prev_hash":"149f39905d98ab3da62b090abe3a0d66e32123975d16c21bf54983000101b48a","record_hash":"a37ae5361b49c51653e959e4f7fe11ea3dc5a905a9994a780a1b1af8eed9141e","signature_hex":"f8c4dc7f1d4e74d491f0d9a0ee86f5a5efe4035a9b4440dc65a4818766f723b5988af7308b0a67a141076a6baea292ebd0138984f18e4dc845544ed69b2c9507","public_key_hex":"c2f8243b0d573587f285c830a868acd19249d17d59ecbf9329e796dfed6fb630"}
{"seq":92,"ts":1780826400000,"agent_id":"regime","symbol":"BTCUSDT","side":"buy","price":62358.003036786,"quantity":0.032072867997715825,"notional_usd":2000.0,"fee_usd":1.2,"balance_before_usd":10594.974740818932,"balance_after_usd":10593.17488078894,"decision":"ALLOW_CAPPED","cert_hash":"7442e678366ebb5d98c9ab42a04229c1083b865235c506281f4ac92428dc4a01","prev_hash":"a37ae5361b49c51653e959e4f7fe11ea3dc5a905a9994a780a1b1af8eed9141e","record_hash":"562020e63842f1119a5d618dcbf9105ebf018e4e31326a2895714a50b655d1ad","signature_hex":"23008c50d7712b31edeba06b8882b0d0475a94d7e2d5811aa26ede6b99bd1cce9378ab4565a0f5be1bdc79a1f6610986de01fed2218b61e3bf5dcd2d58156f08","public_key_hex":"c2f8243b0d573587f285c830a868acd19249d17d59ecbf9329e796dfed6fb630"}
{"seq":93,"ts":1780830000000,"agent_id":"regime","symbol":"BTCUSDT","side":"buy","price":62614.079841905994,"quantity":0.03194169753911246,"notional_usd":2000.0,"fee_usd":1.2,"balance_before_usd":10575.386391949954,"balance_after_usd":10573.58653191996,"decision":"ALLOW_CAPPED","cert_hash":"3202f4ce7d313a5afb907f48d2d60e250f2d924103a9899928e1074ec359d423","prev_hash":"562020e63842f1119a5d618dcbf9105ebf018e4e31326a2895714a50b655d1ad","record_hash":"e9464e935be24e45601c44eec117175ff22bf8195f72b27a405835bc655d2a94","signature_hex":"af04729097935bdde7bfc93f3aed022007a9e38d1510cd22e1bba1aa62e5549a7d8029ad3b1cccdfb52df911deca2ba19552f52f9a1f3aa0c530fd4c9c97fe04","public_key_hex":"c2f8243b0d573587f285c830a868acd19249d17d59ecbf9329e796dfed6fb630"}
{"seq":94,"ts":1780833600000,"agent_id":"regime","symbol":"BTCUSDT","side":"buy","price":61890.362777436,"quantity":0.03231520886688291,"notional_usd":2000.0,"fee_usd":1.2,"balance_before_usd":10600.750040605903,"balance_after_usd":10598.950180575908,"decision":"ALLOW_CAPPED","cert_hash":"dfb2619a128543044c7bbe5c67abba37248ac195ae2100eb06b9e83e19f7ef66","prev_hash":"e9464e935be24e45601c44eec117175ff22bf8195f72b27a405835bc655d2a94","record_hash":"a7318627e2cb29ef78118f4a5dc66117bdd55a7c33f7436d56a0937d2dee4c79","signature_hex":"1891a3842d3eeb1a4b46b63cec0b799392c26383c9f2a74f871ed1e6321f5544d95369cfcbb04cfae52b5f9f820d8d55d8b5fd791fc1d85d1f9ae25d224dee09","public_key_hex":"c2f8243b0d573587f285c830a868acd19249d17d59ecbf9329e796dfed6fb630"}
{"seq":95,"ts":1780837200000,"agent_id":"regime","symbol":"BTCUSDT","side":"buy","price":61695.33191897407,"quantity":0.005228248090205976,"notional_usd":322.55850128,"fee_usd":0.19353510076799998,"balance_before_usd":10599.94271654333,"balance_after_usd":10599.679478862645,"decision":"ALLOW","cert_hash":"b3dad4d6f05529173505efaf053368b44f4c91ab4c12ef73e649d86f64e7c200","prev_hash":"a7318627e2cb29ef78118f4a5dc66117bdd55a7c33f7436d56a0937d2dee4c79","record_hash":"900ccb1fc40c21fd207e0df82393ae4354a9d888dd4224c0917878b22002f139","signature_hex":"107f2e973784ec7be4014e821ae73033b349e2a50e07864d951bae184fdb4267ace950bf2c7277b777f00ac6f440621f6732dd3d61264a1b294c52c203fce106","public_key_hex":"c2f8243b0d573587f285c830a868acd19249d17d59ecbf9329e796dfed6fb630"}
{"seq":96,"ts":1780920000000,"agent_id":"regime","symbol":"BTCUSDT","side":"buy","price":63858.753156791994,"quantity":0.03131912073336936,"notional_usd":2000.0,"fee_usd":1.2,"balance_before_usd":10599.677046521718,"balance_after_usd":10597.877186491723,"decision":"ALLOW_CAPPED","cert_hash":"b76b5f09cf3ff6b9e0989f62421aea85ae27b1f27205d4e81132440827be8170","prev_hash":"900ccb1fc40c21fd207e0df82393ae4354a9d888dd4224c0917878b22002f139","record_hash":"fc552e2017286b1d655aa5be2ef4968a10adadae7ee7da4ac82a4ce160494388","signature_hex":"d13e3bbdf16d1329656997ba34c58ed06011d0136bb887204e68bfd14fe787239fff415641a93b1080d07444fac8b4d9785db292b08084a447a20b3040e23503","public_key_hex":"c2f8243b0d573587f285c830a868acd19249d17d59ecbf9329e796dfed6fb630"}
{"seq":97,"ts":1780923600000,"agent_id":"regime","symbol":"BTCUSDT","side":"buy","price":63742.81838447399,"quantity":0.03137608362304773,"notional_usd":2000.0,"fee_usd":1.2,"balance_before_usd":10594.247431369327,"balance_after_usd":10592.447571339335,"decision":"ALLOW_CAPPED","cert_hash":"e07d848a3ef4153ad6ff72fa0fdf5fb2f7c5336982c19232f8e68317d288074f","prev_hash":"fc552e2017286b1d655aa5be2ef4968a10adadae7ee7da4ac82a4ce160494388","record_hash":"cb7ef23d3dc0b9926addace49fef7712315f034190a1145c182c88532f06194d","signature_hex":"50a898d46d4c1bc2d1633a2364d21e425e7fb3a32717994065d02e0696073935a68555f5d41d3d0aeb83cea394b202d18dc783baa3464578a5c99337457ce805","public_key_hex":"c2f8243b0d573587f285c830a868acd19249d17d59ecbf9329e796dfed6fb630"}
{"seq":98,"ts":1780927200000,"agent_id":"regime","symbol":"BTCUSDT","side":"buy","price":63955.88228873399,"quantity":0.031271556711090914,"notional_usd":2000.0,"fee_usd":1.2,"balance_before_usd":10605.801409170632,"balance_after_usd":10604.001549140638,"decision":"ALLOW_CAPPED","cert_hash":"591cdfe176cb8cfa417af8f0c87caf2c56a5a65876647e0959ca46e740b4dbaf","prev_hash":"cb7ef23d3dc0b9926addace49fef7712315f034190a1145c182c88532f06194d","record_hash":"a58819f7a9e7bca2255c2c51c6a861dc188315e250d48b63d31aad9a24b03af9","signature_hex":"58f8931b5969bf69f88da3f486569ab0b4a32a7a5f4c5f4ba7b64f2799aa74afbbef44fb8df0d6e749c4450cacc6743e562b88fb89ffcde7554ba859eb85910d","public_key_hex":"c2f8243b0d573587f285c830a868acd19249d17d59ecbf9329e796dfed6fb630"}
{"seq":99,"ts":1780930800000,"agent_id":"regime","symbol":"BTCUSDT","side":"buy","price":63763.90324412206,"quantity":0.005670385633949254,"notional_usd":361.56592092,"fee_usd":0.21693955255199998,"balance_before_usd":10586.458165826138,"balance_after_usd":10586.16238951785,"decision":"ALLOW","cert_hash":"a6af7b70d15dd3e42af5eebfebbcaf8bf7ad3787be786480f794c1a1da5fa0f8","prev_hash":"a58819f7a9e7bca2255c2c51c6a861dc188315e250d48b63d31aad9a24b03af9","record_hash":"91f02fa8a6797ebd3066446e3f79b2f65a481aec26b09ab6a5b8a846ca5a430c","signature_hex":"6949bc4b1c8649c1fcd8aaf5caa8496bca1755b5c84e80779abefdc7e9c1f5a2ac8752a7a28462a3bf39f808d7d18c6b80f14a79fcb226fed104b5d59800380a","public_key_hex":"c2f8243b0d573587f285c830a868acd19249d17d59ecbf9329e796dfed6fb630"}
{"seq":100,"ts":1780945200000,"agent_id":"regime","symbol":"BTCUSDT","side":"sell","price":63327.997166940004,"quantity":0.031581608285001755,"notional_usd":2000.0,"fee_usd":1.2,"balance_before_usd":10546.186222057713,"balance_after_usd":10544.386082027708,"decision":"ALLOW_CAPPED","cert_hash":"5a468b460fafefb0f33c78f1611813e2746136c64ba8a3079afb42276b86d9fd","prev_hash":"91f02fa8a6797ebd3066446e3f79b2f65a481aec26b09ab6a5b8a846ca5a430c","record_hash":"c6e8d8d1cda5cb6670d13c8bc82553c064d64b0935988839b0690be3738aed05","signature_hex":"ab3cb9be7e670e833339f28872f0359b3a8d05b611c8dd2754d18c32432621cda04a3b9b2cfe438a2aecb3e17861cf504499b347cb8c39dd8a289f4bcab4e501","public_key_hex":"c2f8243b0d573587f285c830a868acd19249d17d59ecbf9329e796dfed6fb630"}
{"seq":101,"ts":1780948800000,"agent_id":"regime","symbol":"BTCUSDT","side":"sell","price":63438.364049148004,"quantity":0.031526664187785915,"notional_usd":2000.0,"fee_usd":1.2,"balance_before_usd":10551.899288713452,"balance_after_usd":10550.099148683445,"decision":"ALLOW_CAPPED","cert_hash":"d27d3820df77f18e205030202f6d310f56954aec5ec3e9d7c0abe32b1621ff1c","prev_hash":"c6e8d8d1cda5cb6670d13c8bc82553c064d64b0935988839b0690be3738aed05","record_hash":"09734b38cf8697aefb263f5da0a460324e4691ca4d5e9e00545d4d1dbfc66d61","signature_hex":"91cadecada1e1c01a09b434d4a168f32ae346d1bb84c4a9d225362507d4f8b47f29abbe241c1faefd76d93d4fcd7c34b4cfac291070176105816c9635e618f01","public_key_hex":"c2f8243b0d573587f285c830a868acd19249d17d59ecbf9329e796dfed6fb630"}
{"seq":102,"ts":1780952400000,"agent_id":"regime","symbol":"BTCUSDT","side":"sell","price":63670.994243802,"quantity":0.031411477451440746,"notional_usd":2000.0,"fee_usd":1.2,"balance_before_usd":10558.599154758223,"balance_after_usd":10556.799014728216,"decision":"ALLOW_CAPPED","cert_hash":"5102ab7b22940b53da047d7ad02ec7d1297402293aa92e0f377c4ed27b0090e8","prev_hash":"09734b38cf8697aefb263f5da0a460324e4691ca4d5e9e00545d4d1dbfc66d61","record_hash":"6955c54158408359274538bfb0adce84039991cd7ae224fdab33dabfe4852728","signature_hex":"6034449bc4d0e7c7b94854d4307a96153c712d3c50614ffa3768dbf410a7c67679ac90dad87de66d15f5c6cdf8f030ae75e9a4bdb995d71a7cdbe01729c1290f","public_key_hex":"c2f8243b0d573587f285c830a868acd19249d17d59ecbf9329e796dfed6fb630"}
{"seq":103,"ts":1780956000000,"agent_id":"regime","symbol":"BTCUSDT","side":"sell","price":63395.29038793188,"quantity":0.005117373169596792,"notional_usd":324.41735811,"fee_usd":0.19465041486600002,"balance_before_usd":10555.360832145874,"balance_after_usd":10555.096024530047,"decision":"ALLOW","cert_hash":"b11d478f640b52b8975b1ee7a3e4325765d6e70c720f7eb93dfeceb0ea168b98","prev_hash":"6955c54158408359274538bfb0adce84039991cd7ae224fdab33dabfe4852728","record_hash":"13a329bd95e9738200993e876febb1707310ba76a00db3a5dd8f363270560715","signature_hex":"d3f79b4d88e05566ef0850eeb9ed811815911e534d9813eeae8de05fdf8c90bc1d2cc236656fad4e75a401d368b1f31f980b74d84e44c65d014eb42c0315590f","public_key_hex":"c2f8243b0d573587f285c830a868acd19249d17d59ecbf9329e796dfed6fb630"}
{"seq":104,"ts":1781010000000,"agent_id":"regime","symbol":"BTCUSDT","side":"buy","price":62266.075464948,"quantity":0.03212021931791539,"notional_usd":2000.0,"fee_usd":1.2,"balance_before_usd":10555.097313145501,"balance_after_usd":10553.297453115507,"decision":"ALLOW_CAPPED","cert_hash":"29b37d34ad6f228361d3fafbbc3cdfb94ec0b7ad88680b290555b2dd056d6298","prev_hash":"13a329bd95e9738200993e876febb1707310ba76a00db3a5dd8f363270560715","record_hash":"92307a9f16f88517b99191a1d638ded5ea4c181729f72127e54cf25f3eac8d3a","signature_hex":"0bab5039af8d243c882676a8c50cb35259e6d7dfea8d85d4a1d9c0a0602c2cefa791bb1849a7a990e5331317c327a10142670b8fb6133a67733a21a167285108","public_key_hex":"c2f8243b0d573587f285c830a868acd19249d17d59ecbf9329e796dfed6fb630"}
{"seq":105,"ts":1781013600000,"agent_id":"regime","symbol":"BTCUSDT","side":"buy","price":61540.557860442,"quantity":0.03249889291766708,"notional_usd":2000.0,"fee_usd":1.2,"balance_before_usd":10530.001460533153,"balance_after_usd":10528.201600503158,"decision":"ALLOW_CAPPED","cert_hash":"8a95354afcaf8f49191b6f4f599cd98dcd9c79ec9ec5f360f92152a218ba7241","prev_hash":"92307a9f16f88517b99191a1d638ded5ea4c181729f72127e54cf25f3eac8d3a","record_hash":"80ec1ad1a14c24711c3ccc6b08c9523c594ab34d39105c3b811981dcbe23e81d","signature_hex":"d5db6533724dabdcd29f78f002e27bb8e143e828298bab3ffed171864cc585109a5f05cd65b085779f22b7e65d7f929e8c0b9c1c7e5f9bc81efa7c4a3b207d05","public_key_hex":"c2f8243b0d573587f285c830a868acd19249d17d59ecbf9329e796dfed6fb630"}
{"seq":106,"ts":1781017200000,"agent_id":"regime","symbol":"BTCUSDT","side":"sell","price":61088.269242132,"quantity":0.03273950997159073,"notional_usd":2000.0,"fee_usd":1.2,"balance_before_usd":10501.352819088219,"balance_after_usd":10499.552679058212,"decision":"ALLOW_CAPPED","cert_hash":"2cc5eb020fd8dae27575dfdaf8e1275656163c581b4a0cde194b2bc7e4bd17d3","prev_hash":"80ec1ad1a14c24711c3ccc6b08c9523c594ab34d39105c3b811981dcbe23e81d","record_hash":"4f1ef8c25674eeb9a37fac2d0ab84dad308d07e8db3a1d72f2fc3fa76d3c8acf","signature_hex":"a8826ed4b3bc3a2c6ca6304a843ce0777bed46762c67a5c8f4e612c4edc2a364def8c5b3cd522019e3b5443ce07949e3ed31e13e429556592019e028a9adf702","public_key_hex":"c2f8243b0d573587f285c830a868acd19249d17d59ecbf9329e796dfed6fb630"}
{"seq":107,"ts":1781020800000,"agent_id":"regime","symbol":"BTCUSDT","side":"sell","price":61351.02432881701,"quantity":0.03188799202935367,"notional_usd":1956.36097479,"fee_usd":1.173816584874,"balance_before_usd":10507.817603700934,"balance_after_usd":10506.061012659045,"decision":"ALLOW","cert_hash":"f19e363178173bc356a5604b97e2e71f1561a8fef77a6734612cc48c14fec1af","prev_hash":"4f1ef8c25674eeb9a37fac2d0ab84dad308d07e8db3a1d72f2fc3fa76d3c8acf","record_hash":"59a07e2858e84c1be753bb58f051bef212b78e407f3ce75fa738f0938b5c8273","signature_hex":"0a7f9272a34f1682b13c2141f115c2ed2f734eabc75d4fdceddc8da0d6d75a486ec69362d1734864d26f71e93c1017e3c15de5caf55425a6b2394ddb16c5cc02","public_key_hex":"c2f8243b0d573587f285c830a868acd19249d17d59ecbf9329e796dfed6fb630"}
{"seq":108,"ts":1781449200000,"agent_id":"regime","symbol":"BTCUSDT","side":"buy","price":64010.598699828,"quantity":0.031244825710486195,"notional_usd":2000.0,"fee_usd":1.2,"balance_before_usd":10506.035984311038,"balance_after_usd":10504.236124281044,"decision":"ALLOW_CAPPED","cert_hash":"a8709dc5008bdabdafe1b169c6f0e0324a12fff4253ae3523747aa1dc3559e87","prev_hash":"59a07e2858e84c1be753bb58f051bef212b78e407f3ce75fa738f0938b5c8273","record_hash":"349a476a6b581635f450934b0912d9d4879f9aa8909ef51bb776f7715f092b2a","signature_hex":"2acfce29d1492ed203e5020bcc4d2d1710f7d26f88a24219971c323b258dfa3b9406c523ea3c5c67c4591b78671c3ad30ddf21b84d5ec2eda936a92cd17f130a","public_key_hex":"c2f8243b0d573587f285c830a868acd19249d17d59ecbf9329e796dfed6fb630"}
{"seq":109,"ts":1781452800000,"agent_id":"regime","symbol":"BTCUSDT","side":"buy","price":63929.774458212,"quantity":0.03128432748198274,"notional_usd":2000.0,"fee_usd":1.2,"balance_before_usd":10501.702328312436,"balance_after_usd":10499.902468282444,"decision":"ALLOW_CAPPED","cert_hash":"41d0c703580765e5da425ca749971d92788d38ca777e56168695e0ca1ae90a2f","prev_hash":"349a476a6b581635f450934b0912d9d4879f9aa8909ef51bb776f7715f092b2a","record_hash":"326e5c5583d962e462d92e8c3b3f9a58ead44841f6f17e765d8e24e62b1c1a67","signature_hex":"4e465e54b31c8c0987786cc34dcbcd10b34fb536e078125bb996b807aa42efa19233cb840f389a50c7b7d49542d8a416c695489ee80857b84c4e3fda87e51d0b","public_key_hex":"c2f8243b0d573587f285c830a868acd19249d17d59ecbf9329e796dfed6fb630"}
{"seq":110,"ts":1781456400000,"agent_id":"regime","symbol":"BTCUSDT","side":"buy","price":63723.912714096,"quantity":0.031385392309056875,"notional_usd":2000.0,"fee_usd":1.2,"balance_before_usd":10487.035922871091,"balance_after_usd":10485.236062841097,"decision":"ALLOW_CAPPED","cert_hash":"f2308102a9c59a38e6d40ab962456d6999845962020cb8711127f365804b71cc","prev_hash":"326e5c5583d962e462d92e8c3b3f9a58ead44841f6f17e765d8e24e62b1c1a67","record_hash":"947e618c398bd4d962e8073223331f6628faef04b403faaa4c65afc311d9e397","signature_hex":"db951adfe9ae91d853f8e7944c92d23203a14f05da7bde2b0f255c7dfcb486c51d933d5a6c416ec9d254c447548d4b2b290d700ec2402eac2ca491e4c0a1a707","public_key_hex":"c2f8243b0d573587f285c830a868acd19249d17d59ecbf9329e796dfed6fb630"}
{"seq":111,"ts":1781460000000,"agent_id":"regime","symbol":"BTCUSDT","side":"buy","price":63801.33366068573,"quantity":0.004793459626353413,"notional_usd":305.82911701,"fee_usd":0.183497470206,"balance_before_usd":10493.011400924192,"balance_after_usd":10492.762071705965,"decision":"ALLOW","cert_hash":"50debf6e7bde7db1c3ac0f351ec015e1e3886ab4ec1e78f52d370606a4f6ce6a","prev_hash":"947e618c398bd4d962e8073223331f6628faef04b403faaa4c65afc311d9e397","record_hash":"60fbf3b7cfa4540870236b0d44a1451156988e68e145f308e726c7efac2b06e4","signature_hex":"4ee98795eee1d4d2db492cccae56b34e6558735c9d56fd97d1f0d47f1fed287a76416a36ccd4e57bc68e3c51db6bb9626c1d0e72f7afd211614c0f796129f307","public_key_hex":"c2f8243b0d573587f285c830a868acd19249d17d59ecbf9329e796dfed6fb630"}
{"seq":112,"ts":1781467200000,"agent_id":"regime","symbol":"BTCUSDT","side":"sell","price":63961.30712961,"quantity":0.03126890443228806,"notional_usd":2000.0,"fee_usd":1.2,"balance_before_usd":10511.80101408031,"balance_after_usd":10510.000874050304,"decision":"ALLOW_CAPPED","cert_hash":"05f4678484fc3d4dd98dae46d1c7ad4a3d11d87b16c89cd3ddd4b96dcc1b4940","prev_hash":"60fbf3b7cfa4540870236b0d44a1451156988e68e145f308e726c7efac2b06e4","record_hash":"7d95d5baac95d8444696896667a0331f5e728187e3aa098a9decb5187841b006","signature_hex":"43ad665cafce7680daf8bd9a08d543a5429c10928fca659b33fa7ec43a6d5aa3259d53d9d16235a0487466c12dbf963c1c59265c0512c7fa9e4197002f8fec05","public_key_hex":"c2f8243b0d573587f285c830a868acd19249d17d59ecbf9329e796dfed6fb630"}
{"seq":113,"ts":1781470800000,"agent_id":"regime","symbol":"BTCUSDT","side":"sell","price":65262.71661564601,"quantity":0.03064536850003762,"notional_usd":2000.0,"fee_usd":1.2,"balance_before_usd":10597.780733197229,"balance_after_usd":10595.98059316722,"decision":"ALLOW_CAPPED","cert_hash":"844b22282cb1f65580a1fddbe4b377d667be291902fa2548d1f0d216929a01a4","prev_hash":"7d95d5baac95d8444696896667a0331f5e728187e3aa098a9decb5187841b006","record_hash":"e0135a7f5f46bbb3a83dd87e5859817d54d173da7994c51a5e433be56c860af6","signature_hex":"0cb8421057bc3cbd20baa646e639b1d1043ca50828e0a3605385e4de19e9331b197b15697584ca2021ff220310885ba454d9228e7e16e99d4406083039437904","public_key_hex":"c2f8243b0d573587f285c830a868acd19249d17d59ecbf9329e796dfed6fb630"}
{"seq":114,"ts":1781474400000,"agent_id":"regime","symbol":"BTCUSDT","side":"sell","price":65365.68571770601,"quantity":0.03059709353677365,"notional_usd":2000.0,"fee_usd":1.2,"balance_before_usd":10599.769369475915,"balance_after_usd":10597.96922944591,"decision":"ALLOW_CAPPED","cert_hash":"c99c6b037e4bdd4c597ca97902c786ac59a1700519741f3feda7d515c6c6632b","prev_hash":"e0135a7f5f46bbb3a83dd87e5859817d54d173da7994c51a5e433be56c860af6","record_hash":"415d755419e2027418eecb872b9ca537da443bdc196f485aadf0e41f495fe271","signature_hex":"d60990a4eed0cb177c7c6be17a3856f3c1802eef4ff42c7bc1226a799aa0322b589d13c56a5c936ca9897b750828626bf055463ab51a759e9cebe45b39422e01","public_key_hex":"c2f8243b0d573587f285c830a868acd19249d17d59ecbf9329e796dfed6fb630"}
{"seq":115,"ts":1781478000000,"agent_id":"regime","symbol":"BTCUSDT","side":"sell","price":65687.8249001405,"quantity":0.006188505880929702,"notional_usd":406.5094907,"fee_usd":0.24390569442,"balance_before_usd":10599.930553608887,"balance_after_usd":10599.59706867386,"decision":"ALLOW","cert_hash":"ec55f85ff4068f016cdc75e6a4bba1f0e0008217bc3301afdf63f64833988ac0","prev_hash":"415d755419e2027418eecb872b9ca537da443bdc196f485aadf0e41f495fe271","record_hash":"8882c5713ae1b8aef8c829e011160294dcd807146455a018a577d0c41d915588","signature_hex":"2a2e16a05489a276896dfb8fe5ad7b57e75bd7c738544c0d5bb44d0aedcb2ae29b89d5278e60f74df244df31febc803b5ff648a8f9753dc558d7d5f4231dc80b","public_key_hex":"c2f8243b0d573587f285c830a868acd19249d17d59ecbf9329e796dfed6fb630"}
{"seq":116,"ts":1781499600000,"agent_id":"regime","symbol":"BTCUSDT","side":"buy","price":65844.84884650199,"quantity":0.030374433764172124,"notional_usd":2000.0,"fee_usd":1.2,"balance_before_usd":10599.596902946134,"balance_after_usd":10597.79704291614,"decision":"ALLOW_CAPPED","cert_hash":"212d9049aa35e961456c512fa91eeb9c6dbd15f0a1740638c9293ee2b8d6cd42","prev_hash":"8882c5713ae1b8aef8c829e011160294dcd807146455a018a577d0c41d915588","record_hash":"afa20794c789e555a98ebf36e5fb998860d9ffb1e7da7cadfb1d8f63f738d39c","signature_hex":"825a0daf53c5832f6de400e2da61a95963decb5fc3ceb61a936330eafa12ebce810726f37d391a89dd7c7c724db5d1199bacd7a0bfb8d3b35a1ca043c0affa0f","public_key_hex":"c2f8243b0d573587f285c830a868acd19249d17d59ecbf9329e796dfed6fb630"}
{"seq":117,"ts":1781503200000,"agent_id":"regime","symbol":"BTCUSDT","side":"buy","price":65792.333095452,"quantity":0.03039867878067776,"notional_usd":2000.0,"fee_usd":1.2,"balance_before_usd":10596.202456722596,"balance_after_usd":10594.402596692602,"decision":"ALLOW_CAPPED","cert_hash":"e6ba49ca17bd93cbb35d22c78baee38adf0a7d6ea33f3c0be5089dd7a4384c93","prev_hash":"afa20794c789e555a98ebf36e5fb998860d9ffb1e7da7cadfb1d8f63f738d39c","record_hash":"40114915caa0589fac1c298c5fa6ba5ae7461f4ef995b45a89320e2b99269711","signature_hex":"859c012352cd5524522b432fc442e245af1b82e63222ffb44acb0801596e7319734e029794ab2105b09dfb2cd05f06d267354eb54767ade84994511dbf86e50d","public_key_hex":"c2f8243b0d573587f285c830a868acd19249d17d59ecbf9329e796dfed6fb630"}
{"seq":118,"ts":1781506800000,"agent_id":"regime","symbol":"BTCUSDT","side":"buy","price":65663.494452876,"quantity":0.030458324167248182,"notional_usd":2000.0,"fee_usd":1.2,"balance_before_usd":10586.575195404159,"balance_after_usd":10584.775335374165,"decision":"ALLOW_CAPPED","cert_hash":"048bb92deb1ea2596aa36b6abe2fb1acbe6f1d6ba0cf0c09f3e42663939436c4","prev_hash":"40114915caa0589fac1c298c5fa6ba5ae7461f4ef995b45a89320e2b99269711","record_hash":"24a9d010c03874480b1fa7e7a9a191454c7b8ed256e3f7fcf97b2b1782d1cb37","signature_hex":"15914192dca6b1ef65f4bf2a51758ae84a89b83819f8ab0b824b6e9a07ac3391cfea648661730934412941437f41938f75a84015868123b4fde3a8abe0ba1c06","public_key_hex":"c2f8243b0d573587f285c830a868acd19249d17d59ecbf9329e796dfed6fb630"}
{"seq":119,"ts":1781510400000,"agent_id":"regime","symbol":"BTCUSDT","side":"buy","price":65641.71714939915,"quantity":0.00552889043356359,"notional_usd":362.92586199,"fee_usd":0.217755517194,"balance_before_usd":10583.530624257553,"balance_after_usd":10583.23371079001,"decision":"ALLOW","cert_hash":"5b7fa3291c386fadcbda040f9af7c877d917ee233d63cff77ee70246378e35ef","prev_hash":"24a9d010c03874480b1fa7e7a9a191454c7b8ed256e3f7fcf97b2b1782d1cb37","record_hash":"95e34c31b7eebd0cbb93c51180c89b2041233040ea890985691e17c40c6aab81","signature_hex":"b752e882dcf317ba48f9f8b4d98cb188c4aef19a20e728c6dc236296ffedad74a7477b1e19273fb17eb28898f9b6e3d5e144725c0625aa483ed218240cf1610c","public_key_hex":"c2f8243b0d573587f285c830a868acd19249d17d59ecbf9329e796dfed6fb630"}
{"seq":120,"ts":1781575200000,"agent_id":"regime","symbol":"BTCUSDT","side":"sell","price":65689.888434192,"quantity":0.03044608611268378,"notional_usd":2000.0,"fee_usd":1.2,"balance_before_usd":10592.306630284651,"balance_after_usd":10590.506490254644,"decision":"ALLOW_CAPPED","cert_hash":"53bc3499247c8441762849007b26a6b3abc4875dd2e9ac5a38b5103a994d0306","prev_hash":"95e34c31b7eebd0cbb93c51180c89b2041233040ea890985691e17c40c6aab81","record_hash":"3c92b7ee8ca24f7f39ea65e33559ea50ab0fa14725ef72853a0aa28e6306bae1","signature_hex":"6cbd8115e73ae9028166ac990f6eacfa0a419b18d774babb86822acb4c65b28be0ea7e63edaa5aabc9a6ddd7d62fe562e9f0e34b182d744c8747a5a5b707ec08","public_key_hex":"c2f8243b0d573587f285c830a868acd19249d17d59ecbf9329e796dfed6fb630"}
{"seq":121,"ts":1781578800000,"agent_id":"regime","symbol":"BTCUSDT","side":"sell","price":66106.363462524,"quantity":0.03025427349567957,"notional_usd":2000.0,"fee_usd":1.2,"balance_before_usd":10618.132435071975,"balance_after_usd":10616.332295041968,"decision":"ALLOW_CAPPED","cert_hash":"77893449a5df61dbc8e26ae562f7885b01547176fb611279ee7295e7ac2bc39a","prev_hash":"3c92b7ee8ca24f7f39ea65e33559ea50ab0fa14725ef72853a0aa28e6306bae1","record_hash":"9cb3de6136d3a364f479f773860bb287ab86d8c920088a245795577c2144cee2","signature_hex":"a1d6bea5b95d9f91e6b498e1bff6d60ef4c99de812d970d08e5070a50ee9a52a0a461f506c604a251f4889e2d8c9456ddf854b6ddadebcd9b8d357e140741f0e","public_key_hex":"c2f8243b0d573587f285c830a868acd19249d17d59ecbf9329e796dfed6fb630"}
{"seq":122,"ts":1781582400000,"agent_id":"regime","symbol":"BTCUSDT","side":"sell","price":65787.35918614201,"quantity":0.030400977098671813,"notional_usd":2000.0,"fee_usd":1.2,"balance_before_usd":10604.825994465255,"balance_after_usd":10603.025854435247,"decision":"ALLOW_CAPPED","cert_hash":"4b083dfb423cfbf7e51d95e4e04a61bc4b0e04a1bffd1e53b9f6b2370720f617","prev_hash":"9cb3de6136d3a364f479f773860bb287ab86d8c920088a245795577c2144cee2","record_hash":"2670bbf5135060f0869327a67dabc60a24d3b6bffde54f5f854530a6e80c9c97","signature_hex":"01a7c27f408df3fa6aa56e38fbd68c0af8279e4c19c114b987cbd28944c7b539b993da1938aaf8dae1af3be311bb9337f2788e3d5a9245126230e21b5ed0d503","public_key_hex":"c2f8243b0d573587f285c830a868acd19249d17d59ecbf9329e796dfed6fb630"}
{"seq":123,"ts":1781586000000,"agent_id":"regime","symbol":"BTCUSDT","side":"sell","price":66012.26221523451,"quantity":0.005658864428127263,"notional_usd":373.55444247,"fee_usd":0.224132665482,"balance_before_usd":10604.268269330523,"balance_after_usd":10603.962435198411,"decision":"ALLOW","cert_hash":"d33b179cfb227a2b7281cac03ab39cac3c0050b06024c94673b6e0d0bea3fa06","prev_hash":"2670bbf5135060f0869327a67dabc60a24d3b6bffde54f5f854530a6e80c9c97","record_hash":"1acbe837a03b87f174a582556579063a6750c80194b2a6119ffc3d012cde40dd","signature_hex":"4054cb1bd87365b610d9136f854bd0b8e6ff9a4e891b44bc27ede540aa4b307a61d7925c366fbe500a98bfdd4018f2e65490826d744d93a403b07b4ecb1afc08","public_key_hex":"c2f8243b0d573587f285c830a868acd19249d17d59ecbf9329e796dfed6fb630"}
{"seq":124,"ts":1781683200000,"agent_id":"regime","symbol":"BTCUSDT","side":"buy","price":64912.369167858,"quantity":0.03081076882016378,"notional_usd":2000.0,"fee_usd":1.2,"balance_before_usd":10603.96384151675,"balance_after_usd":10602.163981486756,"decision":"ALLOW_CAPPED","cert_hash":"f684a83530195220ab2f07aaf180d390dc79b05093fdc7091d5cc0de6c60dfc2","prev_hash":"1acbe837a03b87f174a582556579063a6750c80194b2a6119ffc3d012cde40dd","record_hash":"edf3efdefecfca7b59c997f59db66b6cb565806ffa6cdf1fe852f952c343ee13","signature_hex":"ea4b1f386853e63e43fbaf02b343fa7db8c3a0cb3d358b555e49fc02ca3e41af7a2f159c0d03a98ad7919fc01873d78831ed0ee43079c0e079e473eb54533c08","public_key_hex":"c2f8243b0d573587f285c830a868acd19249d17d59ecbf9329e796dfed6fb630"}
{"seq":125,"ts":1781686800000,"agent_id":"regime","symbol":"BTCUSDT","side":"buy","price":64903.666557683995,"quantity":0.03081490008307117,"notional_usd":2000.0,"fee_usd":1.2,"balance_before_usd":10601.895938563404,"balance_after_usd":10600.096078533412,"decision":"ALLOW_CAPPED","cert_hash":"e859710a91993be80fb3fffd138408efadfccb8c44dfc79e91a5a64965177f0f","prev_hash":"edf3efdefecfca7b59c997f59db66b6cb565806ffa6cdf1fe852f952c343ee13","record_hash":"486205977ae332b4f67fb19274c6bbea461df5f10ae66f917e1730f56f569fad","signature_hex":"f0077ad22f0835462a26f74a186d39b59d6192f43149f4b3c51273fc5e7ebe85415e7573adfae1caca05eded10121db86bc3d4401696ce0d280cf8f955643609","public_key_hex":"c2f8243b0d573587f285c830a868acd19249d17d59ecbf9329e796dfed6fb630"}
{"seq":126,"ts":1781690400000,"agent_id":"regime","symbol":"BTCUSDT","side":"sell","price":64743.472425258005,"quantity":0.030891145085071948,"notional_usd":2000.0,"fee_usd":1.2,"balance_before_usd":10592.621034992126,"balance_after_usd":10590.82089496212,"decision":"ALLOW_CAPPED","cert_hash":"bf271e7bdd5d0281dcc1555d4617e72765c639df91f0d27269e94ee8d8bd8349","prev_hash":"486205977ae332b4f67fb19274c6bbea461df5f10ae66f917e1730f56f569fad","record_hash":"8895177f1ae4716677c13d58771ced6ac0a7083268e6124927738951718571a5","signature_hex":"3ff136b019a6b91ea58b5bcca8bc75d5164a60bff821f64461cf43b64e4fa3f4539d2e7aae5fcb6bda39eb09497cdf9501a6fb128a9358ce4f52bff448f0230d","public_key_hex":"c2f8243b0d573587f285c830a868acd19249d17d59ecbf9329e796dfed6fb630"}
{"seq":127,"ts":1781694000000,"agent_id":"regime","symbol":"BTCUSDT","side":"sell","price":64759.097358709565,"quantity":0.030742494497450656,"notional_usd":1990.85619421,"fee_usd":1.194513716526,"balance_before_usd":10591.300334230236,"balance_after_usd":10589.509334920604,"decision":"ALLOW","cert_hash":"75db869364de0a9438578bcde3ccdc3d4f169ca239b217888611617f9880b6fd","prev_hash":"8895177f1ae4716677c13d58771ced6ac0a7083268e6124927738951718571a5","record_hash":"619035660896f8546462fe3f540e9fe63fdc628669c8604bb0be462388623330","signature_hex":"f70eaae469d96c1e616fcf4d1ca58cbbf9aeaf191adbbd03bdf6e97b85064f88b8f5a20f9d4120a71324f92010692bbd07abfb10d51ae12529a2b7e13b02e404","public_key_hex":"c2f8243b0d573587f285c830a868acd19249d17d59ecbf9329e796dfed6fb630"}
{"seq":128,"ts":1781722800000,"agent_id":"regime","symbol":"BTCUSDT","side":"buy","price":64294.983995514,"quantity":0.031106625676110975,"notional_usd":2000.0,"fee_usd":1.2,"balance_before_usd":10589.513970198397,"balance_after_usd":10587.714110168403,"decision":"ALLOW_CAPPED","cert_hash":"127f432225f1bec577464d889c466b1900736f07963c4a5515e7002f9e083b0c","prev_hash":"619035660896f8546462fe3f540e9fe63fdc628669c8604bb0be462388623330","record_hash":"945f60ddd161db2152e816c5700aff264cdc4cb8cb25ac309a9a5315525e9039","signature_hex":"a929847cd6db1ec993acbda5065cc370b02ff4c3126328ffcd04920c22636b1b3ad0c9bb90663346ea2947d6ef97cc27c391799f898d6968c906991fa5971204","public_key_hex":"c2f8243b0d573587f285c830a868acd19249d17d59ecbf9329e796dfed6fb630"}
{"seq":129,"ts":1781726400000,"agent_id":"regime","symbol":"BTCUSDT","side":"sell","price":64391.378078213995,"quantity":0.0310600589658241,"notional_usd":2000.0,"fee_usd":1.2,"balance_before_usd":10591.912261543912,"balance_after_usd":10590.112121513905,"decision":"ALLOW_CAPPED","cert_hash":"da57b062a228547839372f92c05487efe308db236b51e40aead0a1206aa13cf8","prev_hash":"945f60ddd161db2152e816c5700aff264cdc4cb8cb25ac309a9a5315525e9039","record_hash":"04c9a9da83671ec8dfb0813c7a501fd610b3f3c7f1402a64660b29a60a33fc15","signature_hex":"d854c38f87e0f3b693ef46a39d5c316e2f1203e4e63a568e5754e81e6ca44185b975691104250837ce6c7158cab71c643e63af8bfdb1495cfbfc8487f0fd750f","public_key_hex":"c2f8243b0d573587f285c830a868acd19249d17d59ecbf9329e796dfed6fb630"}
{"seq":130,"ts":1781794800000,"agent_id":"regime","symbol":"BTCUSDT","side":"sell","price":62321.999036814,"quantity":0.03209139679262514,"notional_usd":2000.0,"fee_usd":1.2,"balance_before_usd":10590.03444029627,"balance_after_usd":10588.234300266262,"decision":"ALLOW_CAPPED","cert_hash":"5afb530cbb78312127aa52e0499beedf97ba41e0046564b0e64e304bd19472cc","prev_hash":"04c9a9da83671ec8dfb0813c7a501fd610b3f3c7f1402a64660b29a60a33fc15","record_hash":"90f17bcda6242cbca54a30e4f3bae47cee12691ebf1ba1e034a101cde4e0c99d","signature_hex":"c3cdec2495839fce574a6d5fce32babd22e3c6c189dec71223f77500469fcf2e38f3334fde3fd57ea220a005cf9d0c5b25642cc79c934e8516d94b9096b9d702","public_key_hex":"c2f8243b0d573587f285c830a868acd19249d17d59ecbf9329e796dfed6fb630"}
{"seq":131,"ts":1781798400000,"agent_id":"regime","symbol":"BTCUSDT","side":"sell","price":62649.900643374,"quantity":0.03192343450606134,"notional_usd":2000.0,"fee_usd":1.2,"balance_before_usd":10577.808962284758,"balance_after_usd":10576.008822254751,"decision":"ALLOW_CAPPED","cert_hash":"c889e90e53ba50d56a04c91b08855d8b477cf400817abf2ddff3a75528166643","prev_hash":"90f17bcda6242cbca54a30e4f3bae47cee12691ebf1ba1e034a101cde4e0c99d","record_hash":"a13f6396f0ee31296623a8a1c389c1d19418ba1e1306447dab430e716b8a56d2","signature_hex":"1101f0ba84ee6ca28c5465e35aed1e70c4c62837fa909a20d487aa7acff36f12fe6beb2ae23c80418f4a414efef2f4478d7fa5ff2d0ea32e274fd8e3717a7109","public_key_hex":"c2f8243b0d573587f285c830a868acd19249d17d59ecbf9329e796dfed6fb630"}
{"seq":132,"ts":1781802000000,"agent_id":"regime","symbol":"BTCUSDT","side":"sell","price":62554.829171472,"quantity":0.031971952069722795,"notional_usd":2000.0,"fee_usd":1.2,"balance_before_usd":10582.093079905493,"balance_after_usd":10580.292939875488,"decision":"ALLOW_CAPPED","cert_hash":"9c35aa43157dc964977294c2aeaf36496fd6e7b477a18bc019c789bcbe8e63a9","prev_hash":"a13f6396f0ee31296623a8a1c389c1d19418ba1e1306447dab430e716b8a56d2","record_hash":"8ae74ac861d71d76aac410150b724407ac4d3eb58c716dca7031b418c84e25ff","signature_hex":"1083bca89a821ec77c5f94b482f0e82b11365b8fda6afc4781a0cb941664cb6b2ae1d0b97aeefadd9e977f5be8f4a924fa77ec5f21631eb63599ef335a2ab301","public_key_hex":"c2f8243b0d573587f285c830a868acd19249d17d59ecbf9329e796dfed6fb630"}
