{"seq":0,"ts":1778598000000,"agent_id":"regime","symbol":"BTCUSDT","side":"buy","price":80324.19163600201,"quantity":0.0248990990044845,"notional_usd":2000.0,"fee_usd":1.2,"balance_before_usd":10000.0,"balance_after_usd":9998.200139970006,"decision":"ALLOW_CAPPED","cert_hash":"227638198b8176840e7daabe6784ecd9f0d23f7686b247b1204dc046bab931c9","prev_hash":"0000000000000000000000000000000000000000000000000000000000000000","record_hash":"55e1d7c8cff26b37ef54f935ac50d41b37e62acdedccd3a04e18e5bee2306f68","signature_hex":"90f1c644a84c902e775082aa0907adaef6f6f327301a1e034531f1f0bf228fe60f0df8820529940169eb13c62462a8b2c12062a65a4f7543bcc0b1d41656df0c","public_key_hex":"c2f8243b0d573587f285c830a868acd19249d17d59ecbf9329e796dfed6fb630"}
{"seq":1,"ts":1778601600000,"agent_id":"regime","symbol":"BTCUSDT","side":"sell","price":79941.44769463489,"quantity":0.024906559349983183,"notional_usd":1991.06641153,"fee_usd":1.194639846918,"balance_before_usd":9989.689206622577,"balance_after_usd":9987.897997260516,"decision":"ALLOW","cert_hash":"0daaa8f9056306a302abfd6125a628aa335e729d79c38d332188a2525d0f3b44","prev_hash":"55e1d7c8cff26b37ef54f935ac50d41b37e62acdedccd3a04e18e5bee2306f68","record_hash":"8a2c549dfde5d27b79a2b7a53f146f71ef13801ba03773ea277b924f3aeaf1e4","signature_hex":"2a80f62a65447cd8e6c854dfa0713833d05f4789701e0bcf0110c41452845d5f70b22b9f5fde7d1e5bead09b83e3f563c39d4f8d4bbe215a1cd663014c9e3b06","public_key_hex":"c2f8243b0d573587f285c830a868acd19249d17d59ecbf9329e796dfed6fb630"}
{"seq":2,"ts":1778767200000,"agent_id":"regime","symbol":"BTCUSDT","side":"sell","price":80884.32903817201,"quantity":0.024726668611618614,"notional_usd":2000.0,"fee_usd":1.2,"balance_before_usd":9987.890968840644,"balance_after_usd":9986.090828810637,"decision":"ALLOW_CAPPED","cert_hash":"7b71ca09e0c33b06f053cab6dfe6d274d9d9cec7c2360cba2580f4136fd807c2","prev_hash":"8a2c549dfde5d27b79a2b7a53f146f71ef13801ba03773ea277b924f3aeaf1e4","record_hash":"cfcd58a0ca3103990ca66c98686ba4b6f00d8b3a852181a0347856b9f6919daa","signature_hex":"84bb1f9de47c21cdd49df1091b41d72337708fe3b8e3434c81658d725a93df2879eae8e7d8bb302e729e8b1ed0754d53a07f4a3a337e6569f8a16c698ded700c","public_key_hex":"c2f8243b0d573587f285c830a868acd19249d17d59ecbf9329e796dfed6fb630"}
{"seq":3,"ts":1778770800000,"agent_id":"regime","symbol":"BTCUSDT","side":"sell","price":81208.13187465,"quantity":0.024628075462776674,"notional_usd":2000.0,"fee_usd":1.2,"balance_before_usd":9978.079444441428,"balance_after_usd":9976.27930441142,"decision":"ALLOW_CAPPED","cert_hash":"65d85719f4fd1ef8b198af5b6d3ba7f3237aa2164d35db1515acc93828b47630","prev_hash":"cfcd58a0ca3103990ca66c98686ba4b6f00d8b3a852181a0347856b9f6919daa","record_hash":"cdc873b4c4244a46935e4efcd762ea7c8ad524046e80580e74766ddfbdc053f1","signature_hex":"53fc9a3048966367372eec59791d9f922f0a87f5d5654ec3b35469006e6b643df1effba52e33f9a0b2a38143e5a6c9f7d794309877fe8ed69d1770f28074a006","public_key_hex":"c2f8243b0d573587f285c830a868acd19249d17d59ecbf9329e796dfed6fb630"}
{"seq":4,"ts":1778774400000,"agent_id":"regime","symbol":"BTCUSDT","side":"sell","price":81804.94459159991,"quantity":0.02357674545956537,"notional_usd":1928.69435597,"fee_usd":1.157216613582,"balance_before_usd":9946.60675647038,"balance_after_usd":9944.877676266933,"decision":"ALLOW","cert_hash":"73485be86d15c2f461b7e2209cf60d964c2faebaef74342a6f9148e81cf7c9ef","prev_hash":"cdc873b4c4244a46935e4efcd762ea7c8ad524046e80580e74766ddfbdc053f1","record_hash":"2fbfb901a53c3da461a933b02eb37e8fd77e38f23875ab0568e6a5253de8dc18","signature_hex":"0491f4e4a9e34f7b9c8db8252ad9b2fdb3fe26059953c1fdc284b1bba43fba4e93ffba18134a0a5280eaf112e4e749381211c794355c02d3e581c8e9e225140d","public_key_hex":"c2f8243b0d573587f285c830a868acd19249d17d59ecbf9329e796dfed6fb630"}
{"seq":5,"ts":1778781600000,"agent_id":"regime","symbol":"BTCUSDT","side":"buy","price":81545.557960422,"quantity":0.024526167335450655,"notional_usd":2000.0,"fee_usd":1.2,"balance_before_usd":9967.350166724795,"balance_after_usd":9965.5503066948,"decision":"ALLOW_CAPPED","cert_hash":"47cb99a3db5125da49a99f22b77539cb31369f30ac5852ab2afbd53ee85273ce","prev_hash":"2fbfb901a53c3da461a933b02eb37e8fd77e38f23875ab0568e6a5253de8dc18","record_hash":"bd8d020f7493615867e5fa5333b8ea1d247beacf4aa0672965b46ab961808f09","signature_hex":"1e99ed9214141735a89aefca6470e9e6dc2f71c2507a6feae43a5f2f7783a766c1df953bbd8840286bc41b561491e2a128e4481353bddb1c4d9c78d503697d00","public_key_hex":"c2f8243b0d573587f285c830a868acd19249d17d59ecbf9329e796dfed6fb630"}
{"seq":6,"ts":1778785200000,"agent_id":"regime","symbol":"BTCUSDT","side":"buy","price":81397.013407452,"quantity":0.024570926085316264,"notional_usd":2000.0,"fee_usd":1.2,"balance_before_usd":9972.739604902585,"balance_after_usd":9970.93974487259,"decision":"ALLOW_CAPPED","cert_hash":"46e6a28eb1b1d6acbbb58bb72dc087e5c484513c0615212964aa14449dbf190c","prev_hash":"bd8d020f7493615867e5fa5333b8ea1d247beacf4aa0672965b46ab961808f09","record_hash":"44d2caaa6b5c8860331bb63601ca2c463547019e48fb36eadce13ed270549942","signature_hex":"a60432793f3f884de69a60dc7140fbafe229545aafb6ec8f15afe499b5270ff8d9165b1cb493be2bde2e138c618f432b6338ad4adf1d7e5878d5a23749d5eb0b","public_key_hex":"c2f8243b0d573587f285c830a868acd19249d17d59ecbf9329e796dfed6fb630"}
{"seq":7,"ts":1778788800000,"agent_id":"regime","symbol":"BTCUSDT","side":"buy","price":81401.27133892366,"quantity":0.023834776844477407,"notional_usd":1940.18113722,"fee_usd":1.164108682332,"balance_before_usd":9970.832456518527,"balance_after_usd":9969.092229366915,"decision":"ALLOW","cert_hash":"5a97a44b0af83e6102fd5eafe0e6cc18c0a8e721bfde6794fd09cfb457d25523","prev_hash":"44d2caaa6b5c8860331bb63601ca2c463547019e48fb36eadce13ed270549942","record_hash":"37081cae715f966fd753f3e9dab4ef2d68624df7c758e205be99743fbc907386","signature_hex":"c565fb7dd37fa553263a4115204601c685f3f57685f41e69bdaa4132ef70582508af2c1e8a03ff08aa95aa154e448c4d94554718dd4f8de1ff878d68e46eb203","public_key_hex":"c2f8243b0d573587f285c830a868acd19249d17d59ecbf9329e796dfed6fb630"}
{"seq":8,"ts":1778850000000,"agent_id":"regime","symbol":"BTCUSDT","side":"buy","price":78755.12102463,"quantity":0.025395173976997847,"notional_usd":2000.0,"fee_usd":1.2,"balance_before_usd":9969.110987426722,"balance_after_usd":9967.31112739673,"decision":"ALLOW_CAPPED","cert_hash":"a05252a5615f369a28e65c15ccc5a2959e000a2e83e942975c0d9f5ca4c1f3e3","prev_hash":"37081cae715f966fd753f3e9dab4ef2d68624df7c758e205be99743fbc907386","record_hash":"ce7f75aa02f7c1db2a0f517a1bf7ce97c4a1295593a65d1feba6c33c3a33668e","signature_hex":"3335eb9613d0156a4acf889ec2b1b2bdc5b52f6cf2b078980e7442305cec60826c4bfcd2a6adafa0802c43abd0a851f24858d6a58bdb65b84e94994774a9ff00","public_key_hex":"c2f8243b0d573587f285c830a868acd19249d17d59ecbf9329e796dfed6fb630"}
{"seq":9,"ts":1778853600000,"agent_id":"regime","symbol":"BTCUSDT","side":"buy","price":79146.138302448,"quantity":0.025269710473519585,"notional_usd":2000.0,"fee_usd":1.2,"balance_before_usd":9977.23533348314,"balance_after_usd":9975.435473453146,"decision":"ALLOW_CAPPED","cert_hash":"e0758f6ef9898a875ba935018f2e04699f1f8062710c90442082f38064e2ada3","prev_hash":"ce7f75aa02f7c1db2a0f517a1bf7ce97c4a1295593a65d1feba6c33c3a33668e","record_hash":"1311f767cfceaa9f535fcb4cfec12a12ae9eb2f3683643b69bef17ea5d5cc26e","signature_hex":"521cd49b87410cb84b20169061d184ad12313bd4cebc0535858658182450a18219557be4f712385bc03911d41e2e1c099479e25538a2069dcbfbaee54835f90b","public_key_hex":"c2f8243b0d573587f285c830a868acd19249d17d59ecbf9329e796dfed6fb630"}
{"seq":10,"ts":1778857200000,"agent_id":"regime","symbol":"BTCUSDT","side":"sell","price":79106.962372614,"quantity":0.025282224724790837,"notional_usd":2000.0,"fee_usd":1.2,"balance_before_usd":9975.855933233288,"balance_after_usd":9974.055793203283,"decision":"ALLOW_CAPPED","cert_hash":"ba44788ccd92fe6739d10255aacd25bf7aada745752080cc007caf0be0d09b2d","prev_hash":"1311f767cfceaa9f535fcb4cfec12a12ae9eb2f3683643b69bef17ea5d5cc26e","record_hash":"72a8655098f202439f5b1b2c231943b6a8a5b3c3e940c1cb9b38edb422a478a1","signature_hex":"f70542717990bc92fd04ef027b530479eaa8d97709dd21c4913d3601928dbc1983811183b316192c9d6abbefae4e9c254fc434ead748272bf18525f767b74406","public_key_hex":"c2f8243b0d573587f285c830a868acd19249d17d59ecbf9329e796dfed6fb630"}
{"seq":11,"ts":1778860800000,"agent_id":"regime","symbol":"BTCUSDT","side":"sell","price":79252.118815518,"quantity":0.025235918356398428,"notional_usd":2000.0,"fee_usd":1.2,"balance_before_usd":9977.539160240338,"balance_after_usd":9975.73902021033,"decision":"ALLOW_CAPPED","cert_hash":"89f8505df6c6d1543c6f293764a3558b18111de7793b1a9695e01921b300177e","prev_hash":"72a8655098f202439f5b1b2c231943b6a8a5b3c3e940c1cb9b38edb422a478a1","record_hash":"37a3c88f86d0f1fbc1a3a813a82472c1ec8b1d2e37c7716c8818b825d039fa3d","signature_hex":"bcc795d10f7e3f95203b4c5313846c24b10f6db135168b3e6a509b7fcb5abea99fe355c79a87c4b25eefb26cd4cd166e32441f31e784339a1501edf5f87b3e09","public_key_hex":"c2f8243b0d573587f285c830a868acd19249d17d59ecbf9329e796dfed6fb630"}
{"seq":12,"ts":1778936400000,"agent_id":"regime","symbol":"BTCUSDT","side":"sell","price":77987.798200224,"quantity":0.025645037379632748,"notional_usd":2000.0,"fee_usd":1.2,"balance_before_usd":9975.560190385828,"balance_after_usd":9973.76005035582,"decision":"ALLOW_CAPPED","cert_hash":"3bcd8100804887f3cdd272e0871e546e75c59cdd3aaecfe27ef9380cdfd24434","prev_hash":"37a3c88f86d0f1fbc1a3a813a82472c1ec8b1d2e37c7716c8818b825d039fa3d","record_hash":"d5759c20df0044633ed36037e8f09894c423aac2c44c79d76ac40cd7bd95018e","signature_hex":"1e12e2df92cf32abfa3b6f1901ce95639e216b1ccef4aa99046489cbef359ee51c0fd4ad761c16f9051cf07dfbac4ef3d63bae5edc0c6b9aeb2131507ea31201","public_key_hex":"c2f8243b0d573587f285c830a868acd19249d17d59ecbf9329e796dfed6fb630"}
{"seq":13,"ts":1778940000000,"agent_id":"regime","symbol":"BTCUSDT","side":"sell","price":78091.467092298,"quantity":0.025610992781530877,"notional_usd":2000.0,"fee_usd":1.2,"balance_before_usd":9971.115142903558,"balance_after_usd":9969.31500287355,"decision":"ALLOW_CAPPED","cert_hash":"cf5f14d46ffdd64a17ae32e2074d7f2e7bdccc59e6e47c6695ed7d6adb151f6a","prev_hash":"d5759c20df0044633ed36037e8f09894c423aac2c44c79d76ac40cd7bd95018e","record_hash":"7a01628b58c0f408dc37bd579c07e90b40958794398da6fa9eb4e1c1f9468bca","signature_hex":"2cf875ba1ff7a496b9933de1037f4c8352dbc6e2dbf3b665e0563e63ad3a248f69e352cc546ce865c01c29dfedf0c24b7de7abc94d05b006fdd6b1ead46add06","public_key_hex":"c2f8243b0d573587f285c830a868acd19249d17d59ecbf9329e796dfed6fb630"}
{"seq":14,"ts":1778943600000,"agent_id":"regime","symbol":"BTCUSDT","side":"buy","price":78241.767054366,"quantity":0.025561794873706103,"notional_usd":2000.0,"fee_usd":1.2,"balance_before_usd":9964.029570380364,"balance_after_usd":9962.22971035037,"decision":"ALLOW_CAPPED","cert_hash":"eaed576bc3e7ba74f1afbfeb60c8e4fc2b1b55128d8181d5509722352fdecea0","prev_hash":"7a01628b58c0f408dc37bd579c07e90b40958794398da6fa9eb4e1c1f9468bca","record_hash":"d58c1d9acc8ce84ecb81bc5f70beeb80a98216db24194db73c515d061d2a4412","signature_hex":"5dc3a6f17b29784d25b95177e8c4582742331f295bd38668fab7a56bc53dfa4fcc7e4c6683d961265545eb744409536e5d5288c4f6daff5a5ec0329c7d0a7602","public_key_hex":"c2f8243b0d573587f285c830a868acd19249d17d59ecbf9329e796dfed6fb630"}
{"seq":15,"ts":1778947200000,"agent_id":"regime","symbol":"BTCUSDT","side":"buy","price":78211.15026270645,"quantity":0.02554691143473356,"notional_usd":1998.05332897,"fee_usd":1.198831997382,"balance_before_usd":9963.211485633357,"balance_after_usd":9961.413571851492,"decision":"ALLOW","cert_hash":"8dd8c682ff1830ade2995a6037d28e50ad0e03e7ba0c3f6e69594516c941e2af","prev_hash":"d58c1d9acc8ce84ecb81bc5f70beeb80a98216db24194db73c515d061d2a4412","record_hash":"25d18be952125ddd38601983154ea315648fb335eaaf71421528b677aa34453e","signature_hex":"5ff8d2429f1d1f2e0f6f310d24f8446e2a4ea8c31d74f4aaf63acfbb07f91c8e345648cff7415da6b9442a73568e8109399527090384b801ad53aa889fe98a01","public_key_hex":"c2f8243b0d573587f285c830a868acd19249d17d59ecbf9329e796dfed6fb630"}
{"seq":16,"ts":1779253200000,"agent_id":"regime","symbol":"BTCUSDT","side":"sell","price":77137.85324322,"quantity":0.025927607729682174,"notional_usd":2000.0,"fee_usd":1.2,"balance_before_usd":9961.421927268344,"balance_after_usd":9959.621787238337,"decision":"ALLOW_CAPPED","cert_hash":"8ed7eb19a942416855c94229023fd6681b16e862e5c0ef1ef9a6f9a55711c61f","prev_hash":"25d18be952125ddd38601983154ea315648fb335eaaf71421528b677aa34453e","record_hash":"11b47ca6669aaf4f1ee20b7d33c32e0126406e781d20b7bd3db90a33d55c51eb","signature_hex":"30bd110a5209648c33de3cc86cbc522f225cbd3a5f0a159f754828c83131e0b4b6d4f109a67a5157ae754b54a2197eb7ae252e7a25cf50edcf2cf8804cd16d0a","public_key_hex":"c2f8243b0d573587f285c830a868acd19249d17d59ecbf9329e796dfed6fb630"}
{"seq":17,"ts":1779256800000,"agent_id":"regime","symbol":"BTCUSDT","side":"sell","price":77346.690577398,"quantity":0.02585760276321937,"notional_usd":2000.0,"fee_usd":1.2,"balance_before_usd":9954.203909371416,"balance_after_usd":9952.403769341408,"decision":"ALLOW_CAPPED","cert_hash":"83acc8e3668c468ae5697c6acad7c03130aca7514a710669fd6f6735d2d2eafa","prev_hash":"11b47ca6669aaf4f1ee20b7d33c32e0126406e781d20b7bd3db90a33d55c51eb","record_hash":"3855d055a846fa66f7d5712eaeb83a732ecf998452b97c77b782484af5a45c84","signature_hex":"cc746b823160b6c10ac8051a6c25f1cf54ebf9faf48282703a34a74894d823454fa27c8392fa1d1c91444b22b798bc9ac5fcfef7d846317fc94e450874a60102","public_key_hex":"c2f8243b0d573587f285c830a868acd19249d17d59ecbf9329e796dfed6fb630"}
{"seq":18,"ts":1779260400000,"agent_id":"regime","symbol":"BTCUSDT","side":"buy","price":77263.67369481,"quantity":0.025885385775208682,"notional_usd":2000.0,"fee_usd":1.2,"balance_before_usd":9959.105767054622,"balance_after_usd":9957.305907024625,"decision":"ALLOW_CAPPED","cert_hash":"e664af34ce7126a92d68781a566b7a88518cc03bda053e8206d1e6e61551cc4d","prev_hash":"3855d055a846fa66f7d5712eaeb83a732ecf998452b97c77b782484af5a45c84","record_hash":"e77e41ad2df8d4d9ec13b3825122f9d7c68b7bd8b316adf7b1cbe166cdeac29c","signature_hex":"baa160f9d54cc5ac0a746988ee9c6b51e4df4f957e9014fc29ef04f82c81d84816767ecac7cafca8c5650aa73e85f7bbb45b166627761a0c9a9f28bb095f7906","public_key_hex":"c2f8243b0d573587f285c830a868acd19249d17d59ecbf9329e796dfed6fb630"}
{"seq":19,"ts":1779264000000,"agent_id":"regime","symbol":"BTCUSDT","side":"sell","price":77393.37656833201,"quantity":0.02584200468672101,"notional_usd":2000.0,"fee_usd":1.2,"balance_before_usd":9952.861933099535,"balance_after_usd":9951.061793069528,"decision":"ALLOW_CAPPED","cert_hash":"ceca66542c304e6234f16a392f6db1d413955622112c439eb3526052c913b01a","prev_hash":"e77e41ad2df8d4d9ec13b3825122f9d7c68b7bd8b316adf7b1cbe166cdeac29c","record_hash":"38043a8e9165868b8fca8054f85f6ef44bbf3baa280f18c7025b0624c73db6cf","signature_hex":"ca9ab33e3f7e7c74d000e97bfc43d99bb5b1285162e654458c4721deea88f5510fcc37b761a13402956fea02da8412beb2413e59f409e4b67a8071d1cadb5609","public_key_hex":"c2f8243b0d573587f285c830a868acd19249d17d59ecbf9329e796dfed6fb630"}
{"seq":20,"ts":1779267600000,"agent_id":"regime","symbol":"BTCUSDT","side":"sell","price":77422.81513840053,"quantity":0.025340610159328956,"notional_usd":1961.94137586,"fee_usd":1.177164825516,"balance_before_usd":9949.54553296852,"balance_after_usd":9947.78338366463,"decision":"ALLOW","cert_hash":"8d313ab1d77d6dc1ae06b808237d60503f45d83e310c7ab04dc211b764a848c3","prev_hash":"38043a8e9165868b8fca8054f85f6ef44bbf3baa280f18c7025b0624c73db6cf","record_hash":"7089639cd67b6b41a111a33276125706ad0e5d43f321f5c5c9b403a00f6dd67f","signature_hex":"499d767db02c2a6d229d6ed5c9e389215381e35678ae7c6e94267fe4a475259396babcf8149fe550d0da079dbaf3468450c184d10f836835e972271f9916fd05","public_key_hex":"c2f8243b0d573587f285c830a868acd19249d17d59ecbf9329e796dfed6fb630"}
{"seq":21,"ts":1779271200000,"agent_id":"regime","symbol":"BTCUSDT","side":"buy","price":77495.043089436,"quantity":0.025808102302644395,"notional_usd":2000.0,"fee_usd":1.2,"balance_before_usd":9945.786750031599,"balance_after_usd":9943.986890001604,"decision":"ALLOW_CAPPED","cert_hash":"9b8231c0bbf456b891e6503517a5157281c9c4dba4e25e05f569a2364610ad0c","prev_hash":"7089639cd67b6b41a111a33276125706ad0e5d43f321f5c5c9b403a00f6dd67f","record_hash":"8d18859d73e05707e2c0da569618ed47cb242a19a38c03c8e1cafcec329cfea7","signature_hex":"4a2b5b8802bdfe42f0cead48cd87e2e3aa2a53fefca13fb34612d33a3ba2b18b9c96446ed5db0f01cd92dafa87ae238138a1da8941b1d5d3e562b4c8c8c0d709","public_key_hex":"c2f8243b0d573587f285c830a868acd19249d17d59ecbf9329e796dfed6fb630"}
{"seq":22,"ts":1779274800000,"agent_id":"regime","symbol":"BTCUSDT","side":"buy","price":77368.105016898,"quantity":0.025850445730358513,"notional_usd":2000.0,"fee_usd":1.2,"balance_before_usd":9950.494575720226,"balance_after_usd":9948.694715690232,"decision":"ALLOW_CAPPED","cert_hash":"dc8ecc7867bb445acbc51639177f0577556691d63907d63046ae0934d79d522a","prev_hash":"8d18859d73e05707e2c0da569618ed47cb242a19a38c03c8e1cafcec329cfea7","record_hash":"1fae7dbf9b6a228b5c1b975057039b30af156b0553e45bae88665d427f90776e","signature_hex":"8dbc99d2fc5a01da05114c4186b21f9c08453828c74964cbff60d81be9c0c613aeeafee27fd22da7ea63ca3540bb4d42a7f082a416398d24c68392bb40a1bb09","public_key_hex":"c2f8243b0d573587f285c830a868acd19249d17d59ecbf9329e796dfed6fb630"}
{"seq":23,"ts":1779278400000,"agent_id":"regime","symbol":"BTCUSDT","side":"sell","price":77561.92599170399,"quantity":0.025785847558941737,"notional_usd":2000.0,"fee_usd":1.2,"balance_before_usd":9942.583513353338,"balance_after_usd":9940.783373323331,"decision":"ALLOW_CAPPED","cert_hash":"f31747fafea2c08a3df5c0bbb93cd9173347cf66fd5cbf3270f229abb32bfc79","prev_hash":"1fae7dbf9b6a228b5c1b975057039b30af156b0553e45bae88665d427f90776e","record_hash":"78ba4b6a4981665677a913846f53fa1cc4d73443f837b8bced9efd9e3c730261","signature_hex":"2a8b76c68241bbdef7290b015a8c57dbe64086d2f35b78b4f915cfba34a07a4a1f35d86869799ae7b816233704b07a80020fb494b99c045f58fa1c7a3e867404","public_key_hex":"c2f8243b0d573587f285c830a868acd19249d17d59ecbf9329e796dfed6fb630"}
{"seq":24,"ts":1779282000000,"agent_id":"regime","symbol":"BTCUSDT","side":"buy","price":77203.15554359999,"quantity":0.025905676858901352,"notional_usd":2000.0,"fee_usd":1.2,"balance_before_usd":9961.536664284422,"balance_after_usd":9959.736804254428,"decision":"ALLOW_CAPPED","cert_hash":"82b1aa8c183db156b9dbede1e10acc8e9a8d0cef172cc2f00f873ea2a5b473b2","prev_hash":"78ba4b6a4981665677a913846f53fa1cc4d73443f837b8bced9efd9e3c730261","record_hash":"059600f243df972053174e3f138c25c563d793ed6a392993b040518c476f0f10","signature_hex":"a7fe8e042afe2223a163757198db7d372129771ef3ab5a5dde7cccf7ffe8d21d9da8b87e705e946f605a044aa93e125da4387d2ff0a5931278c3d71dfbc84709","public_key_hex":"c2f8243b0d573587f285c830a868acd19249d17d59ecbf9329e796dfed6fb630"}
{"seq":25,"ts":1779285600000,"agent_id":"regime","symbol":"BTCUSDT","side":"buy","price":77443.07127481722,"quantity":0.02530418364408579,"notional_usd":1959.6336975,"fee_usd":1.1757802185000001,"balance_before_usd":9953.661990415614,"balance_after_usd":9951.902410422235,"decision":"ALLOW","cert_hash":"d0316a724400faf36a05dbba1ddd03e1ea91b30273212a66a142162cfad41239","prev_hash":"059600f243df972053174e3f138c25c563d793ed6a392993b040518c476f0f10","record_hash":"75671dfc2fa8d66647e75e26417f364ea2192394626f2bd8ceed3b3964408bcd","signature_hex":"04d15b2857712e288a1257068133726fe5ea59d258dfef94cf17f4609874dfc5ebed2c83b6ca26100017b9f3cab34ac21457febbdda6447566ddbe53b3db0909","public_key_hex":"c2f8243b0d573587f285c830a868acd19249d17d59ecbf9329e796dfed6fb630"}
{"seq":26,"ts":1779372000000,"agent_id":"regime","symbol":"BTCUSDT","side":"buy","price":76973.086539,"quantity":0.025983107731903914,"notional_usd":2000.0,"fee_usd":1.2,"balance_before_usd":9951.90605640519,"balance_after_usd":9950.106196375196,"decision":"ALLOW_CAPPED","cert_hash":"020ce86751f3c9fea8401e844f39ddd4a9685e605e6aece1f8d94a949651ff38","prev_hash":"75671dfc2fa8d66647e75e26417f364ea2192394626f2bd8ceed3b3964408bcd","record_hash":"ac6f304c942840b8b458424e65ebdeb81e8b0e4f7d343e49c2895d753fb072cc","signature_hex":"8f3157e02a5a8470dbab94f7b0806cc448ef9f7412013483e5778b9c6ebd32d288138dd0f02482b5d7ec874b83acff34543f89d67620a0bb80bfbbc12277f805","public_key_hex":"c2f8243b0d573587f285c830a868acd19249d17d59ecbf9329e796dfed6fb630"}
{"seq":27,"ts":1779375600000,"agent_id":"regime","symbol":"BTCUSDT","side":"sell","price":77206.83254460001,"quantity":0.0259044430924512,"notional_usd":2000.0,"fee_usd":1.2,"balance_before_usd":9957.379355148525,"balance_after_usd":9955.579215118518,"decision":"ALLOW_CAPPED","cert_hash":"1aeec0f0eb6917f2c8dee25a20e19feb29b095508f3232997303c14b2a5fef46","prev_hash":"ac6f304c942840b8b458424e65ebdeb81e8b0e4f7d343e49c2895d753fb072cc","record_hash":"c6d3196dd09f8bc8c84e5a4291340744ce3b3b4c1bdb2e97360573181d910e80","signature_hex":"103245c33495ffa23ab34b767e6da369bd2f9333c3fb21216d062ba2cb2fb837ab087265136c11374d70afff545247cdcccb8d1c1c8a87a021c3ea0638169507","public_key_hex":"c2f8243b0d573587f285c830a868acd19249d17d59ecbf9329e796dfed6fb630"}
{"seq":28,"ts":1779458400000,"agent_id":"regime","symbol":"BTCUSDT","side":"buy","price":76775.02713504,"quantity":0.026050137325020928,"notional_usd":2000.0,"fee_usd":1.2,"balance_before_usd":9955.54431692897,"balance_after_usd":9953.744456898976,"decision":"ALLOW_CAPPED","cert_hash":"96e6fd1494cea4f299a75d1d55f051c82a3507676cf788e4687b16a5889d6ada","prev_hash":"c6d3196dd09f8bc8c84e5a4291340744ce3b3b4c1bdb2e97360573181d910e80","record_hash":"962084b4f73d02ea5f96d0195c4af57da8993af7c653fc40fc6249f84e0e0acf","signature_hex":"f8c47aeac5b2fb8f6311727175f1253d174a77785d5853ebae5cbfc129a381ec2515333c2c1fd22a668dd501a7485f86d3cb34ba9d583e460d4847b6bf6f1d09","public_key_hex":"c2f8243b0d573587f285c830a868acd19249d17d59ecbf9329e796dfed6fb630"}
{"seq":29,"ts":1779462000000,"agent_id":"regime","symbol":"BTCUSDT","side":"buy","price":76795.13316544199,"quantity":0.02604331703796049,"notional_usd":2000.0,"fee_usd":1.2,"balance_before_usd":9954.269494250708,"balance_after_usd":9952.469634220713,"decision":"ALLOW_CAPPED","cert_hash":"4be7f91f6b2459441360e99e0d3b1f116a216ef0faf5b72c10ffff4f4b59f9d2","prev_hash":"962084b4f73d02ea5f96d0195c4af57da8993af7c653fc40fc6249f84e0e0acf","record_hash":"d2560f58a86413bfc1852a1e35f712a0edfb80ca10c6c918e8fe88365797ce82","signature_hex":"ec9f3a5b1e2c3449255d1799a3faf5ff3f30742b6884e20835bccdbc4ee432276dbdab5b36860a25d1ab756d5d0a932c1d471d061340297a4a903fcf35db4802","public_key_hex":"c2f8243b0d573587f285c830a868acd19249d17d59ecbf9329e796dfed6fb630"}
{"seq":30,"ts":1779465600000,"agent_id":"regime","symbol":"BTCUSDT","side":"sell","price":76900.92433848,"quantity":0.02600748973051331,"notional_usd":2000.0,"fee_usd":1.2,"balance_before_usd":9959.992162864983,"balance_after_usd":9958.192022834977,"decision":"ALLOW_CAPPED","cert_hash":"289466ed0f568532e754e1a1afff284bdda5acd5e559f49f9ddd4a47634845ea","prev_hash":"d2560f58a86413bfc1852a1e35f712a0edfb80ca10c6c918e8fe88365797ce82","record_hash":"08a3e49192674df3d0275837923293e3bb15422c513afc6f4426a57aa7794c52","signature_hex":"6f9f35b47c288d2469ed84c65d2bbc1b865a035b797812bc7c0e2bbff2ca5d19add3cbc319bfb8390ea515192ff06fbee119c22791cb51870e635a17cfef020f","public_key_hex":"c2f8243b0d573587f285c830a868acd19249d17d59ecbf9329e796dfed6fb630"}
{"seq":31,"ts":1779469200000,"agent_id":"regime","symbol":"BTCUSDT","side":"buy","price":76756.02143466,"quantity":0.026056587647687517,"notional_usd":2000.0,"fee_usd":1.2,"balance_before_usd":9953.196018914743,"balance_after_usd":9951.396158884749,"decision":"ALLOW_CAPPED","cert_hash":"dbbe7130bd996ca9de75c1efd9b775ab365a51e696d5f21fe75b50c56753f42c","prev_hash":"08a3e49192674df3d0275837923293e3bb15422c513afc6f4426a57aa7794c52","record_hash":"7d9d5483055e2c2e3a6537343260cb21250f7ab5669b1ff65dbe078deb069ff9","signature_hex":"996e52e8c8ef5b54332d7f2bbfc9b0d9bf6693d8a6dcd213318689470d34a13696622db32bcfe4730ee1f9f8a32f56a31e00f041f7eddb8339503f2a6d5bcb06","public_key_hex":"c2f8243b0d573587f285c830a868acd19249d17d59ecbf9329e796dfed6fb630"}
{"seq":32,"ts":1779472800000,"agent_id":"regime","symbol":"BTCUSDT","side":"buy","price":76524.4340273156,"quantity":0.02573241605337589,"notional_usd":1969.15857464,"fee_usd":1.181495144784,"balance_before_usd":9939.3139142039,"balance_after_usd":9937.544844368058,"decision":"ALLOW","cert_hash":"d98d396761d21aa886348dcc6b1e610a14d3212a750ddec6deff010d3e3ee4a0","prev_hash":"7d9d5483055e2c2e3a6537343260cb21250f7ab5669b1ff65dbe078deb069ff9","record_hash":"36d70931383894b89b0cc7b109f01701ab52bc444d896b23b747c72150913ba7","signature_hex":"284eb74000efe26a1f02f673370d0162d779b36d4bb25c28c0e06be4a905b84724ab4aee2d6ed57405cda438d1e06c16df5286edef68fc2412de24625db88c09","public_key_hex":"c2f8243b0d573587f285c830a868acd19249d17d59ecbf9329e796dfed6fb630"}
{"seq":33,"ts":1779476400000,"agent_id":"regime","symbol":"BTCUSDT","side":"sell","price":75796.75566639,"quantity":0.02638635364292835,"notional_usd":2000.0,"fee_usd":1.2,"balance_before_usd":9884.377814817948,"balance_after_usd":9882.577674787943,"decision":"ALLOW_CAPPED","cert_hash":"a9da2a82b254a306afd4a879a5a5a2f3b55b373f928501daf30ad6dbf1a341f6","prev_hash":"36d70931383894b89b0cc7b109f01701ab52bc444d896b23b747c72150913ba7","record_hash":"59f5866866eb860936ebd154116aed4e23e484d102ca9043ef9cac30cf098b6b","signature_hex":"efccda01c23228b6a1f9ca3285fb51fe07d09886e29be1fe893ca1b9ed1d9171aa128a93a3f6658b7d693b4e823146421323bdf41700142c840bd1dcaa682e05","public_key_hex":"c2f8243b0d573587f285c830a868acd19249d17d59ecbf9329e796dfed6fb630"}
{"seq":34,"ts":1779480000000,"agent_id":"regime","symbol":"BTCUSDT","side":"sell","price":75917.2195188,"quantity":0.02634448433012913,"notional_usd":2000.0,"fee_usd":1.2,"balance_before_usd":9888.790623294755,"balance_after_usd":9886.99048326475,"decision":"ALLOW_CAPPED","cert_hash":"64527f7a605153c7643151915e18778d38d84630b2fff6dd1726a152ef63730b","prev_hash":"59f5866866eb860936ebd154116aed4e23e484d102ca9043ef9cac30cf098b6b","record_hash":"59e8e82d45b55e2a92133a24e66bd645665967bfc65267abf6f5f34c0832604c","signature_hex":"7806cd685bb5015dc6660be64d713b0a38dfafcf44b8991de5bfd500e8e6e79115e93726f5cfd40ee6568f94fc8c2a33071a25972fa37e739d9a548fdd04ac0d","public_key_hex":"c2f8243b0d573587f285c830a868acd19249d17d59ecbf9329e796dfed6fb630"}
{"seq":35,"ts":1779483600000,"agent_id":"regime","symbol":"BTCUSDT","side":"sell","price":75918.74234488966,"quantity":0.02522271328377579,"notional_usd":1914.87667103,"fee_usd":1.148926002618,"balance_before_usd":9887.020741569928,"balance_after_usd":9885.305372571438,"decision":"ALLOW","cert_hash":"75a2830d06d8dcd9f29ed9e6ffea7be3a6914ce7ad0e01874721e46aab2dcae1","prev_hash":"59e8e82d45b55e2a92133a24e66bd645665967bfc65267abf6f5f34c0832604c","record_hash":"d450def6e1c1d84516b4734b62a40043b4a73e639df3135f6ed431bd1ee3095e","signature_hex":"6f4907d12c6ac460e1850070680a7076d3ec2739d4f6e35288b720a9b8eb5a6721cdf0015509c86ab0e13d4cc8024e540e59456fa078848f1e90ed9dfa09b10c","public_key_hex":"c2f8243b0d573587f285c830a868acd19249d17d59ecbf9329e796dfed6fb630"}
{"seq":36,"ts":1779519600000,"agent_id":"regime","symbol":"BTCUSDT","side":"sell","price":74540.63259126,"quantity":0.026831003849496483,"notional_usd":2000.0,"fee_usd":1.2,"balance_before_usd":9885.315666570074,"balance_after_usd":9883.515526540066,"decision":"ALLOW_CAPPED","cert_hash":"79df197390f9d8d846aaba25d60a999c8a23213de0966affc76bf7366057db11","prev_hash":"d450def6e1c1d84516b4734b62a40043b4a73e639df3135f6ed431bd1ee3095e","record_hash":"7e2b4accd869706fae7275d384460e0f1d28039d1d6248f2514954c3eb46e830","signature_hex":"f2145e151a21db59d24a9c73eb9e84af56edad05bcfd9962660ff73d3cd54737240b0f4a87a5d9f6aff58c468ef73cf775c3b9388a5c5430c98f160d8d1e0700","public_key_hex":"c2f8243b0d573587f285c830a868acd19249d17d59ecbf9329e796dfed6fb630"}
{"seq":37,"ts":1779523200000,"agent_id":"regime","symbol":"BTCUSDT","side":"sell","price":74621.60829288,"quantity":0.026801888162879886,"notional_usd":2000.0,"fee_usd":1.2,"balance_before_usd":9881.459807534731,"balance_after_usd":9879.659667504724,"decision":"ALLOW_CAPPED","cert_hash":"080645c126590fa3454647a7d32b51db5fa7f7e06f2447cb3ac71964db6ae6ca","prev_hash":"7e2b4accd869706fae7275d384460e0f1d28039d1d6248f2514954c3eb46e830","record_hash":"50906cefc4e8fca7801fd1ef73bce3ae9204e75ac7cd2f6ee1361c5b12d6ac55","signature_hex":"426e9fe534094b5efd83c3e88ea970e9aebc7621549c5a30f20b75fb76678fcf9f83237a28fd06d9f23ce4233fff02a41c87c7be76efc26f05affc5565278603","public_key_hex":"c2f8243b0d573587f285c830a868acd19249d17d59ecbf9329e796dfed6fb630"}
{"seq":38,"ts":1779526800000,"agent_id":"regime","symbol":"BTCUSDT","side":"sell","price":74592.19170161792,"quantity":0.025825952924080867,"notional_usd":1926.41443139,"fee_usd":1.155848658834,"balance_before_usd":9881.252785928846,"balance_after_usd":9879.525969396764,"decision":"ALLOW","cert_hash":"70997803c1ab14a3f02f870051604d3e1380edad68fb22d2481ce50027f1f702","prev_hash":"50906cefc4e8fca7801fd1ef73bce3ae9204e75ac7cd2f6ee1361c5b12d6ac55","record_hash":"83095c5a3f4e5661564c851cc266d93d05eb59aead19a0c3244c683fd7581449","signature_hex":"3d4ba99678a2e52d43036b5bdad72dcbd909b24b435cf8de58d55bf936358ef0fe69014983e126ba7e5eac84ed531b6164295016881c6bdeb0bafebe45a60b0f","public_key_hex":"c2f8243b0d573587f285c830a868acd19249d17d59ecbf9329e796dfed6fb630"}
{"seq":39,"ts":1779548400000,"agent_id":"regime","symbol":"BTCUSDT","side":"buy","price":75500.64490956,"quantity":0.026489839952966512,"notional_usd":2000.0,"fee_usd":1.2,"balance_before_usd":9810.890922714352,"balance_after_usd":9809.091062684358,"decision":"ALLOW_CAPPED","cert_hash":"1a24ac33290c55b5134317c7faa907e4b10d5a2810b70dde5b79c20f5d4b6ea2","prev_hash":"83095c5a3f4e5661564c851cc266d93d05eb59aead19a0c3244c683fd7581449","record_hash":"44ecb0573600d1c9dc5a9bbab633fe93b8d1cd4ce58d9f50e817603e1aa34550","signature_hex":"9752ffcff202431f206906c3f21089e25947ac8ea950dfb9c9af69ea4c9751473a5a8da5ae319bd256020f4513f8ebefbb78516f62fbb30aa50df97c78e4970b","public_key_hex":"c2f8243b0d573587f285c830a868acd19249d17d59ecbf9329e796dfed6fb630"}
{"seq":40,"ts":1779552000000,"agent_id":"regime","symbol":"BTCUSDT","side":"buy","price":75416.61970787999,"quantity":0.026519353529060753,"notional_usd":2000.0,"fee_usd":1.2,"balance_before_usd":9813.289456882336,"balance_after_usd":9811.489596852341,"decision":"ALLOW_CAPPED","cert_hash":"3479d51c4c35d619bc39841f4528ee15f789e7a298f08492d10ce4abc8d62616","prev_hash":"44ecb0573600d1c9dc5a9bbab633fe93b8d1cd4ce58d9f50e817603e1aa34550","record_hash":"ce0cef1f579f4658f8c8c10f09f8e6048ce7513c0b5574a22d0322fbc130bd80","signature_hex":"8bc1fd5a4854f973889f6fd230b4cb55dfbf85c0708c83505da766b9e696e46e779f1420446550e7f1ecb9ea8ed3eebd96d8edd8dd2a7745bb8941965382210b","public_key_hex":"c2f8243b0d573587f285c830a868acd19249d17d59ecbf9329e796dfed6fb630"}
{"seq":41,"ts":1779555600000,"agent_id":"regime","symbol":"BTCUSDT","side":"buy","price":75466.81981257568,"quantity":0.026449180382812205,"notional_usd":1996.03553014,"fee_usd":1.197621318084,"balance_before_usd":9810.161449909127,"balance_after_usd":9808.365553088004,"decision":"ALLOW","cert_hash":"a96213786cb48eb825d26bd5c477bb8ab6ed719f0f5719adb8877339134aede0","prev_hash":"ce0cef1f579f4658f8c8c10f09f8e6048ce7513c0b5574a22d0322fbc130bd80","record_hash":"e70a518409525fde50e44f86eec02afef211b6852a5ea4958d3a77508f5ad6b6","signature_hex":"51bfbe32c1119519443440b671dcba2c0729dfdd8396aaa269bc97bbb547f8ccdbef18d2723a164d1afff3a65618e084eaf681eba1a8ff86adccb681b3068902","public_key_hex":"c2f8243b0d573587f285c830a868acd19249d17d59ecbf9329e796dfed6fb630"}
{"seq":42,"ts":1779570000000,"agent_id":"regime","symbol":"BTCUSDT","side":"sell","price":76743.871465338,"quantity":0.026060712885762043,"notional_usd":2000.0,"fee_usd":1.2,"balance_before_usd":9808.355064024398,"balance_after_usd":9806.55492399439,"decision":"ALLOW_CAPPED","cert_hash":"d9502888834b92b0a75fbac7a07d1aba3cf0912f413b38012bf920a97196fe08","prev_hash":"e70a518409525fde50e44f86eec02afef211b6852a5ea4958d3a77508f5ad6b6","record_hash":"6cb24af65e8b7457f6314d83b905badde954e7bc3cdf2247dd2ae3c6ed0ebc9d","signature_hex":"3eeacb1b78bff5546952caace20bd29182fe137b3913ae2605e501bf35be1c0ef316ad7ed87892bde46e8e0a8ca06291beb15113a8aed4446c7392e440057104","public_key_hex":"c2f8243b0d573587f285c830a868acd19249d17d59ecbf9329e796dfed6fb630"}
{"seq":43,"ts":1779573600000,"agent_id":"regime","symbol":"BTCUSDT","side":"buy","price":76560.04436015614,"quantity":0.026060830386592147,"notional_usd":1995.21833046,"fee_usd":1.197130998276,"balance_before_usd":9812.545498138677,"balance_after_usd":9810.750418062044,"decision":"ALLOW","cert_hash":"019c5b0de677333f7a5013c9a9a6167158689c9d885f20aefd8b8ae5efe8c152","prev_hash":"6cb24af65e8b7457f6314d83b905badde954e7bc3cdf2247dd2ae3c6ed0ebc9d","record_hash":"3de65630314a3167f7ad44ba61dd278dcf4c02054f5b6ce8153aa188d6a7625f","signature_hex":"7e7ece2cecf1ef00c38b556e2c1fbe0762d6644806b53db2cd0e929fdc4792a6023a3eb659ea127888dc17b05f273ce14d5f35700d573bb304b9fcdab6785f02","public_key_hex":"c2f8243b0d573587f285c830a868acd19249d17d59ecbf9329e796dfed6fb630"}
{"seq":44,"ts":1779681600000,"agent_id":"regime","symbol":"BTCUSDT","side":"sell","price":77322.097956906,"quantity":0.025865826883210825,"notional_usd":2000.0,"fee_usd":1.2,"balance_before_usd":9810.744007399668,"balance_after_usd":9808.94386736966,"decision":"ALLOW_CAPPED","cert_hash":"64e121bb235aa67c82448939d8c72e39609fc366674ee50d77eb15ada47fdc36","prev_hash":"3de65630314a3167f7ad44ba61dd278dcf4c02054f5b6ce8153aa188d6a7625f","record_hash":"9cfc9b6e595752add37710e2b81a45bf5ad8434a055fd5866ee747ebb4472d3d","signature_hex":"36eb9e61168b46ce64c3766eeeea71f18e7da338963d9a2523c5b4b45f9f61f10a2e35d00c9fc5a9b58969a022e18a67c7743a3d99ddc67514f21e42df87c305","public_key_hex":"c2f8243b0d573587f285c830a868acd19249d17d59ecbf9329e796dfed6fb630"}
{"seq":45,"ts":1779685200000,"agent_id":"regime","symbol":"BTCUSDT","side":"buy","price":77381.20894715999,"quantity":0.025846068150288354,"notional_usd":2000.0,"fee_usd":1.2,"balance_before_usd":9808.615272149,"balance_after_usd":9806.815412119005,"decision":"ALLOW_CAPPED","cert_hash":"51499f4ddf087fa4b2fa581c6737ea9ad8bff12956c38dad05cecfe17d2eaf69","prev_hash":"9cfc9b6e595752add37710e2b81a45bf5ad8434a055fd5866ee747ebb4472d3d","record_hash":"5f45a4da0c9ea630e4633cb96928123f9f84cae2592f3bdb4020e7d477b24f2d","signature_hex":"2b4d23174559b1ec189539842add138e6ae5e17381f406765aea886fcd3e757f85948b9b1ee030460b8dc9e7df3ef3c814e7937e938db43f092f3fe51f32990b","public_key_hex":"c2f8243b0d573587f285c830a868acd19249d17d59ecbf9329e796dfed6fb630"}
{"seq":46,"ts":1779753600000,"agent_id":"regime","symbol":"BTCUSDT","side":"buy","price":76777.627915092,"quantity":0.026049254897686995,"notional_usd":2000.0,"fee_usd":1.2,"balance_before_usd":9806.831581329809,"balance_after_usd":9805.031721299814,"decision":"ALLOW_CAPPED","cert_hash":"e92741ee729826b07942ea66ba2776dc55f30835af6fa3406c4af2a217421a44","prev_hash":"5f45a4da0c9ea630e4633cb96928123f9f84cae2592f3bdb4020e7d477b24f2d","record_hash":"f56bfd6ae4c2b34030088db7d2b82d9904116dc2f025cbcd49776f48429b11b8","signature_hex":"da32d49dc49479a51e79382ea3fb0ce879946f54f8f9da5ba3149240099f0e3ce9a8f0e01e06e628b843868d9fa32b03a7e239b936ce04764edf18297231ba0f","public_key_hex":"c2f8243b0d573587f285c830a868acd19249d17d59ecbf9329e796dfed6fb630"}
{"seq":47,"ts":1779757200000,"agent_id":"regime","symbol":"BTCUSDT","side":"sell","price":76699.09856646339,"quantity":0.02602948731633387,"notional_usd":1996.43821331,"fee_usd":1.197862927986,"balance_before_usd":9804.186016581976,"balance_after_usd":9802.389438131491,"decision":"ALLOW","cert_hash":"8bd13bf400453388f1f06ac67c41503ef2156b5d9cd28237e11406166fbab1d6","prev_hash":"f56bfd6ae4c2b34030088db7d2b82d9904116dc2f025cbcd49776f48429b11b8","record_hash":"42206f0b12322b9ddf9c83309f594a16c810ac66586c8e2a52fe2f997006e36f","signature_hex":"bbbe627f3f411cb1ab12cfb00e53db53cbc8ade04458e6a8534bb68ace5948c5ad0de7dc82bb2ff958bd92a5d158cac177bc6b29ff714fbcbdcf27228b42bd01","public_key_hex":"c2f8243b0d573587f285c830a868acd19249d17d59ecbf9329e796dfed6fb630"}
{"seq":48,"ts":1779760800000,"agent_id":"regime","symbol":"BTCUSDT","side":"buy","price":76652.89050259799,"quantity":0.02609164490583971,"notional_usd":2000.0,"fee_usd":1.2,"balance_before_usd":9802.390157631757,"balance_after_usd":9800.590297601762,"decision":"ALLOW_CAPPED","cert_hash":"c0579aba4a47cb77f068e4da17627d5a08a3f568097415300770f89fe5edd595","prev_hash":"42206f0b12322b9ddf9c83309f594a16c810ac66586c8e2a52fe2f997006e36f","record_hash":"67ea33f8c94ec75086621b1a82bfd8ecadaecd8414a664feca48b3c6f2cd835c","signature_hex":"893a1328e2b712c15e205d4a3bbee26508dfd3e341196f9a89245a42009ad838c1ebf23634d8bcf320ed452706d605ea3cf18ca4dd31fcea0772ed6fcc63490f","public_key_hex":"c2f8243b0d573587f285c830a868acd19249d17d59ecbf9329e796dfed6fb630"}
{"seq":49,"ts":1779764400000,"agent_id":"regime","symbol":"BTCUSDT","side":"sell","price":76606.4173516433,"quantity":0.02609166661397361,"notional_usd":1998.78910203,"fee_usd":1.199273461218,"balance_before_usd":9800.577255681155,"balance_after_usd":9798.778326621108,"decision":"ALLOW","cert_hash":"8b7012f6bfe677ef312bbb90c4dc69f6f882894b707e101335d943e28be32504","prev_hash":"67ea33f8c94ec75086621b1a82bfd8ecadaecd8414a664feca48b3c6f2cd835c","record_hash":"e5326a961f04095bbda01047b1df4d73eb37e85a5fa8ae5e1a086c732ff7f40c","signature_hex":"5a410fe6124663d00f51e3762dd145b608a37b7efe4ab54e7f908caa59ce9d5d389c9e1d6220426c63c779090f9c05e66f135ce61cbcc590a95fcfa83120f20a","public_key_hex":"c2f8243b0d573587f285c830a868acd19249d17d59ecbf9329e796dfed6fb630"}
{"seq":50,"ts":1779937200000,"agent_id":"regime","symbol":"BTCUSDT","side":"sell","price":73210.931594658,"quantity":0.027318324687811164,"notional_usd":2000.0,"fee_usd":1.2,"balance_before_usd":9798.805130217293,"balance_after_usd":9797.004990187286,"decision":"ALLOW_CAPPED","cert_hash":"c247f238b41473c48a46a6689aea7929e15cb6e4483aa583641fbd10cbdf7fc9","prev_hash":"e5326a961f04095bbda01047b1df4d73eb37e85a5fa8ae5e1a086c732ff7f40c","record_hash":"20bd584f9f8059fc1d469beb883982c876abae5eb9069d509f73e61f20c95c59","signature_hex":"59c831df1b19f21793bb30fe511d9558f622a82352dacf2daa008876f056b1e47a226f301c7b05aad4d07f72cbd5a15eeb7642cc74e99f364ae8e1e54e894907","public_key_hex":"c2f8243b0d573587f285c830a868acd19249d17d59ecbf9329e796dfed6fb630"}
{"seq":51,"ts":1779940800000,"agent_id":"regime","symbol":"BTCUSDT","side":"sell","price":73129.55601303,"quantity":0.02734872340321123,"notional_usd":2000.0,"fee_usd":1.2,"balance_before_usd":9799.229338804324,"balance_after_usd":9797.429198774316,"decision":"ALLOW_CAPPED","cert_hash":"e0e34f02d155fe995ee923cf16f361eacede2e4d07613c5d91055c8f0dd66800","prev_hash":"20bd584f9f8059fc1d469beb883982c876abae5eb9069d509f73e61f20c95c59","record_hash":"ebcd4699c32d0c7b52e56c68a44a7abdf0f1223c74deaf76f98355f74b857a53","signature_hex":"dd0479351acbd8b7a761de930072ae69440c7f8ef8cdf71386903bb29d4eb135b7ac7111bf6966ac256fe0876c288d2d19238b08abef1197a4906771e9975a0d","public_key_hex":"c2f8243b0d573587f285c830a868acd19249d17d59ecbf9329e796dfed6fb630"}
{"seq":52,"ts":1779944400000,"agent_id":"regime","symbol":"BTCUSDT","side":"sell","price":72939.6940794048,"quantity":0.025987988304508502,"notional_usd":1895.55591667,"fee_usd":1.1373335500019999,"balance_before_usd":9807.8338271994,"balance_after_usd":9806.137598036494,"decision":"ALLOW","cert_hash":"1efd8af64602e1c61f4a93f04ae23146b00079ce27e83c1aced27fb62093080c","prev_hash":"ebcd4699c32d0c7b52e56c68a44a7abdf0f1223c74deaf76f98355f74b857a53","record_hash":"5fa113d8fb6e49f17adb7823effeff3eba4829f2de71a1a1c28d12677fa4f3b5","signature_hex":"f918f87e03a0a86fddfda3650d21a0580008d0534de77e30e360a14befcd6458ed5ad11e56ae8bb5291d1ac0411325c5e3b237c2b6bfe22d03b019c54a22990d","public_key_hex":"c2f8243b0d573587f285c830a868acd19249d17d59ecbf9329e796dfed6fb630"}
{"seq":53,"ts":1780002000000,"agent_id":"regime","symbol":"BTCUSDT","side":"buy","price":73805.63652567,"quantity":0.027098201358976007,"notional_usd":2000.0,"fee_usd":1.2,"balance_before_usd":9740.920854007196,"balance_after_usd":9739.120993977202,"decision":"ALLOW_CAPPED","cert_hash":"84ba2bfca619d47797c8a4aa127195bd826876a705799c431a996bff420c4088","prev_hash":"5fa113d8fb6e49f17adb7823effeff3eba4829f2de71a1a1c28d12677fa4f3b5","record_hash":"bfd967fc53d2e2bc37003f938a3a2ec19d7886890f5d5c78f57573fb7eea6a89","signature_hex":"bc93ab2623ae5b75550e5446974f1febceeab8698622ab7dad09055923f810a1b3056934c6c39168946108b01bc89e75322b2ec6ee58a89b57cf93aa4de20b0f","public_key_hex":"c2f8243b0d573587f285c830a868acd19249d17d59ecbf9329e796dfed6fb630"}
{"seq":54,"ts":1780005600000,"agent_id":"regime","symbol":"BTCUSDT","side":"buy","price":73462.0334688,"quantity":0.027224947439678734,"notional_usd":2000.0,"fee_usd":1.2,"balance_before_usd":9757.520454836693,"balance_after_usd":9755.720594806697,"decision":"ALLOW_CAPPED","cert_hash":"0ae1373c1c05a61609dcfb201beb616ea8d9b505b844f5c7156f469704fc7278","prev_hash":"bfd967fc53d2e2bc37003f938a3a2ec19d7886890f5d5c78f57573fb7eea6a89","record_hash":"dffd8b17d76e67a6696ed8f142b5b79505ea462f5c3c155606d6246dfa2b9a9a","signature_hex":"5727143e2b3cd3c101ee6b21d0f5a7b2ded51f815e2ab901f183b27f13b81432536f669429fb5a5e01ad2d84c71765662c1ee800182ab9b91831e106cdc4030d","public_key_hex":"c2f8243b0d573587f285c830a868acd19249d17d59ecbf9329e796dfed6fb630"}
{"seq":55,"ts":1780009200000,"agent_id":"regime","symbol":"BTCUSDT","side":"buy","price":73611.9516086126,"quantity":0.026331894087198934,"notional_usd":1938.34211331,"fee_usd":1.1630052679860001,"balance_before_usd":9751.767003886069,"balance_after_usd":9750.028604374462,"decision":"ALLOW","cert_hash":"4d5c4c9bd265e8b67a44539f02e9bc5509ca4cc62bef3770e0cf4a13bc916d8e","prev_hash":"dffd8b17d76e67a6696ed8f142b5b79505ea462f5c3c155606d6246dfa2b9a9a","record_hash":"ae624df2f7fdf37c58dd2f745a96b2cc6308b17564cfb3ccd0d59041481881da","signature_hex":"4d5337239df03b2f2352120b5930f1e0261f4f15f627ef6eb0483b28e20bfc291aa50ca184b2ba87e0459489fe004c3eaffe1508aa6392fb5f398eb201136406","public_key_hex":"c2f8243b0d573587f285c830a868acd19249d17d59ecbf9329e796dfed6fb630"}
{"seq":56,"ts":1780160400000,"agent_id":"regime","symbol":"BTCUSDT","side":"sell","price":73952.8089795,"quantity":0.027044273606353583,"notional_usd":2000.0,"fee_usd":1.2,"balance_before_usd":9750.025707098677,"balance_after_usd":9748.22556706867,"decision":"ALLOW_CAPPED","cert_hash":"c620455298f0e2802bc74c137c3ae40af5ef27bb0b4570eb2f16c24c64527613","prev_hash":"ae624df2f7fdf37c58dd2f745a96b2cc6308b17564cfb3ccd0d59041481881da","record_hash":"5eea8cebccaa8ac1162ef89cb29c0840c94dde0d5002620e45ffd46825358bc0","signature_hex":"3edc431358ab33317c9b2d4aac52f437484c1c66e024357c981ba210b07a5abd855d47f4178bb972ca58bc91dadd3f2c37456dbcd1545cfa7e18eb500bd3a805","public_key_hex":"c2f8243b0d573587f285c830a868acd19249d17d59ecbf9329e796dfed6fb630"}
{"seq":57,"ts":1780164000000,"agent_id":"regime","symbol":"BTCUSDT","side":"sell","price":73974.30252993,"quantity":0.027036415776827364,"notional_usd":2000.0,"fee_usd":1.2,"balance_before_usd":9747.643947079605,"balance_after_usd":9745.843807049598,"decision":"ALLOW_CAPPED","cert_hash":"ef75bc804eb49ecbfdca2bf701843257f28b57ba4d8a8742a4928d36e0b823fa","prev_hash":"5eea8cebccaa8ac1162ef89cb29c0840c94dde0d5002620e45ffd46825358bc0","record_hash":"6a51708b0571f5722511fe90ad5158fb2491eda7599fa8ed9e2231c768f5ea92","signature_hex":"55108e5ad06b4353171b61ae9a5a5510ce1094fd4d6577be86adfe94244e57b0931850ab1a0823965d32732c49c071a38ef70b45bb0d283e080b76ccca86d20f","public_key_hex":"c2f8243b0d573587f285c830a868acd19249d17d59ecbf9329e796dfed6fb630"}
{"seq":58,"ts":1780167600000,"agent_id":"regime","symbol":"BTCUSDT","side":"buy","price":73988.491369326,"quantity":0.027031230979108135,"notional_usd":2000.0,"fee_usd":1.2,"balance_before_usd":9747.477280000001,"balance_after_usd":9745.677419970007,"decision":"ALLOW_CAPPED","cert_hash":"156230de4a432fe6ac013f78d02cbc26c40efc85aca3038ee48072f369e77d1c","prev_hash":"6a51708b0571f5722511fe90ad5158fb2491eda7599fa8ed9e2231c768f5ea92","record_hash":"5057359abdb6d483e7db34d28f41e696c870d2b3570eaadc3bada482764f82bf","signature_hex":"edc2b1be0d8e9297fcfe228e8198f07aa19f3578abdbb9c1597e082a2163530f1c67d15dd8b5d9d05a8f822f8c9188ef13242f018877ad854e54f5f998856708","public_key_hex":"c2f8243b0d573587f285c830a868acd19249d17d59ecbf9329e796dfed6fb630"}
{"seq":59,"ts":1780171200000,"agent_id":"regime","symbol":"BTCUSDT","side":"buy","price":73956.081648678,"quantity":0.027043076856083696,"notional_usd":2000.0,"fee_usd":1.2,"balance_before_usd":9746.554075754928,"balance_after_usd":9744.754215724934,"decision":"ALLOW_CAPPED","cert_hash":"e59c2a6fde853d782d273a4a8c014b9588a193cf9101fffa983073f0aa0c73f6","prev_hash":"5057359abdb6d483e7db34d28f41e696c870d2b3570eaadc3bada482764f82bf","record_hash":"268dd4ae0145b326de01e32002608827ce4523e4f4f3599ccb4bc19db4556b2d","signature_hex":"66d67f9ba46bed549765af8e0f892f5843bd35131614837213b776c73e77c744862d8a9fa0bab0f7221117bde0d23ad48ebd2f2d0bee567799e43195fdd73207","public_key_hex":"c2f8243b0d573587f285c830a868acd19249d17d59ecbf9329e796dfed6fb630"}
{"seq":60,"ts":1780236000000,"agent_id":"regime","symbol":"BTCUSDT","side":"buy","price":73596.873911496,"quantity":0.02717506727806268,"notional_usd":2000.0,"fee_usd":1.2,"balance_before_usd":9744.759237393182,"balance_after_usd":9742.95937736319,"decision":"ALLOW_CAPPED","cert_hash":"5ef419b44e0b2b1f9efa4953af4c3ab263549facc97d0ecd34bf5a9c041ed9ed","prev_hash":"268dd4ae0145b326de01e32002608827ce4523e4f4f3599ccb4bc19db4556b2d","record_hash":"b02589f3464e427f6f04d7803f4ba03b154a7f1c2347b7d49b50bc48a836698f","signature_hex":"dc26e291579a1f2f346af04e72976a5f2da0410a4ec738356e36d5b0c56f0b12ff51f6e8762f1b4ec53ad404df3efaa2c3b134dac82ae03f001c4183c2d5d404","public_key_hex":"c2f8243b0d573587f285c830a868acd19249d17d59ecbf9329e796dfed6fb630"}
{"seq":61,"ts":1780239600000,"agent_id":"regime","symbol":"BTCUSDT","side":"buy","price":73655.49149266799,"quantity":0.027153440422009664,"notional_usd":2000.0,"fee_usd":1.2,"balance_before_usd":9744.551004158944,"balance_after_usd":9742.75114412895,"decision":"ALLOW_CAPPED","cert_hash":"b4b73088d9caaca86fbb2fdb64145a397f1ab0f752ba77f57fb4a27b2d19c6b3","prev_hash":"b02589f3464e427f6f04d7803f4ba03b154a7f1c2347b7d49b50bc48a836698f","record_hash":"efc4d355ab14530d5a99dfd0c8e7a65e3d0a9dfd2b376f0e6815b6ef36e785aa","signature_hex":"f2cd29417023fd3c73efdc41969c103f84624f97637ccecf516639dde107a46af9358d3bad9dd457d3c3fca9d22d9c9d8556995adde144dffb39e20670f16b0e","public_key_hex":"c2f8243b0d573587f285c830a868acd19249d17d59ecbf9329e796dfed6fb630"}
{"seq":62,"ts":1780243200000,"agent_id":"regime","symbol":"BTCUSDT","side":"buy","price":73527.8978787269,"quantity":0.025145132155136925,"notional_usd":1848.86870925,"fee_usd":1.1093212255499998,"balance_before_usd":9735.52983872428,"balance_after_usd":9733.879950497087,"decision":"ALLOW","cert_hash":"73122f96d8579ac8a08552c1db623ec93ee69692da092898a74b937a94901321","prev_hash":"efc4d355ab14530d5a99dfd0c8e7a65e3d0a9dfd2b376f0e6815b6ef36e785aa","record_hash":"d49238299e4660f1cb80d61f6f11f46e891f2aa6cbd879feb3c0f7b8d6200efc","signature_hex":"b0c00e2646c5959eac5daa765216bfebf590b1355ce7f16ba0df710e72bad815266804d5b83d842c61d03d2c038128559850e2607bf9285a03fbe682ae06310b","public_key_hex":"c2f8243b0d573587f285c830a868acd19249d17d59ecbf9329e796dfed6fb630"}
{"seq":63,"ts":1780246800000,"agent_id":"regime","symbol":"BTCUSDT","side":"sell","price":73663.995643722,"quantity":0.02715030568899706,"notional_usd":2000.0,"fee_usd":1.2,"balance_before_usd":9748.15881175707,"balance_after_usd":9746.358671727063,"decision":"ALLOW_CAPPED","cert_hash":"45ab2dcc01c8690205c2842713f1a495fd44f48b7a9a927fca05095039c54edc","prev_hash":"d49238299e4660f1cb80d61f6f11f46e891f2aa6cbd879feb3c0f7b8d6200efc","record_hash":"3f65fb57e778ec8ca389a2c0aeb7626560810418e09d1f4b795b2e447be1cf72","signature_hex":"b01a97a4ba6e48ea6a1259975172a5cda55e0bbfeaf8071ba9484f22ca0f752ba2e88825d1142b9f898c2faee2a3f49823f0ba7760b6fc9e9f54b63a9be71605","public_key_hex":"c2f8243b0d573587f285c830a868acd19249d17d59ecbf9329e796dfed6fb630"}
{"seq":64,"ts":1780250400000,"agent_id":"regime","symbol":"BTCUSDT","side":"sell","price":73559.027141622,"quantity":0.027189049090459452,"notional_usd":2000.0,"fee_usd":1.2,"balance_before_usd":9740.866212687522,"balance_after_usd":9739.066072657517,"decision":"ALLOW_CAPPED","cert_hash":"e9d00c8a9d1d60f411c0a23146d0e1ea40aaf8c77f8c2ba2af833d9bbad69704","prev_hash":"3f65fb57e778ec8ca389a2c0aeb7626560810418e09d1f4b795b2e447be1cf72","record_hash":"b07549da9312e362597be97d46bae16421782c0add12b90bc87521066cc94829","signature_hex":"bcf9ac9882ec4614c7dab07edd9a62e6d7f87a591651679e8c3f8f887c3fcae9db144e8b031a715049f2d6fdbcee5c439249860d50b524a64b040ab359adb005","public_key_hex":"c2f8243b0d573587f285c830a868acd19249d17d59ecbf9329e796dfed6fb630"}
{"seq":65,"ts":1780254000000,"agent_id":"regime","symbol":"BTCUSDT","side":"buy","price":73550.660050572,"quantity":0.027192142104840923,"notional_usd":2000.0,"fee_usd":1.2,"balance_before_usd":9737.747268214996,"balance_after_usd":9735.947408185002,"decision":"ALLOW_CAPPED","cert_hash":"92442e89bce7ba1318c5732d6c3aa7818b96195864acfa49740d3a7b524e31b9","prev_hash":"b07549da9312e362597be97d46bae16421782c0add12b90bc87521066cc94829","record_hash":"2658339527e83e7ec0e98bc98f9180d23dd98c19c6392be6112df3f7c7405ffd","signature_hex":"16f22df0b0cf8d0d77bc07daffb32beb74a2ec0b7a915f34b59ac5cd4e05fc60363225a182ff649ea399b0b839480e0f0d69ea2ccdd27230f8e4ec335df7b400","public_key_hex":"c2f8243b0d573587f285c830a868acd19249d17d59ecbf9329e796dfed6fb630"}
{"seq":66,"ts":1780257600000,"agent_id":"regime","symbol":"BTCUSDT","side":"sell","price":73693.686734316,"quantity":0.027139366866126478,"notional_usd":2000.0,"fee_usd":1.2,"balance_before_usd":9745.740257027788,"balance_after_usd":9743.940116997783,"decision":"ALLOW_CAPPED","cert_hash":"b3f7a4dc47b296aec7379d692e900b53f46eaf08de4616de4e910d1229b7fda1","prev_hash":"2658339527e83e7ec0e98bc98f9180d23dd98c19c6392be6112df3f7c7405ffd","record_hash":"4ec58f9432807d3e58f690ff652a0108e482c5fcba5b450756f4da6ed8bc27cd","signature_hex":"6c755c8e37e403caafde531db28817374a6bc15948bba9ce7e0f8a5939c4c127c42d5ebb7c90e93129835ce9f3cb9698cd82fea4ef34414b39f5260382deee0f","public_key_hex":"c2f8243b0d573587f285c830a868acd19249d17d59ecbf9329e796dfed6fb630"}
{"seq":67,"ts":1780261200000,"agent_id":"regime","symbol":"BTCUSDT","side":"sell","price":73843.36122108951,"quantity":0.025180236417636975,"notional_usd":1859.39329342,"fee_usd":1.1156359760519998,"balance_before_usd":9747.69590768862,"balance_after_usd":9746.035402143812,"decision":"ALLOW","cert_hash":"508ee402dda0b11bf28e10e72ad609862744935e6585a624e6a8313f45616af0","prev_hash":"4ec58f9432807d3e58f690ff652a0108e482c5fcba5b450756f4da6ed8bc27cd","record_hash":"8156b2b14ffd696e5ff4dd3d10bc17a0bfbd42acf277dfc945f327d3a51ec7b9","signature_hex":"259dc74026835cf787c1863f283db4c19ea7cfa2e17d27865cde9c7ccd23823291e274273f0483c20be1dd18a2bbb687a0b3002cc0c2f9a541112aa0a61f420b","public_key_hex":"c2f8243b0d573587f285c830a868acd19249d17d59ecbf9329e796dfed6fb630"}
{"seq":68,"ts":1780326000000,"agent_id":"regime","symbol":"BTCUSDT","side":"sell","price":71107.16287257,"quantity":0.02812656164589449,"notional_usd":2000.0,"fee_usd":1.2,"balance_before_usd":9746.055690345192,"balance_after_usd":9744.255550315185,"decision":"ALLOW_CAPPED","cert_hash":"ab9b0162aa2d0de2b0a8427447caed4cade4b6bf3e654bec5460b1c71c5b853c","prev_hash":"8156b2b14ffd696e5ff4dd3d10bc17a0bfbd42acf277dfc945f327d3a51ec7b9","record_hash":"585b5ecd06e4372408ff80e011e0667521b88edd048e05279b3424fa74e1662f","signature_hex":"e8e78281d21b0615262aa0f75e629d2d2f5e90723fb56e2c3511fb6c5a99d34728172ca8c542a0e06c006bef8a1e80bb758706f1efb47fdf7d8971bcbb115702","public_key_hex":"c2f8243b0d573587f285c830a868acd19249d17d59ecbf9329e796dfed6fb630"}
{"seq":69,"ts":1780329600000,"agent_id":"regime","symbol":"BTCUSDT","side":"sell","price":71528.83634100601,"quantity":0.027960751248142998,"notional_usd":2000.0,"fee_usd":1.2,"balance_before_usd":9732.589954352035,"balance_after_usd":9730.78981432203,"decision":"ALLOW_CAPPED","cert_hash":"674b70c0898b2be81fd9e0edd3cbba0521ca6653807d1125e2dda864db4cfa08","prev_hash":"585b5ecd06e4372408ff80e011e0667521b88edd048e05279b3424fa74e1662f","record_hash":"92453b828eb29b6c82b46952cb0168c828ef5465d4fd0f9f044fdd3956f3281b","signature_hex":"6a8075720bcfb841c1fbe059e600f7fb9fd7c4c796cc67999cfb2b7409d9f2d37cb62cda43d1e27694583bfe5c9a3cfce3f106f45edaef93ca8966d6cc2ef004","public_key_hex":"c2f8243b0d573587f285c830a868acd19249d17d59ecbf9329e796dfed6fb630"}
{"seq":70,"ts":1780333200000,"agent_id":"regime","symbol":"BTCUSDT","side":"sell","price":71604.1650188817,"quantity":0.025392064721661854,"notional_usd":1818.1775925,"fee_usd":1.0909065555,"balance_before_usd":9726.599541019852,"balance_after_usd":9724.979591275322,"decision":"ALLOW","cert_hash":"2c6aba2b7d4d5f78585a0064425b26bba58a4c97a3e467d70ee5eb2fc2e80876","prev_hash":"92453b828eb29b6c82b46952cb0168c828ef5465d4fd0f9f044fdd3956f3281b","record_hash":"0c365f40e2c8ed836f454025c5510942bef982168e775fd58d8a22e83926ccd1","signature_hex":"6bb29974af4fbee6559e286f0cc15de213e7c1cf38552420f9f8f60f7215a5729457b115d247c27278da8f5e4b62b6d0485548e8bdcabb813a16921e7aa3bf0b","public_key_hex":"c2f8243b0d573587f285c830a868acd19249d17d59ecbf9329e796dfed6fb630"}
{"seq":71,"ts":1780380000000,"agent_id":"regime","symbol":"BTCUSDT","side":"sell","price":70077.2859428459,"quantity":0.002835700220782978,"notional_usd":198.71817522,"fee_usd":0.11923090513199999,"balance_before_usd":9850.479581451387,"balance_after_usd":9850.318625891136,"decision":"ALLOW","cert_hash":"19d2a39f08e5affd8b5958b497ed10a2ad9ff16f8f0fc7ac965e238ee36ba345","prev_hash":"0c365f40e2c8ed836f454025c5510942bef982168e775fd58d8a22e83926ccd1","record_hash":"0ff7c03688234a6648e79e9be52013404ee93583691639275abb38292b7d56ba","signature_hex":"d85584b135255def7c8fead483f9d32ed9b6b5c48c6b00ce089dd28d52d1a094572c1776837fc2c595e01b01f6ccf7b3bed12e3d594bbce754bec76e0ff33f0c","public_key_hex":"c2f8243b0d573587f285c830a868acd19249d17d59ecbf9329e796dfed6fb630"}
{"seq":72,"ts":1780408800000,"agent_id":"regime","symbol":"BTCUSDT","side":"sell","price":67981.93955960196,"quantity":0.00416185825533773,"notional_usd":282.93119637,"fee_usd":0.16975871782200003,"balance_before_usd":10027.604944500463,"balance_after_usd":10027.374587293569,"decision":"ALLOW","cert_hash":"a6831951d0244b2a9e587c9abd8101d6d39c2a4d58023831e8095ee2897ffdab","prev_hash":"0ff7c03688234a6648e79e9be52013404ee93583691639275abb38292b7d56ba","record_hash":"ae20b4328c3ea1ee9df907357434df9e0e59bddab31adb3179fdb4fda05d5f78","signature_hex":"963e332161457c1a7d75635ea3967f7524155ddd75586b38a9ca52b550604e620866a0436b37ecbd72169231d96635a10cd4fbb03d7220d8c245658ad0c98c0f","public_key_hex":"c2f8243b0d573587f285c830a868acd19249d17d59ecbf9329e796dfed6fb630"}
{"seq":73,"ts":1780437600000,"agent_id":"regime","symbol":"BTCUSDT","side":"sell","price":66345.85944870196,"quantity":0.0034947238045694847,"notional_usd":231.86045435,"fee_usd":0.13911627260999998,"balance_before_usd":10172.784322434292,"balance_after_usd":10172.59613831283,"decision":"ALLOW","cert_hash":"f6bed3bba2921675aeda4c4db60877005ae38f0a71d43f52a05ce2f828ece637","prev_hash":"ae20b4328c3ea1ee9df907357434df9e0e59bddab31adb3179fdb4fda05d5f78","record_hash":"0c7cb78fee0d576c8a60f36c5aae3d3fdb75574f81c4ea2b05bade1858dd4f08","signature_hex":"9bd3c84d6ba0f007b43b8c8757e1da30d5ca2ced4b1ce68ae4569ad269cec90b9e8a477cb720302fbfebd6c3db5dc61a2e11d4ddc75241a149ac5797afdfe705","public_key_hex":"c2f8243b0d573587f285c830a868acd19249d17d59ecbf9329e796dfed6fb630"}
{"seq":74,"ts":1780524000000,"agent_id":"regime","symbol":"BTCUSDT","side":"sell","price":64874.51870171552,"quantity":0.0033465372146839365,"notional_usd":217.10499112,"fee_usd":0.130262994672,"balance_before_usd":10309.09850745738,"balance_after_usd":10308.922459488851,"decision":"ALLOW","cert_hash":"ba95bef7238a9d875202e7f49b22570eca1727482949104a1174e866bf13390d","prev_hash":"0c7cb78fee0d576c8a60f36c5aae3d3fdb75574f81c4ea2b05bade1858dd4f08","record_hash":"f4648e113d101e45f5d45f17b3054dcab058448b5ce2fa20b84c1eb9e137b0d2","signature_hex":"6fa6d8c44c57904e8e369bb7abfce24c248768224ac86d2388d757d018ce9886be4b18646721bfb699dd6a51d192444eea60c4e4d4c001f1ba944944df225309","public_key_hex":"c2f8243b0d573587f285c830a868acd19249d17d59ecbf9329e796dfed6fb630"}
{"seq":75,"ts":1780531200000,"agent_id":"regime","symbol":"BTCUSDT","side":"sell","price":63302.377867769595,"quantity":0.0037907866414000633,"notional_usd":239.96580839,"fee_usd":0.14397948503400002,"balance_before_usd":10459.301276339984,"balance_after_usd":10459.10641641539,"decision":"ALLOW","cert_hash":"b084af9e6d60974b3628395d60a5e6bff3aeec627510e9d3338a0b3cf93c2259","prev_hash":"f4648e113d101e45f5d45f17b3054dcab058448b5ce2fa20b84c1eb9e137b0d2","record_hash":"54ba9ca1101266c2c45bb198ed90bb032c36700d545d0eebc298a08d8bee676e","signature_hex":"8c72569a97c0be8ab096bab4da044f546b13e4d4eea63a2c4390091923005a14325923c0b1f3d030b0ddcee835504d28754469a10831b18584b9413ab535100a","public_key_hex":"c2f8243b0d573587f285c830a868acd19249d17d59ecbf9329e796dfed6fb630"}
{"seq":76,"ts":1780639200000,"agent_id":"regime","symbol":"BTCUSDT","side":"sell","price":61904.83130677052,"quantity":0.0035783872649980467,"notional_usd":221.51945999,"fee_usd":0.132911675994,"balance_before_usd":10597.660576920785,"balance_after_usd":10597.480900399365,"decision":"ALLOW","cert_hash":"1a13daa2dcf571068f1c8933ebb86325e48cf4e9b401f763291fcdff0eaf021e","prev_hash":"54ba9ca1101266c2c45bb198ed90bb032c36700d545d0eebc298a08d8bee676e","record_hash":"a4dcd335cd20538de35aed5293ac815a50663ec933faaeaefbb3b0bd4f41d23f","signature_hex":"3cf204185dc0b4af5f1bef1a08b91d7c436ab6889e9cc6f3d61fddd279f75c7c8698a5f53543efec0b17c2d1eb9fe9ec3060d162b017c4f511912b864267310a","public_key_hex":"c2f8243b0d573587f285c830a868acd19249d17d59ecbf9329e796dfed6fb630"}
{"seq":77,"ts":1780671600000,"agent_id":"regime","symbol":"BTCUSDT","side":"sell","price":60392.46900634382,"quantity":0.004115173156174392,"notional_usd":248.52546729,"fee_usd":0.149115280374,"balance_before_usd":10753.054171830143,"balance_after_usd":10752.852254789108,"decision":"ALLOW","cert_hash":"a378044b8aa61f299fb4b38e3e071ed7ffca527ea40fcd863552d67673e9edb0","prev_hash":"a4dcd335cd20538de35aed5293ac815a50663ec933faaeaefbb3b0bd4f41d23f","record_hash":"1d25e8834646acc10fc7846622275214771709d09aa85c9aaf4ecc8ae0f9b003","signature_hex":"636954d018a8dbe37bdce97b7e89d9739abfdbe9898572939e8f4b3900f9a17aaad5b595c91eb3c8ba17ccc621a3529999c494514e2295f9bbfa680561456009","public_key_hex":"c2f8243b0d573587f285c830a868acd19249d17d59ecbf9329e796dfed6fb630"}
{"seq":78,"ts":1780794000000,"agent_id":"regime","symbol":"BTCUSDT","side":"buy","price":61463.834848908,"quantity":0.03253946007300801,"notional_usd":2000.0,"fee_usd":1.2,"balance_before_usd":10641.70174192273,"balance_after_usd":10639.901881892736,"decision":"ALLOW_CAPPED","cert_hash":"9b428a1846176fc681f0e1ba0f6385716b5759395d03afae3e6d1d0051275bf6","prev_hash":"1d25e8834646acc10fc7846622275214771709d09aa85c9aaf4ecc8ae0f9b003","record_hash":"6754c0a2b515fca3d85f4142be8225ea2fd11d982f0f8c31c5038a4bdb7a24bd","signature_hex":"8c660e4a033c0fdf7406bbfebfb0655b933d3db37d526a14a6806327ba24537f8e7e0d14fc68125b71bb08b5164568fc1edcae00c691dccf06317687b56f800d","public_key_hex":"c2f8243b0d573587f285c830a868acd19249d17d59ecbf9329e796dfed6fb630"}
{"seq":79,"ts":1780797600000,"agent_id":"regime","symbol":"BTCUSDT","side":"buy","price":61484.841149328,"quantity":0.03252834296412359,"notional_usd":2000.0,"fee_usd":1.2,"balance_before_usd":10638.342202218875,"balance_after_usd":10636.542342188879,"decision":"ALLOW_CAPPED","cert_hash":"bb585ec7fb1e62559764c6ad1146a46af4e7d7577aa4714543f088d446411a32","prev_hash":"6754c0a2b515fca3d85f4142be8225ea2fd11d982f0f8c31c5038a4bdb7a24bd","record_hash":"7e532674a44b7621c14d4e31937fd8cb7d096c4826e2a892ece6de57015506e8","signature_hex":"8d46f5a949d9db5f82c8859f4d0afaf955a25a1700e4e2d76b3a44fc8b6bf76ce4c8b35850c408945dafe4c407c47e5dfdeebcca5d295fb88c38296d0d87a205","public_key_hex":"c2f8243b0d573587f285c830a868acd19249d17d59ecbf9329e796dfed6fb630"}
{"seq":80,"ts":1780801200000,"agent_id":"regime","symbol":"BTCUSDT","side":"buy","price":61684.50103332,"quantity":0.03242305549200542,"notional_usd":2000.0,"fee_usd":1.2,"balance_before_usd":10628.210615496759,"balance_after_usd":10626.410755466764,"decision":"ALLOW_CAPPED","cert_hash":"cfb61700313e42e3ae234e371a30638dfdddb7f070f8fe64f38cd32c0a75d3f2","prev_hash":"7e532674a44b7621c14d4e31937fd8cb7d096c4826e2a892ece6de57015506e8","record_hash":"4013520ac493e58c9685fc33ae55382f369b4c9bedb27a83ccd24b197725002a","signature_hex":"08a0933220c191fa6c7fef78b80a03b85389da60c84559d1220268c8ff00f623fdf3687c56d672cce89620e6ff485b4ef9cac4cb099bccad4f32636fc0bbd904","public_key_hex":"c2f8243b0d573587f285c830a868acd19249d17d59ecbf9329e796dfed6fb630"}
{"seq":81,"ts":1780804800000,"agent_id":"regime","symbol":"BTCUSDT","side":"buy","price":61865.15352191308,"quantity":0.00931693018713414,"notional_usd":576.39331638,"fee_usd":0.345835989828,"balance_before_usd":10624.686728959026,"balance_after_usd":10624.209025593633,"decision":"ALLOW","cert_hash":"34b91897e38284bf7a8fbece0339b291e77bcd86f9578af22a0c92ea65645472","prev_hash":"4013520ac493e58c9685fc33ae55382f369b4c9bedb27a83ccd24b197725002a","record_hash":"75d487a4a9f10c4cc80e74438d44e493062ee0650d3197193a4a504830fd51ee","signature_hex":"e9404c5a1ef469d0ef084a69f9090d7a6f3cecaa8bd9b96d29cf51dac5b72c1b5ed2765d129e9bbf10359575f3d310a9645151f801de77b934f430f1fd427603","public_key_hex":"c2f8243b0d573587f285c830a868acd19249d17d59ecbf9329e796dfed6fb630"}
{"seq":82,"ts":1780812000000,"agent_id":"regime","symbol":"BTCUSDT","side":"sell","price":62049.180901356005,"quantity":0.03223249639958249,"notional_usd":2000.0,"fee_usd":1.2,"balance_before_usd":10624.208563372378,"balance_after_usd":10622.408423342371,"decision":"ALLOW_CAPPED","cert_hash":"2615c0155198f1a9aaa9611fb02f8d9064c03a5991bdad0530c968cb828334c6","prev_hash":"75d487a4a9f10c4cc80e74438d44e493062ee0650d3197193a4a504830fd51ee","record_hash":"5c054cba703e2cf51507e54baca3aaa16573533d9e53fc9195ff8ea1c5f4f7c7","signature_hex":"a6a0c4b03838c9000ea4160557efedb27faa2b2e4d7955885b0a5767939b72c2bb159296a42693b223ec4e012b1bcf0ead847ed117afe4ec137b7a4724304900","public_key_hex":"c2f8243b0d573587f285c830a868acd19249d17d59ecbf9329e796dfed6fb630"}
{"seq":83,"ts":1780815600000,"agent_id":"regime","symbol":"BTCUSDT","side":"sell","price":62341.2932472,"quantity":0.03208146472145616,"notional_usd":2000.0,"fee_usd":1.2,"balance_before_usd":10612.989464919088,"balance_after_usd":10611.189324889081,"decision":"ALLOW_CAPPED","cert_hash":"0faad1e90230003687905128bb6801cbf35c09691f05d9ef3166415a9dede471","prev_hash":"5c054cba703e2cf51507e54baca3aaa16573533d9e53fc9195ff8ea1c5f4f7c7","record_hash":"952e6268be11b6347b620212f463c316fffc1ed7e9ffee9ad8a3af8494a365bd","signature_hex":"eeb834e512eec88a81d46af2529451ae864976fca63302c133e21e0769c563fe4587c4d3b7611a9df0b5b2f06d32cb5fa3f70180943d6ffa1c38e75d4dd79f00","public_key_hex":"c2f8243b0d573587f285c830a868acd19249d17d59ecbf9329e796dfed6fb630"}
{"seq":84,"ts":1780819200000,"agent_id":"regime","symbol":"BTCUSDT","side":"sell","price":62794.757176271996,"quantity":0.03184979272052559,"notional_usd":2000.0,"fee_usd":1.2,"balance_before_usd":10581.736790192725,"balance_after_usd":10579.936650162716,"decision":"ALLOW_CAPPED","cert_hash":"f0799d285f5799a1cd44af48371c2b9b70e1608b24d383235281fe52ffa310ea","prev_hash":"952e6268be11b6347b620212f463c316fffc1ed7e9ffee9ad8a3af8494a365bd","record_hash":"eba78c6ae5fcfe57edd24797085d42fc49d67347676aad48f384a5ebd1618c37","signature_hex":"09672ed7876734e09513605f93091866a2c36c14bf7a35746cfc71e6c2c6f683cf5b433aebce6c78f36c99c1507a553c42d8ee89053367c4ce50c5e4eae7a10d","public_key_hex":"c2f8243b0d573587f285c830a868acd19249d17d59ecbf9329e796dfed6fb630"}
{"seq":85,"ts":1780822800000,"agent_id":"regime","symbol":"BTCUSDT","side":"sell","price":62486.28918267372,"quantity":0.005692514121459946,"notional_usd":355.70408357,"fee_usd":0.21342245014200004,"balance_before_usd":10610.103888556501,"balance_after_usd":10609.812986336523,"decision":"ALLOW","cert_hash":"b8f752f0d09f985aef2fb487640c81f84978fcab4cb9f77268568ea8cf9674f6","prev_hash":"eba78c6ae5fcfe57edd24797085d42fc49d67347676aad48f384a5ebd1618c37","record_hash":"8963ebae7e67a8175d70d8b76c58affddff5ff35fd96b3ce467db8ec7cb27456","signature_hex":"3f3ee695020fc2c157e9c3224eb92c185e28554b2ee832b8b11094595a31959647a8b18c5846d3ff06287c6080b41b7ae7cbec8a2ea1067eaa523cd90e904e06","public_key_hex":"c2f8243b0d573587f285c830a868acd19249d17d59ecbf9329e796dfed6fb630"}
{"seq":86,"ts":1780826400000,"agent_id":"regime","symbol":"BTCUSDT","side":"buy","price":62358.003036786,"quantity":0.032072867997715825,"notional_usd":2000.0,"fee_usd":1.2,"balance_before_usd":10626.171445373293,"balance_after_usd":10624.371585343297,"decision":"ALLOW_CAPPED","cert_hash":"2f667ed9d62ee4a20c8197d9e79ca8263bbd7f79b49eea8018d2131b40275bfc","prev_hash":"8963ebae7e67a8175d70d8b76c58affddff5ff35fd96b3ce467db8ec7cb27456","record_hash":"789871c6397490603ee216fe33719e517375792ad3f79ef6ff3c52178e31cb8d","signature_hex":"b3f904f86635e800db34189f5ac78b15eaf9cae21fd0130e25bdc63a4787290b194a157cee6f29bbbb611cdd5183304b7b6c0ac4fa8acfa303b2e9160332630e","public_key_hex":"c2f8243b0d573587f285c830a868acd19249d17d59ecbf9329e796dfed6fb630"}
{"seq":87,"ts":1780830000000,"agent_id":"regime","symbol":"BTCUSDT","side":"buy","price":62614.079841905994,"quantity":0.03194169753911246,"notional_usd":2000.0,"fee_usd":1.2,"balance_before_usd":10606.506489155861,"balance_after_usd":10604.706629125869,"decision":"ALLOW_CAPPED","cert_hash":"1154c0563c03541b740df6c36bb94699d6366a7a9568255988804f53e284be99","prev_hash":"789871c6397490603ee216fe33719e517375792ad3f79ef6ff3c52178e31cb8d","record_hash":"5f09222636dd50cad8639991e8a8472dee37913a1b1619efd4379196c2c8e774","signature_hex":"160686837fe893a5e1085633e7fc896e0e24873ece06a3cc560025a784c3f91a61085044994f71153011cc86970fc2af64274e702758a27ba0900a9983b76205","public_key_hex":"c2f8243b0d573587f285c830a868acd19249d17d59ecbf9329e796dfed6fb630"}
{"seq":88,"ts":1780833600000,"agent_id":"regime","symbol":"BTCUSDT","side":"buy","price":61890.362777436,"quantity":0.03231520886688291,"notional_usd":2000.0,"fee_usd":1.2,"balance_before_usd":10632.086643345418,"balance_after_usd":10630.286783315421,"decision":"ALLOW_CAPPED","cert_hash":"62aa1d0f20d987b17390a3c391e90d49e1024607541352183cea68e65fa0c830","prev_hash":"5f09222636dd50cad8639991e8a8472dee37913a1b1619efd4379196c2c8e774","record_hash":"4bc813f8b189ae0d4faa904f563b345a0f6165288811c689e9961f0f4c05bee5","signature_hex":"9cd8611142c7e4b74830383f730a30ddcf8f0b8415bfee5c4d735e5d80db1e7edd786f79c6469a5917befba23c45279067ad9ffc74963c2949ffd87be67dac07","public_key_hex":"c2f8243b0d573587f285c830a868acd19249d17d59ecbf9329e796dfed6fb630"}
{"seq":89,"ts":1780837200000,"agent_id":"regime","symbol":"BTCUSDT","side":"buy","price":61695.38885154435,"quantity":0.005527425779106079,"notional_usd":341.01668279,"fee_usd":0.204610009674,"balance_before_usd":10631.336116449778,"balance_after_usd":10631.057500556926,"decision":"ALLOW","cert_hash":"2676f24be56b7dce8ed6ae3e6abfce6fb593241e7ba1f0398e886b4ec78a2aec","prev_hash":"4bc813f8b189ae0d4faa904f563b345a0f6165288811c689e9961f0f4c05bee5","record_hash":"fcb537efe6598be83c7043e8f4dc9a0b234f66c632bf36b3593859c248294a57","signature_hex":"a3aa70a88bc142805d4bb3c2d70bdc34287b71cd381525c61e8fb5d15df4700c578a77871be8f6016326a1eac074bcc6c4bf634272e07f9af2d16a7fd596890f","public_key_hex":"c2f8243b0d573587f285c830a868acd19249d17d59ecbf9329e796dfed6fb630"}
{"seq":90,"ts":1780920000000,"agent_id":"regime","symbol":"BTCUSDT","side":"buy","price":63858.753156791994,"quantity":0.03131912073336936,"notional_usd":2000.0,"fee_usd":1.2,"balance_before_usd":10631.054918047877,"balance_after_usd":10629.255058017883,"decision":"ALLOW_CAPPED","cert_hash":"6204525b246be975ce7aee337c427d5ebaa42479c21c7644c620c90462971822","prev_hash":"fcb537efe6598be83c7043e8f4dc9a0b234f66c632bf36b3593859c248294a57","record_hash":"aa8a4bd51a14c2957f61c63b0d67b31f4565da994d757acaf8f81ace36983550","signature_hex":"b4734ad1f59e18a26363b46ae8cfe1dfaaaca8c04ea9162d84dd54d7680fe656585049acbdcd860f5a681c6411942b00b08c6abfc2734da3f958970943ccb607","public_key_hex":"c2f8243b0d573587f285c830a868acd19249d17d59ecbf9329e796dfed6fb630"}
{"seq":91,"ts":1780923600000,"agent_id":"regime","symbol":"BTCUSDT","side":"buy","price":63742.81838447399,"quantity":0.03137608362304773,"notional_usd":2000.0,"fee_usd":1.2,"balance_before_usd":10625.625310981364,"balance_after_usd":10623.825450951372,"decision":"ALLOW_CAPPED","cert_hash":"5c8c69f870303d526e8a8f31a6aaa3e4d9a8d7fa22abf789598f796ce22e0306","prev_hash":"aa8a4bd51a14c2957f61c63b0d67b31f4565da994d757acaf8f81ace36983550","record_hash":"2a1b0c58f1298fcaa785e70f70f88840961ef503f2699c6fd3faa67cc3ab8141","signature_hex":"38cf26b432d7fe49172cecfba275fd4fc4eb0d890e3785e61a54a1392751c33d42938db8f6bf594086cc61258d03d28cd6c003c0bcc79e24ff04a54c05589803","public_key_hex":"c2f8243b0d573587f285c830a868acd19249d17d59ecbf9329e796dfed6fb630"}
{"seq":92,"ts":1780927200000,"agent_id":"regime","symbol":"BTCUSDT","side":"buy","price":63955.88228873399,"quantity":0.031271556711090914,"notional_usd":2000.0,"fee_usd":1.2,"balance_before_usd":10637.179273922513,"balance_after_usd":10635.379413892519,"decision":"ALLOW_CAPPED","cert_hash":"4028fbe759dcea76612c912fb35aa01480f866d50758cf20b5a93382d8ede44c","prev_hash":"2a1b0c58f1298fcaa785e70f70f88840961ef503f2699c6fd3faa67cc3ab8141","record_hash":"307a7a9d7eb0c60a7807cd38893f957257e05849b01ea9bae42f4577daf47df2","signature_hex":"31e700a00c1efc7f49e2c8c21fcd1e6d01f48eebd5004fffc6b7ea3541fbb91e19bce934f25de134452666aa139f5b76db5cacdf72ef56133a2e2510fe6fdb0b","public_key_hex":"c2f8243b0d573587f285c830a868acd19249d17d59ecbf9329e796dfed6fb630"}
{"seq":93,"ts":1780930800000,"agent_id":"regime","symbol":"BTCUSDT","side":"buy","price":63763.96327449243,"quantity":0.005965706578376547,"notional_usd":380.39709517,"fee_usd":0.228238257102,"balance_before_usd":10617.836043603329,"balance_after_usd":10617.524504547731,"decision":"ALLOW","cert_hash":"fbbaa875e1d7222ef29f0f3e80f3cc14715f52bf84d53ba6287ebcd3b74ccce7","prev_hash":"307a7a9d7eb0c60a7807cd38893f957257e05849b01ea9bae42f4577daf47df2","record_hash":"9356bc8682a62572786cc814e8fd6b2841410a86cf5e64c2848cf18831971feb","signature_hex":"b558b5650892941f59a0a06bf84ba96410257f3b58f028cd5ac85c28ae54a8c6ebf0e5843c7add944ef4265d04757aede55fa2edbe95f9124f62d8fcacdfd108","public_key_hex":"c2f8243b0d573587f285c830a868acd19249d17d59ecbf9329e796dfed6fb630"}
{"seq":94,"ts":1780945200000,"agent_id":"regime","symbol":"BTCUSDT","side":"sell","price":63327.997166940004,"quantity":0.031581608285001755,"notional_usd":2000.0,"fee_usd":1.2,"balance_before_usd":10577.42987580274,"balance_after_usd":10575.629735772734,"decision":"ALLOW_CAPPED","cert_hash":"fe37179a299cdf2783d57e70625294700caef07703c70df04871d71e3b6b5285","prev_hash":"9356bc8682a62572786cc814e8fd6b2841410a86cf5e64c2848cf18831971feb","record_hash":"dade520fa9a1830af8a4224871a1f3855cff6da24687dfc0e9127ca8dce361a4","signature_hex":"b54e03ef5a86257116b22fbb86041c79e8f87ded92e96268351b9ebc111f662941c4d6219666f4b63e80c7793786628a450b62c78ba13abeb534e48992598901","public_key_hex":"c2f8243b0d573587f285c830a868acd19249d17d59ecbf9329e796dfed6fb630"}
{"seq":95,"ts":1780948800000,"agent_id":"regime","symbol":"BTCUSDT","side":"sell","price":63438.364049148004,"quantity":0.031526664187785915,"notional_usd":2000.0,"fee_usd":1.2,"balance_before_usd":10583.175538188578,"balance_after_usd":10581.375398158572,"decision":"ALLOW_CAPPED","cert_hash":"90fe4ad53d1f372fd9e92242dfbd8c6b6b94008d1ca1323d67ea2079153b19f8","prev_hash":"dade520fa9a1830af8a4224871a1f3855cff6da24687dfc0e9127ca8dce361a4","record_hash":"0880a9beabc8cf4d259de8d685ca5193b154e1673752a9b214ce8cb25fdacea9","signature_hex":"ba0fcd1aaf21344cd8cb8c74185bff0f4336ef6bf48a62b80cf55968a57c59587889ece810708ee976ba728007190dda055c888f94fd65c96b29e7a14f00cb05","public_key_hex":"c2f8243b0d573587f285c830a868acd19249d17d59ecbf9329e796dfed6fb630"}
{"seq":96,"ts":1780952400000,"agent_id":"regime","symbol":"BTCUSDT","side":"sell","price":63670.994243802,"quantity":0.031411477451440746,"notional_usd":2000.0,"fee_usd":1.2,"balance_before_usd":10589.944109182574,"balance_after_usd":10588.143969152567,"decision":"ALLOW_CAPPED","cert_hash":"bf84298182199b1ddf6ae6f6a08cac61edb26dae720512395411c6f2d64dc9b5","prev_hash":"0880a9beabc8cf4d259de8d685ca5193b154e1673752a9b214ce8cb25fdacea9","record_hash":"6991557f0cd839a7a0bde20bb22f881ffd1733c74038352f4d56bf1953485768","signature_hex":"2592b6d5d25e269fbcad7c6d0ca55e095fd288282f40d87be5caebcd72b3de482b3de16fbb848e24b67a8147d81a2931cee589427c37c74ee3ff4747b0184300","public_key_hex":"c2f8243b0d573587f285c830a868acd19249d17d59ecbf9329e796dfed6fb630"}
{"seq":97,"ts":1780956000000,"agent_id":"regime","symbol":"BTCUSDT","side":"sell","price":63395.23103802791,"quantity":0.005412693265115898,"notional_usd":343.13894008,"fee_usd":0.20588336404800003,"balance_before_usd":10586.622791463964,"balance_after_usd":10586.342380932183,"decision":"ALLOW","cert_hash":"8a4308ea08174aa94c9e604a6598d28c51110e0f27c4eccb0309ecede1d8bc85","prev_hash":"6991557f0cd839a7a0bde20bb22f881ffd1733c74038352f4d56bf1953485768","record_hash":"2116f9a9c7e0c6a2a212466080e6fa76241f63cf8818ea4d6c6a25df82c421cd","signature_hex":"714af6864396cee42b1af76c6e086dc8074c14132ca3342e035b6a80cfd132d811d52efed43da0ad6f09959d4a365edc02eb887555282333ccd476c01f666c02","public_key_hex":"c2f8243b0d573587f285c830a868acd19249d17d59ecbf9329e796dfed6fb630"}
{"seq":98,"ts":1781010000000,"agent_id":"regime","symbol":"BTCUSDT","side":"buy","price":62266.075464948,"quantity":0.03212021931791539,"notional_usd":2000.0,"fee_usd":1.2,"balance_before_usd":10586.343749813112,"balance_after_usd":10584.543889783117,"decision":"ALLOW_CAPPED","cert_hash":"da2fefd225fb0a3bed977ee65a29828cf369d6aa514733c5beeec30c1bc75d9e","prev_hash":"2116f9a9c7e0c6a2a212466080e6fa76241f63cf8818ea4d6c6a25df82c421cd","record_hash":"af9ea922f62e693f25d18df648cf168f675b32ad2bc861ed5d083217b45a85df","signature_hex":"ade9c541557dde86eed8b61c21477eb93d7a85c3021ada555ad53a93de4e25f0831d1c32ca589359491e07a0bc1414bb5b9b48010003e30ae05ae8eb795d6d05","public_key_hex":"c2f8243b0d573587f285c830a868acd19249d17d59ecbf9329e796dfed6fb630"}
{"seq":99,"ts":1781013600000,"agent_id":"regime","symbol":"BTCUSDT","side":"buy","price":61540.557860442,"quantity":0.03249889291766708,"notional_usd":2000.0,"fee_usd":1.2,"balance_before_usd":10561.247947186313,"balance_after_usd":10559.448087156321,"decision":"ALLOW_CAPPED","cert_hash":"a99c98a1a2dea9c49f23eca43a6b4c2a81af088f95422ab22b11b679a9f92177","prev_hash":"af9ea922f62e693f25d18df648cf168f675b32ad2bc861ed5d083217b45a85df","record_hash":"03e50eb744e331aceb34b1f3fd8d1c63726a3704e7f221fc26c8879d68f4cc5f","signature_hex":"537a7490adf4b68c7083d7bfac6ce0cf27b47ae241d7c1eb758bc5de52e4365e5b01a75ee6c9f7dd84c26b98254a6016f0a9e2b33962ab73daf5825ac83c250e","public_key_hex":"c2f8243b0d573587f285c830a868acd19249d17d59ecbf9329e796dfed6fb630"}
{"seq":100,"ts":1781017200000,"agent_id":"regime","symbol":"BTCUSDT","side":"sell","price":61088.269242132,"quantity":0.03273950997159073,"notional_usd":2000.0,"fee_usd":1.2,"balance_before_usd":10532.599334376424,"balance_after_usd":10530.799194346417,"decision":"ALLOW_CAPPED","cert_hash":"dae893df90c0f133ca5547472698f6e3579d83619c61a0bd5b92aec65a1f6da8","prev_hash":"03e50eb744e331aceb34b1f3fd8d1c63726a3704e7f221fc26c8879d68f4cc5f","record_hash":"ff3ff9cf60f9aaabe26e2a94ed201b88cf6257c931b1f1c73cfa5f221eea6cee","signature_hex":"2330d472aaee5fa580941bb5a2b49713f78186e030d9b71148ebadcc13e7d4b73bbccc4fe35744f5b7e01bd1b898c68fa861df731f7dbe9e2334b13f515f6901","public_key_hex":"c2f8243b0d573587f285c830a868acd19249d17d59ecbf9329e796dfed6fb630"}
{"seq":101,"ts":1781020800000,"agent_id":"regime","symbol":"BTCUSDT","side":"sell","price":61351.02434179348,"quantity":0.03188792308488471,"notional_usd":1956.35674539,"fee_usd":1.1738140472340002,"balance_before_usd":10539.06410112147,"balance_after_usd":10537.307514291022,"decision":"ALLOW","cert_hash":"9e2294ae2d78927e88fb72b16fabddd0499114b0a51bab0232ff69eda3c563d0","prev_hash":"ff3ff9cf60f9aaabe26e2a94ed201b88cf6257c931b1f1c73cfa5f221eea6cee","record_hash":"b120fc3bb5b93d5c3732cccf5474f3302d0c3927c03ee10746f347c101725322","signature_hex":"174c22de352c232a8b810b9bf309990328451089befeec900dd9474100405b8eda913464d493965230a9bde52d5cc6ba82c065c06a321a9242c5421cd4cbcb09","public_key_hex":"c2f8243b0d573587f285c830a868acd19249d17d59ecbf9329e796dfed6fb630"}
{"seq":102,"ts":1781449200000,"agent_id":"regime","symbol":"BTCUSDT","side":"buy","price":64010.598699828,"quantity":0.031244825710486195,"notional_usd":2000.0,"fee_usd":1.2,"balance_before_usd":10537.282486015221,"balance_after_usd":10535.482625985227,"decision":"ALLOW_CAPPED","cert_hash":"cbb06481e6efa725059dc4a70bca04b507c27e847ed6ff2323322a8114d1ebb9","prev_hash":"b120fc3bb5b93d5c3732cccf5474f3302d0c3927c03ee10746f347c101725322","record_hash":"42d15bf40684305d0b42a044c81654df5423b4e9f4e661a991dca5a1449b2e6a","signature_hex":"ac37597148cda939ca4295855148385391592bd2518efedfd54ee65cd8641e2d8f30ecd72d49f1813e3b8adebbd0509adc7005ccd6c5588084deeccc4539bc0e","public_key_hex":"c2f8243b0d573587f285c830a868acd19249d17d59ecbf9329e796dfed6fb630"}
{"seq":103,"ts":1781452800000,"agent_id":"regime","symbol":"BTCUSDT","side":"buy","price":63929.774458212,"quantity":0.03128432748198274,"notional_usd":2000.0,"fee_usd":1.2,"balance_before_usd":10532.9488300144,"balance_after_usd":10531.148969984406,"decision":"ALLOW_CAPPED","cert_hash":"fc501ddd9cc0f4c1590f822e7829e1949fb10a53fcc309a0af30f60002ddaef3","prev_hash":"42d15bf40684305d0b42a044c81654df5423b4e9f4e661a991dca5a1449b2e6a","record_hash":"87f6c7fff59f6c54490a6c83ea68a171bf85f4c9730749e95b1d13a788b6b99f","signature_hex":"10c1d29f3eae4947bc02fc63602535c08310156599fd28e859a26e1884fa58d224c3328ad785f733b7a44ed7ee01cf7bcb8334c623e86611358aecd21954e70e","public_key_hex":"c2f8243b0d573587f285c830a868acd19249d17d59ecbf9329e796dfed6fb630"}
{"seq":104,"ts":1781456400000,"agent_id":"regime","symbol":"BTCUSDT","side":"buy","price":63723.912714096,"quantity":0.031385392309056875,"notional_usd":2000.0,"fee_usd":1.2,"balance_before_usd":10518.282424567415,"balance_after_usd":10516.482564537422,"decision":"ALLOW_CAPPED","cert_hash":"9470434d2a46d96230842958e3c60403131e0f5fd02b4a30c3b655e5552bc3aa","prev_hash":"87f6c7fff59f6c54490a6c83ea68a171bf85f4c9730749e95b1d13a788b6b99f","record_hash":"cf0387a2593d5a1dd775792da6296dc8b17d2c4aec6107f506baf658d38f9987","signature_hex":"2e976ceaaaceedc83975a6e4dca696d5380b86d02775a52a7c7918618d15552fe7352a5000382a3c1d4fb332068b53d3093cb52fa2fefa16da57f84d5ad13d07","public_key_hex":"c2f8243b0d573587f285c830a868acd19249d17d59ecbf9329e796dfed6fb630"}
{"seq":105,"ts":1781460000000,"agent_id":"regime","symbol":"BTCUSDT","side":"buy","price":63801.39346084016,"quantity":0.005087302936247278,"notional_usd":324.57701629,"fee_usd":0.194746209774,"balance_before_usd":10524.257902622783,"balance_after_usd":10523.992984899174,"decision":"ALLOW","cert_hash":"9a215cb166905282aed122067a06c1429ee18c0eab69592e37246308df613638","prev_hash":"cf0387a2593d5a1dd775792da6296dc8b17d2c4aec6107f506baf658d38f9987","record_hash":"c74bada601967701f6c4ef2d2d09e6c3703e1341e8e8214f836997b870c87da9","signature_hex":"8a72795773d7b8bcbdcb6eef708c73e55cf52418366d2aa53d5c13fc47d91433e9959bb4fcfa88c1d4bed51b09d9a86ca4fa621b5c27268240ea674c7c803708","public_key_hex":"c2f8243b0d573587f285c830a868acd19249d17d59ecbf9329e796dfed6fb630"}
{"seq":106,"ts":1781467200000,"agent_id":"regime","symbol":"BTCUSDT","side":"sell","price":63961.30712961,"quantity":0.03126890443228806,"notional_usd":2000.0,"fee_usd":1.2,"balance_before_usd":10543.088609653285,"balance_after_usd":10541.288469623278,"decision":"ALLOW_CAPPED","cert_hash":"2e6bc08a859ae6e23d8bd9875b3c505a4393591f800efe7cb9ca4d047ecf250b","prev_hash":"c74bada601967701f6c4ef2d2d09e6c3703e1341e8e8214f836997b870c87da9","record_hash":"64c9a11d8b3e042f5d6ae1b3979fb6a37efd97e7ded2c6ca5adeba7f84b0b783","signature_hex":"7cb7241b560f8748798d563c107a8c80154ab34571dc792668a13b0b4ceb983c2420985157ab9aa0c470e6a727b2d1c0b9e22d35331313d0eb32c88d46528003","public_key_hex":"c2f8243b0d573587f285c830a868acd19249d17d59ecbf9329e796dfed6fb630"}
{"seq":107,"ts":1781470800000,"agent_id":"regime","symbol":"BTCUSDT","side":"sell","price":65262.71661564601,"quantity":0.03064536850003762,"notional_usd":2000.0,"fee_usd":1.2,"balance_before_usd":10629.450854026687,"balance_after_usd":10627.65071399668,"decision":"ALLOW_CAPPED","cert_hash":"d835596379f6eb15be974fe28cc09fce3b1417516d281400fb938d3dc0ca8cff","prev_hash":"64c9a11d8b3e042f5d6ae1b3979fb6a37efd97e7ded2c6ca5adeba7f84b0b783","record_hash":"91b8029ed588db8b3db2228128a455330f2e566d48f0c4fbd91eefcad9e672a0","signature_hex":"c1f8f9829b09ed3797147c4939cf14241fa5b261eaf381a1d6b69c57db949e4ac455ce2791b6293976c633c0e3edf5531ec987f3b3b30a1a310453a22124d904","public_key_hex":"c2f8243b0d573587f285c830a868acd19249d17d59ecbf9329e796dfed6fb630"}
{"seq":108,"ts":1781474400000,"agent_id":"regime","symbol":"BTCUSDT","side":"sell","price":65365.68571770601,"quantity":0.03059709353677365,"notional_usd":2000.0,"fee_usd":1.2,"balance_before_usd":10631.469756169115,"balance_after_usd":10629.669616139108,"decision":"ALLOW_CAPPED","cert_hash":"9ee14d1d11a5192420591aab7abebcbc1ce6669c4b7375aaf251e55a426f9fe5","prev_hash":"91b8029ed588db8b3db2228128a455330f2e566d48f0c4fbd91eefcad9e672a0","record_hash":"b69f21438b2f0d54f7fb6bd0fb97ff9202c868079fcd03881f18c223584d06aa","signature_hex":"dcdea76448fe41f0ee4045738203f177081743b836da3fb3e0b844da6e41587b9f69387d5ba85fa8bb1e6b3dfdfde41b4bea81877754922387143507fb4ae203","public_key_hex":"c2f8243b0d573587f285c830a868acd19249d17d59ecbf9329e796dfed6fb630"}
{"seq":109,"ts":1781478000000,"agent_id":"regime","symbol":"BTCUSDT","side":"sell","price":65687.76148345112,"quantity":0.0064824202284207355,"notional_usd":425.8156738,"fee_usd":0.25548940428,"balance_before_usd":10631.724088640009,"balance_after_usd":10631.374354461961,"decision":"ALLOW","cert_hash":"ea6667d5fddd8f1f86333d485063bb76225cbd961b17fb32cb8e9ad425e8c8e2","prev_hash":"b69f21438b2f0d54f7fb6bd0fb97ff9202c868079fcd03881f18c223584d06aa","record_hash":"b36e3c8e571646b0c19244124bfdcbab7967597cb2986bca6606cf89b8d3bed3","signature_hex":"ca224059bcff3ee7ba1a7e1410379ba0ce523330a4d627681f75da9092d57db4f6b6583b4ef8985ffe9df5b960084487f49244723bb9d9c516ac2b7f68cf5a02","public_key_hex":"c2f8243b0d573587f285c830a868acd19249d17d59ecbf9329e796dfed6fb630"}
{"seq":110,"ts":1781499600000,"agent_id":"regime","symbol":"BTCUSDT","side":"buy","price":65844.84884650199,"quantity":0.030374433764172124,"notional_usd":2000.0,"fee_usd":1.2,"balance_before_usd":10631.374180102677,"balance_after_usd":10629.574320072683,"decision":"ALLOW_CAPPED","cert_hash":"8771ae260e3a4c62cd6d4689352ee42c88051fa7be899dc867d880524a59d505","prev_hash":"b36e3c8e571646b0c19244124bfdcbab7967597cb2986bca6606cf89b8d3bed3","record_hash":"3d724a73722eeb6c7ad649626840da1f2f0110ebed7ab9a78e299a05917dc772","signature_hex":"71a99120cd332a0d42ef50aca13e8dd978865288fb22e7695128417d80f2c8b1253cab342e7631aad8cc6e83f0575c9cbddbaeae1b129dccf2dc02f52f0c0203","public_key_hex":"c2f8243b0d573587f285c830a868acd19249d17d59ecbf9329e796dfed6fb630"}
{"seq":111,"ts":1781503200000,"agent_id":"regime","symbol":"BTCUSDT","side":"buy","price":65792.333095452,"quantity":0.03039867878067776,"notional_usd":2000.0,"fee_usd":1.2,"balance_before_usd":10627.979737607177,"balance_after_usd":10626.179877577182,"decision":"ALLOW_CAPPED","cert_hash":"152c5267e09b5c3444badfe231636a2ac73b2d511f1641d04a130bee34c9f467","prev_hash":"3d724a73722eeb6c7ad649626840da1f2f0110ebed7ab9a78e299a05917dc772","record_hash":"b479a0e15b64cc57c20415eb5efd157ce2b8385ce90e0189014e7396609b438b","signature_hex":"9b64b941b0573fc7ea7a527dafda5767db41e911f0997466c9a2ac74a87503c1ed51756f74b4221a6d2027e613d255450aee420e5e82071bd64707e5cc3ce807","public_key_hex":"c2f8243b0d573587f285c830a868acd19249d17d59ecbf9329e796dfed6fb630"}
{"seq":112,"ts":1781506800000,"agent_id":"regime","symbol":"BTCUSDT","side":"buy","price":65663.494452876,"quantity":0.030458324167248182,"notional_usd":2000.0,"fee_usd":1.2,"balance_before_usd":10618.35248543485,"balance_after_usd":10616.552625404856,"decision":"ALLOW_CAPPED","cert_hash":"bf6537eae25d83eb955a445b6be135a6782dce288e20997c9236d9c98c744596","prev_hash":"b479a0e15b64cc57c20415eb5efd157ce2b8385ce90e0189014e7396609b438b","record_hash":"f66b127f558aaf400d38f8d36a1cd81ba2338c8f2417c4a11de7fa5e27c6329f","signature_hex":"6665349064d61867733a23db707be0908bb6ac21f8305026c1f73b9751997111935213924e28abc1cc56dc746ef6fd11a45248b164b49a371e41aeeb83fa9c08","public_key_hex":"c2f8243b0d573587f285c830a868acd19249d17d59ecbf9329e796dfed6fb630"}
{"seq":113,"ts":1781510400000,"agent_id":"regime","symbol":"BTCUSDT","side":"buy","price":65641.7797347786,"quantity":0.0058194171205204065,"notional_usd":381.99689681,"fee_usd":0.229198138086,"balance_before_usd":10615.307915257083,"balance_after_usd":10614.995035444237,"decision":"ALLOW","cert_hash":"15c4e66f6fceee24a1ec19f7423ce1bc89d05415544229ea40ec6b7c9dcf3130","prev_hash":"f66b127f558aaf400d38f8d36a1cd81ba2338c8f2417c4a11de7fa5e27c6329f","record_hash":"56d511a55b3bd71dff573ec6019a97b6c34532ca9ce60993e43b81a6da4d6a38","signature_hex":"2e45a6536c6eaf67a2af8b707ee8eef8897d9a6f0c436867db00d5d815f8fb7eb86ee5b5bac8f095329d84227f1c7140858f1912c4a50957980aa672bdf95701","public_key_hex":"c2f8243b0d573587f285c830a868acd19249d17d59ecbf9329e796dfed6fb630"}
{"seq":114,"ts":1781575200000,"agent_id":"regime","symbol":"BTCUSDT","side":"sell","price":65689.888434192,"quantity":0.03044608611268378,"notional_usd":2000.0,"fee_usd":1.2,"balance_before_usd":10624.095190461772,"balance_after_usd":10622.295050431767,"decision":"ALLOW_CAPPED","cert_hash":"741b623ac67d6406580d74bfe92da9730fabea712ef2a07eef9dddc96a76518e","prev_hash":"56d511a55b3bd71dff573ec6019a97b6c34532ca9ce60993e43b81a6da4d6a38","record_hash":"fc20ab826513fbeb83f9b63857a9627dcb112c1ec80f29feca422779150c6896","signature_hex":"1a6db68cfc7e605fa86185857de53bc7802dff7eaa15b38697afb354ecdc37f8780fac59d7ffc3877d14762a70cc8d9248b5a93f4c3d1a25be82e0cb87b2ff0d","public_key_hex":"c2f8243b0d573587f285c830a868acd19249d17d59ecbf9329e796dfed6fb630"}
{"seq":115,"ts":1781578800000,"agent_id":"regime","symbol":"BTCUSDT","side":"sell","price":66106.363462524,"quantity":0.03025427349567957,"notional_usd":2000.0,"fee_usd":1.2,"balance_before_usd":10650.041999084035,"balance_after_usd":10648.241859054027,"decision":"ALLOW_CAPPED","cert_hash":"5e072a053a92de03a1b9b349956cde5d182376f52ed1d1d82f3a8ef1ce034573","prev_hash":"fc20ab826513fbeb83f9b63857a9627dcb112c1ec80f29feca422779150c6896","record_hash":"5741d6aa93ec86aa6223d51168eb4511e96e43542e6f3bfe5a279c5e905e90c9","signature_hex":"42d6c840a64d7094439b1ab65c633c7e5c82bcf0009aaf5c920f47dbfc1499834df6a1c4eba087bb1ecd73c6393a7b6a4cc01f1e4ca4d47d6bd751a03ae08805","public_key_hex":"c2f8243b0d573587f285c830a868acd19249d17d59ecbf9329e796dfed6fb630"}
{"seq":116,"ts":1781582400000,"agent_id":"regime","symbol":"BTCUSDT","side":"sell","price":65787.35918614201,"quantity":0.030400977098671813,"notional_usd":2000.0,"fee_usd":1.2,"balance_before_usd":10636.642874070862,"balance_after_usd":10634.842734040854,"decision":"ALLOW_CAPPED","cert_hash":"b7ec7dedbb1db0dd5f4286c3f4814c50c1f0018ef6bc6ed684e4a8c3ab156254","prev_hash":"5741d6aa93ec86aa6223d51168eb4511e96e43542e6f3bfe5a279c5e905e90c9","record_hash":"3795388048041d198f8a3c3a6f4d37fc729309d26027b368c56cbaac8686e8a5","signature_hex":"23962f771beec49b9c07df378e28d70ee3776421e9d5b6d6025dba66c1865b1ed4b5103d13333425354b81be154fc6a200c28d00d3a0be4ae6c9512f2e09630e","public_key_hex":"c2f8243b0d573587f285c830a868acd19249d17d59ecbf9329e796dfed6fb630"}
{"seq":117,"ts":1781586000000,"agent_id":"regime","symbol":"BTCUSDT","side":"sell","price":66012.19890912491,"quantity":0.00594938933697166,"notional_usd":392.7322723,"fee_usd":0.23563936338,"balance_before_usd":10636.148933002745,"balance_after_usd":10635.827021003937,"decision":"ALLOW","cert_hash":"ef2e5ee4a3e3c21fe667a7ddf9dfc9b222eaa2398f6b3e8045fe72553f37e47e","prev_hash":"3795388048041d198f8a3c3a6f4d37fc729309d26027b368c56cbaac8686e8a5","record_hash":"3d88215caa075117fe707f39486ea3eaab52e3e0b5c076b60c4a84a9aee6f4c7","signature_hex":"68768d178ce89d4e1194029be85ed147233b706bfafd1964f8ede31ee554a65374a7b4cfac265f0486cfd4d70d980209d9432f768dd71501e6026f8fc7c6110f","public_key_hex":"c2f8243b0d573587f285c830a868acd19249d17d59ecbf9329e796dfed6fb630"}
{"seq":118,"ts":1781683200000,"agent_id":"regime","symbol":"BTCUSDT","side":"buy","price":64912.369167858,"quantity":0.03081076882016378,"notional_usd":2000.0,"fee_usd":1.2,"balance_before_usd":10635.828506005259,"balance_after_usd":10634.028645975264,"decision":"ALLOW_CAPPED","cert_hash":"2f563f6f21107cd6b21e6cb424af2945038c816e8a9ff99d6aa611ed9ec86488","prev_hash":"3d88215caa075117fe707f39486ea3eaab52e3e0b5c076b60c4a84a9aee6f4c7","record_hash":"b2dcd3e70c2ee33a0f1cfcb9a5c80e7f1d21338bde9b6aa9126c01548a67cd4a","signature_hex":"ab90a347636298efcfb4ae5c4a29fa654ddb69a3c44d6a025b233b2fac72962d3e321b092fcc3ca8fbf7362ccd86db042fd45a4cf0c8ab2e60d2442f702c1905","public_key_hex":"c2f8243b0d573587f285c830a868acd19249d17d59ecbf9329e796dfed6fb630"}
{"seq":119,"ts":1781686800000,"agent_id":"regime","symbol":"BTCUSDT","side":"buy","price":64903.666557683995,"quantity":0.03081490008307117,"notional_usd":2000.0,"fee_usd":1.2,"balance_before_usd":10633.760603654231,"balance_after_usd":10631.960743624239,"decision":"ALLOW_CAPPED","cert_hash":"4aa706c4faaa19a6f064d14553e4df0976793c5f4a6af3e6f94b8d70d8a16a0d","prev_hash":"b2dcd3e70c2ee33a0f1cfcb9a5c80e7f1d21338bde9b6aa9126c01548a67cd4a","record_hash":"dbcb9609facec23fd941a19bc4fc5a373bde50714ea4e218818f9a44b448c03b","signature_hex":"eb5cd9e4522e59f47d5fbc7832e00519f172cbd36ed9fbf77e7823a1d72ec257f1320800e6447d0491c573f0e8b1f5aeaa9ae195c3658c66b0864f566441b002","public_key_hex":"c2f8243b0d573587f285c830a868acd19249d17d59ecbf9329e796dfed6fb630"}
{"seq":120,"ts":1781690400000,"agent_id":"regime","symbol":"BTCUSDT","side":"sell","price":64743.472425258005,"quantity":0.030891145085071948,"notional_usd":2000.0,"fee_usd":1.2,"balance_before_usd":10624.485708480805,"balance_after_usd":10622.685568450797,"decision":"ALLOW_CAPPED","cert_hash":"6e29d920000aaabf22e8bcda5466dfd8ac9d6c861d2ef6b4539ce9c03b88800d","prev_hash":"dbcb9609facec23fd941a19bc4fc5a373bde50714ea4e218818f9a44b448c03b","record_hash":"b9d591ee97b7d8aec2a35cc2baca9e383363468e8da687f2c63e16471fafcf5c","signature_hex":"cd0ab60775de7872534ecdc05a6686ed53c79c9787aecced3350b00a996c1a762e537af3ebba9ac8cd2bf2416faa5eab8ba0a3e41587f0cf96cb3cd0a691e20a","public_key_hex":"c2f8243b0d573587f285c830a868acd19249d17d59ecbf9329e796dfed6fb630"}
{"seq":121,"ts":1781694000000,"agent_id":"regime","symbol":"BTCUSDT","side":"sell","price":64759.09737323388,"quantity":0.030742425237737413,"notional_usd":1990.85170946,"fee_usd":1.1945110256759999,"balance_before_usd":10623.165006638892,"balance_after_usd":10621.374011810442,"decision":"ALLOW","cert_hash":"64f59c6bc96f7ef1a8e06cb8b885e40d608bf0c5269c7560aabede62ca7298a5","prev_hash":"b9d591ee97b7d8aec2a35cc2baca9e383363468e8da687f2c63e16471fafcf5c","record_hash":"8227a02e162eee43dcb1079d6384ab8918c2c00623e798c2cdc2bf8805067fd8","signature_hex":"0332c8350f9b431bebba7008c2a1588aeb40e586f08f88b685d004f6da53a6d4914838f22802fc6eb157510944f60d177f289c8f8c0be8e5639507fe25e0730f","public_key_hex":"c2f8243b0d573587f285c830a868acd19249d17d59ecbf9329e796dfed6fb630"}
{"seq":122,"ts":1781722800000,"agent_id":"regime","symbol":"BTCUSDT","side":"buy","price":64294.983995514,"quantity":0.031106625676110975,"notional_usd":2000.0,"fee_usd":1.2,"balance_before_usd":10621.378647074329,"balance_after_usd":10619.578787044335,"decision":"ALLOW_CAPPED","cert_hash":"022c65f3db172f5ea947d35a68482f2eb63c9a2c56fc182675283a30758fda8c","prev_hash":"8227a02e162eee43dcb1079d6384ab8918c2c00623e798c2cdc2bf8805067fd8","record_hash":"f333a90ed7a5004b1aba98b8724ba523098f838806480864278d957c29131f78","signature_hex":"3678699d2f2b3df0001ec499f213f8b45ef467555611b0c0dc193e3a79da642222c4236c6d7d405bfcb7ba7edd923a3a0a4ace668948d17bbfdd43517d70d30b","public_key_hex":"c2f8243b0d573587f285c830a868acd19249d17d59ecbf9329e796dfed6fb630"}
{"seq":123,"ts":1781726400000,"agent_id":"regime","symbol":"BTCUSDT","side":"sell","price":64391.378078213995,"quantity":0.0310600589658241,"notional_usd":2000.0,"fee_usd":1.2,"balance_before_usd":10623.776938423573,"balance_after_usd":10621.976798393565,"decision":"ALLOW_CAPPED","cert_hash":"1b0e36e262fe9ae6839e44561cf43d2d44cb2de40dc7aadc25c3ef88d433bc4d","prev_hash":"f333a90ed7a5004b1aba98b8724ba523098f838806480864278d957c29131f78","record_hash":"1e3447d2ad6fd7ff8558f7efa9c31a650b9a0507cb6012679c9a90de03e1c32d","signature_hex":"0ff8bbf4fbd5b4bf07f13e2fadbeb4e7770dc10635dbfbbefc27331a477c209ff320b843710554db7a189210a332abc36b278027f14cf5d03c8365a2df788a0f","public_key_hex":"c2f8243b0d573587f285c830a868acd19249d17d59ecbf9329e796dfed6fb630"}
{"seq":124,"ts":1781794800000,"agent_id":"regime","symbol":"BTCUSDT","side":"sell","price":62321.999036814,"quantity":0.03209139679262514,"notional_usd":2000.0,"fee_usd":1.2,"balance_before_usd":10621.899117118488,"balance_after_usd":10620.09897708848,"decision":"ALLOW_CAPPED","cert_hash":"b41898bab212571cbfa16a76f290b2fd268b6236d10b1ec94f299877c25daf51","prev_hash":"1e3447d2ad6fd7ff8558f7efa9c31a650b9a0507cb6012679c9a90de03e1c32d","record_hash":"e7579d5f21b8e2ebf5cb541f3c40cf4dcd51d5770468ec61c7fa0cc230af2d20","signature_hex":"f19cae1c706d4014a751a68719f6acb765503270004b51090b9a3d83ed0d7cfeb1105146942186b73ce240bea2d53736ba3a4c6c89cfaab4665318a156a2f10a","public_key_hex":"c2f8243b0d573587f285c830a868acd19249d17d59ecbf9329e796dfed6fb630"}
{"seq":125,"ts":1781798400000,"agent_id":"regime","symbol":"BTCUSDT","side":"sell","price":62649.900643374,"quantity":0.03192343450606134,"notional_usd":2000.0,"fee_usd":1.2,"balance_before_usd":10609.673639115961,"balance_after_usd":10607.873499085956,"decision":"ALLOW_CAPPED","cert_hash":"2de9296cd2b8ccc213f31b0a1fe18dda61a44b3b07adac787bb5062b2a3f9c02","prev_hash":"e7579d5f21b8e2ebf5cb541f3c40cf4dcd51d5770468ec61c7fa0cc230af2d20","record_hash":"66a5af41ec6cac8ea67f71c4f28e09d2846dcc4ff7a361d9a041052c77aba795","signature_hex":"a8aec5e5c71f22359fc334e0903c8891ab8650135649c3fce5b830ec7165ce0aabb4fc4616bba2791cdd56da6833c494f6f5b4e5ac98f319831720de16aef302","public_key_hex":"c2f8243b0d573587f285c830a868acd19249d17d59ecbf9329e796dfed6fb630"}
{"seq":126,"ts":1781802000000,"agent_id":"regime","symbol":"BTCUSDT","side":"sell","price":62554.829171472,"quantity":0.031971952069722795,"notional_usd":2000.0,"fee_usd":1.2,"balance_before_usd":10613.95775673407,"balance_after_usd":10612.157616704062,"decision":"ALLOW_CAPPED","cert_hash":"d106ac8476ada9e8e0849e54e3d134e7c57622e00627bf75df388bca0f4746c9","prev_hash":"66a5af41ec6cac8ea67f71c4f28e09d2846dcc4ff7a361d9a041052c77aba795","record_hash":"336ff175fc1242914c4c4079f7d443b99c6962ef76acb3d05b2f1ec2d6f2a7fd","signature_hex":"a90fccc2b962252d2cef47c0e4cfcce9cb6918ed2a0e4fe58a1bb412b53bf185e274672f24fb6894a913f112136476b8b2736c096921cd3ead1bc1b16355500d","public_key_hex":"c2f8243b0d573587f285c830a868acd19249d17d59ecbf9329e796dfed6fb630"}
{"seq":127,"ts":1781805600000,"agent_id":"regime","symbol":"BTCUSDT","side":"sell","price":62664.07644541929,"quantity":0.0055440426396868355,"notional_usd":347.41231179,"fee_usd":0.208447387074,"balance_before_usd":10602.169281591727,"balance_after_usd":10601.885304637153,"decision":"ALLOW","cert_hash":"e8a953a9c6d4752123a72b8ddb9d8061e89a7e8e0c3bc3ab6ba6a3bc3bb8f2bf","prev_hash":"336ff175fc1242914c4c4079f7d443b99c6962ef76acb3d05b2f1ec2d6f2a7fd","record_hash":"d51773f0cb4ca173495f2064aa885c0da9b4816f3d6e02de8419480dd28a0346","signature_hex":"c2d3077c4c240c8f45bf54ec1ff23cb4176b2465e592722ae84f5e00cb2d52c1d79b369882cb9610643a24ab4127f005254318bcddcf2ff32eaed571a9557d09","public_key_hex":"c2f8243b0d573587f285c830a868acd19249d17d59ecbf9329e796dfed6fb630"}
{"seq":128,"ts":1781874000000,"agent_id":"regime","symbol":"BTCUSDT","side":"buy","price":63192.95346348,"quantity":0.03164909836277592,"notional_usd":2000.0,"fee_usd":1.2,"balance_before_usd":10551.386441606683,"balance_after_usd":10549.586581576688,"decision":"ALLOW_CAPPED","cert_hash":"757bfc31d0edaef207fb0543774f11c6aff014c20afdcbeed01a115946bbf2ed","prev_hash":"d51773f0cb4ca173495f2064aa885c0da9b4816f3d6e02de8419480dd28a0346","record_hash":"f938f8f4b8c8e0431ca5e8317eef8507ff38e6fabb4a3e81e32ae7c07d627d8b","signature_hex":"fa1d8bdb46808579cff32c670364ab1b3ce584dd4e59698e4364d0ab8820108c06f6804d1ce296183e61127cb73c7e80f9596ab5ecb9ff7a14b61792e687fb04","public_key_hex":"c2f8243b0d573587f285c830a868acd19249d17d59ecbf9329e796dfed6fb630"}
{"seq":129,"ts":1781877600000,"agent_id":"regime","symbol":"BTCUSDT","side":"buy","price":63188.252053386,"quantity":0.03165145315794233,"notional_usd":2000.0,"fee_usd":1.2,"balance_before_usd":10549.914850110928,"balance_after_usd":10548.114990080934,"decision":"ALLOW_CAPPED","cert_hash":"6d390d57ce0587ea37caffd5c3629005b57b379ca868ff38da8dcfdd9a3d227a","prev_hash":"f938f8f4b8c8e0431ca5e8317eef8507ff38e6fabb4a3e81e32ae7c07d627d8b","record_hash":"0ec36a2ee7315d8fc0be653f6f89c1e0a8d4eb4eab498999a70806fef1dfda59","signature_hex":"9b64d0ab328db82d260a94738ea01088fa97cc1d2cad6678ef7a3a299659aa39aaa8040a652fc24946d5da4c8af0de4dd616950793d326a583c87147c73a8e0d","public_key_hex":"c2f8243b0d573587f285c830a868acd19249d17d59ecbf9329e796dfed6fb630"}
{"seq":130,"ts":1781881200000,"agent_id":"regime","symbol":"BTCUSDT","side":"buy","price":63203.856733698,"quantity":0.03164363859039116,"notional_usd":2000.0,"fee_usd":1.2,"balance_before_usd":10547.519180593998,"balance_after_usd":10545.719320564003,"decision":"ALLOW_CAPPED","cert_hash":"a0fb693511e443647e9a7428b9d398bed5b2cb5b38e537b76170b17279e7dd71","prev_hash":"0ec36a2ee7315d8fc0be653f6f89c1e0a8d4eb4eab498999a70806fef1dfda59","record_hash":"4e933b8b50a27f33ccd80728ad8c42c97ba6f7712af8fe7b8eb7ccd321025fe9","signature_hex":"b67d5cd90d7a1d580e6012ccf1f99466e92bf08ace0b0d3af30fd314db43d2942f0f274da996f07f2fa2a96e12d0ec3a9fdce4c7ae2050fb321a0af583da4509","public_key_hex":"c2f8243b0d573587f285c830a868acd19249d17d59ecbf9329e796dfed6fb630"}
{"seq":131,"ts":1781884800000,"agent_id":"regime","symbol":"BTCUSDT","side":"buy","price":62953.98601286661,"quantity":0.006547832638520325,"notional_usd":412.21216434,"fee_usd":0.247327298604,"balance_before_usd":10547.325056905054,"balance_after_usd":10546.986806318182,"decision":"ALLOW","cert_hash":"31f991d995c106963afff4afc5c0f8071420f056aa6d02a105b2e7fe3c8943a6","prev_hash":"4e933b8b50a27f33ccd80728ad8c42c97ba6f7712af8fe7b8eb7ccd321025fe9","record_hash":"4793669f88d5fd25a7ea8bbda48b68dcdfcdf35efa92018cff3db2525ae753c3","signature_hex":"0909527f94d34fc9016e3f13f5e63fae7e8899f8c5befbf93aec356f8cea8a8ae79273591ee0bf4f964ae3404e297f3d7d2ec5b60f31f8ae48bed7ba371f6c0a","public_key_hex":"c2f8243b0d573587f285c830a868acd19249d17d59ecbf9329e796dfed6fb630"}
