{"seq":0,"ts":1778464800000,"agent_id":"rl-qlearn","symbol":"BTCUSDT","side":"sell","price":81122.057702928,"quantity":0.024654206964572753,"notional_usd":2000.0,"fee_usd":1.2,"balance_before_usd":10000.0,"balance_after_usd":9998.199859969993,"decision":"ALLOW_CAPPED","cert_hash":"ec24cd0de1af4b60c7026b500d16b12ebe8d53329a10b12d52d00272c1a730bf","prev_hash":"0000000000000000000000000000000000000000000000000000000000000000","record_hash":"3596a257227ba572559516c17a18e12dc55c218741ad70f17119bfa50329a7ff","signature_hex":"947d26028124e47182b3d2e100c2fb4c5bccf85b951945538a2287fc5101f330993a752820ffd26dfd160292a51686bedde05ec10d01401cdfbb4094c9055f01","public_key_hex":"c2f8243b0d573587f285c830a868acd19249d17d59ecbf9329e796dfed6fb630"}
{"seq":1,"ts":1778468400000,"agent_id":"rl-qlearn","symbol":"BTCUSDT","side":"buy","price":80740.27604766515,"quantity":0.024646824759370474,"notional_usd":1989.99143477,"fee_usd":1.1939948608620001,"balance_before_usd":10008.80856522685,"balance_after_usd":10007.01870755581,"decision":"ALLOW","cert_hash":"531f98562456421b8a0011650714ec5e5226f4e2f1e7f5c8bf6f7fb84daf63d5","prev_hash":"3596a257227ba572559516c17a18e12dc55c218741ad70f17119bfa50329a7ff","record_hash":"6efc1bc68e0637cae0dd6724b66a57e0cefd1105597724d7dcbda3689823179a","signature_hex":"5e95206b276e4cce6114a87ca1e75338f2b8ce14fe4e2d50e3a85916d24700c6345aac9df482e45025243d5386e3b184030d38c99e9dfea8e472648b062f0209","public_key_hex":"c2f8243b0d573587f285c830a868acd19249d17d59ecbf9329e796dfed6fb630"}
{"seq":2,"ts":1778472000000,"agent_id":"rl-qlearn","symbol":"BTCUSDT","side":"sell","price":80775.861586002,"quantity":0.0247598720797376,"notional_usd":2000.0,"fee_usd":1.2,"balance_before_usd":10007.018087450573,"balance_after_usd":10005.217947420566,"decision":"ALLOW_CAPPED","cert_hash":"dd201601181d6b6bd614330e5575447da91ccb193a2b039dbcf5d214bf0ebc3d","prev_hash":"6efc1bc68e0637cae0dd6724b66a57e0cefd1105597724d7dcbda3689823179a","record_hash":"74968f7a82107560c8506b4dc5cb85257c98a5a6d1745fbc340e81a885764086","signature_hex":"a7d7b4f25af15f261c503e589a694f0104259457884a9d61fe0edec2157285946c2b442a02b27ce2354ec8c0e2669bcea93ee675017bf7661a0e4218dbf2e10b","public_key_hex":"c2f8243b0d573587f285c830a868acd19249d17d59ecbf9329e796dfed6fb630"}
{"seq":3,"ts":1778475600000,"agent_id":"rl-qlearn","symbol":"BTCUSDT","side":"buy","price":80837.845696272,"quantity":0.02474088692955154,"notional_usd":2000.0,"fee_usd":1.2,"balance_before_usd":10004.88358948772,"balance_after_usd":10003.083729457725,"decision":"ALLOW_CAPPED","cert_hash":"3b662278a61146df439e9469f77d2404034831e69d251570ceb9ce4213490cff","prev_hash":"74968f7a82107560c8506b4dc5cb85257c98a5a6d1745fbc340e81a885764086","record_hash":"673b18bf80ee90261513d1d4073a4091a70ab0249288e4a9c20749a75ffd408b","signature_hex":"192027fd22c66e4946d2c5f56a90a7d93e3896cdac4b03d28f56fe7b8d65fcec9b0a4ec6be889b07e26d0612f99e0f5a7ba302a3482d6f850dd81b6917a0f102","public_key_hex":"c2f8243b0d573587f285c830a868acd19249d17d59ecbf9329e796dfed6fb630"}
{"seq":4,"ts":1778479200000,"agent_id":"rl-qlearn","symbol":"BTCUSDT","side":"sell","price":80769.863385882,"quantity":0.02476171081836429,"notional_usd":2000.0,"fee_usd":1.2,"balance_before_usd":10003.084243621155,"balance_after_usd":10001.284103591148,"decision":"ALLOW_CAPPED","cert_hash":"db940860e26366e26833d92980b1278909f1a05eeca04588eb5befc984bf657a","prev_hash":"673b18bf80ee90261513d1d4073a4091a70ab0249288e4a9c20749a75ffd408b","record_hash":"7dc4b6822427f5d8a73b41067e73e02c4d33e008a53290241f203dc97e9d18a0","signature_hex":"5b71c9d8e02a07bd7111073b5cc1ad1abfa0757166de304f6ee60260e8fa2f60ddec2c2a304efa612e783b45f4aa058eefb0fd5051a1af296efc78a79fd0c709","public_key_hex":"c2f8243b0d573587f285c830a868acd19249d17d59ecbf9329e796dfed6fb630"}
{"seq":5,"ts":1778482800000,"agent_id":"rl-qlearn","symbol":"BTCUSDT","side":"sell","price":80683.08942414602,"quantity":0.024788341823230437,"notional_usd":2000.0,"fee_usd":1.2,"balance_before_usd":10003.435708776631,"balance_after_usd":10001.635568746624,"decision":"ALLOW_CAPPED","cert_hash":"c5c9329f3da119c4cfd0038657c4d1ce6d787a4203950fdad83d9e58f9c26c1f","prev_hash":"7dc4b6822427f5d8a73b41067e73e02c4d33e008a53290241f203dc97e9d18a0","record_hash":"0df2747145fe51d3499aaac3de5e494c5b045c56d7722819fd37946360ea787b","signature_hex":"2d35887b4bc2f8c02f3411fd78a0120c71e1584584d66509589ef78517bc6d88f516e54180106eac6a2783e0fe2a7bde0ecfb73634fccd141ab5855b542c6c0e","public_key_hex":"c2f8243b0d573587f285c830a868acd19249d17d59ecbf9329e796dfed6fb630"}
{"seq":6,"ts":1778486400000,"agent_id":"rl-qlearn","symbol":"BTCUSDT","side":"sell","price":80700.62571251945,"quantity":0.01237704099368645,"notional_usd":998.83495266,"fee_usd":0.599300971596,"balance_before_usd":10001.366471904994,"balance_after_usd":10000.517472950232,"decision":"ALLOW","cert_hash":"a4d0b1bdf63b973a53d153c3a4049f6eeef215ddc3169ea7d2449a3a45352b62","prev_hash":"0df2747145fe51d3499aaac3de5e494c5b045c56d7722819fd37946360ea787b","record_hash":"4ed4123ea05f7ea21f90c16c13ab22ef31a871061689e1b39a13de40293cb7b1","signature_hex":"851e23b79c30b43abe958c423c3b23318a7e32fdd6f516d8843aa7515937d6d3da7e38c4de4c2a18744051ae817073625b696a554a1047c04d14e66aa1d2d509","public_key_hex":"c2f8243b0d573587f285c830a868acd19249d17d59ecbf9329e796dfed6fb630"}
{"seq":7,"ts":1778490000000,"agent_id":"rl-qlearn","symbol":"BTCUSDT","side":"buy","price":80949.87929851201,"quantity":0.024706645857058902,"notional_usd":2000.0,"fee_usd":1.2,"balance_before_usd":9987.829404139342,"balance_after_usd":9986.029544109348,"decision":"ALLOW_CAPPED","cert_hash":"ef88473489f40c1d8e09a9fd61ca258465addbb4bc6676a9fd27493b4d05385c","prev_hash":"4ed4123ea05f7ea21f90c16c13ab22ef31a871061689e1b39a13de40293cb7b1","record_hash":"d4d090adeb8647dcc469cf97d881a0737f2cf8e64a2ac84b0b0d3e8dcc752ca0","signature_hex":"d080ae442424f0b1183153d2c7f5ced48819f6fbc5b542d8cacece1df42ac576133a28f51608157d85b0c987a47bcc5af7593865530f5b7c7bccb308f9155107","public_key_hex":"c2f8243b0d573587f285c830a868acd19249d17d59ecbf9329e796dfed6fb630"}
{"seq":8,"ts":1778493600000,"agent_id":"rl-qlearn","symbol":"BTCUSDT","side":"buy","price":80925.371948022,"quantity":0.024714127990472394,"notional_usd":2000.0,"fee_usd":1.2,"balance_before_usd":9986.942091080122,"balance_after_usd":9985.142231050128,"decision":"ALLOW_CAPPED","cert_hash":"3cb512e92dc7e0c52c4f5956913f52c16a287313c0a06dd0fe22f537061334d4","prev_hash":"d4d090adeb8647dcc469cf97d881a0737f2cf8e64a2ac84b0b0d3e8dcc752ca0","record_hash":"1b27f04d15d2ca37e5fb22e725041fe21650197c9386524c478cca9100c458cf","signature_hex":"dbfe15cce9ed0a109446d90dbcf05d7e9e23fc1424303bc45d6da8f75cb1904bb88225595b04e94ac858a98bbd530983a2982b25df13ed3b7b835e1a9b0bcc00","public_key_hex":"c2f8243b0d573587f285c830a868acd19249d17d59ecbf9329e796dfed6fb630"}
{"seq":9,"ts":1778497200000,"agent_id":"rl-qlearn","symbol":"BTCUSDT","side":"buy","price":81183.84947318998,"quantity":0.024635441814821513,"notional_usd":2000.0,"fee_usd":1.2,"balance_before_usd":9981.90378469234,"balance_after_usd":9980.103924662346,"decision":"ALLOW_CAPPED","cert_hash":"f442447da2b9a5de0ef96455b6accc047ea710369587656db44e53faa55379ce","prev_hash":"1b27f04d15d2ca37e5fb22e725041fe21650197c9386524c478cca9100c458cf","record_hash":"a9b2a6e2404e76d7970ee8951f25bee6d22d904f5930eb12760949741ca1c076","signature_hex":"535ba586ee9374bd8a60b7c20541bc1562c65edac8e8f99555b0fa60ac0a18dfa75cad13e3b13e15d81755aa03b5a736309608e90cb0c1abb6de817bd9009802","public_key_hex":"c2f8243b0d573587f285c830a868acd19249d17d59ecbf9329e796dfed6fb630"}
{"seq":10,"ts":1778500800000,"agent_id":"rl-qlearn","symbol":"BTCUSDT","side":"sell","price":80997.32568295661,"quantity":0.012105769151540312,"notional_usd":980.53492661,"fee_usd":0.588320955966,"balance_before_usd":9978.385333498967,"balance_after_usd":9977.552786918084,"decision":"ALLOW","cert_hash":"f66154af35e960ffff7ffd6553c5cde3170bb3c123e044cb28878ac1bd71ee99","prev_hash":"a9b2a6e2404e76d7970ee8951f25bee6d22d904f5930eb12760949741ca1c076","record_hash":"04249cd1fb611f9de1c26c52db009fe072819922369c8bf5a7687f84f3ee84aa","signature_hex":"3d2c57d2d6fdadc106a33df088f0a4468dc9f7969e2ab0228e48ffa01c98dddc100ad92541e7b29ea966adf804f997bbb88e64915b3045027e41a2750b804c04","public_key_hex":"c2f8243b0d573587f285c830a868acd19249d17d59ecbf9329e796dfed6fb630"}
{"seq":11,"ts":1778504400000,"agent_id":"rl-qlearn","symbol":"BTCUSDT","side":"sell","price":81002.79349054201,"quantity":0.02469050650992083,"notional_usd":2000.0,"fee_usd":1.2,"balance_before_usd":9977.552757979078,"balance_after_usd":9975.75261794907,"decision":"ALLOW_CAPPED","cert_hash":"ec2fa0e80af74f4f180eee14103241c10cc5f542cbb572e9a2abc51f0d63820d","prev_hash":"04249cd1fb611f9de1c26c52db009fe072819922369c8bf5a7687f84f3ee84aa","record_hash":"ca36483d18706fcd66e92e234b3e66eeacf4c31ca1ba01b6a0a9fa4ca940cca6","signature_hex":"af924df7091e35fc6215560572ce43802baf5836de4e088ba6530ba3e7923d1edfe9deb5f960033e0af772b4534a0c4f75c97ea0fd69ba0abef9ac4a35204705","public_key_hex":"c2f8243b0d573587f285c830a868acd19249d17d59ecbf9329e796dfed6fb630"}
{"seq":12,"ts":1778508000000,"agent_id":"rl-qlearn","symbol":"BTCUSDT","side":"sell","price":80893.62624835799,"quantity":0.02472382674327938,"notional_usd":2000.0,"fee_usd":1.2,"balance_before_usd":9978.449150441156,"balance_after_usd":9976.649010411147,"decision":"ALLOW_CAPPED","cert_hash":"cac197e05a76b49b18c0ec84052f183093336daa701011f053e00fbc94588809","prev_hash":"ca36483d18706fcd66e92e234b3e66eeacf4c31ca1ba01b6a0a9fa4ca940cca6","record_hash":"23e96d49eac66e7c100f0c2eca3421bc4f091e730b90c34807f7385f50482ab9","signature_hex":"15fa959d38a1f1dcea7bd9d93667e145b84d8a1780da66a98d3bad422a1e6c7887eac5b5df8b973692e5433f1459e80754238382991a1af8cbc609ef46b7010f","public_key_hex":"c2f8243b0d573587f285c830a868acd19249d17d59ecbf9329e796dfed6fb630"}
{"seq":13,"ts":1778511600000,"agent_id":"rl-qlearn","symbol":"BTCUSDT","side":"buy","price":81422.320997958,"quantity":0.024563288978831227,"notional_usd":2000.0,"fee_usd":1.2,"balance_before_usd":9952.928683499282,"balance_after_usd":9951.128823469286,"decision":"ALLOW_CAPPED","cert_hash":"dab3c00fc8602701a0ca8af9038d7bd9a64251444743030ac32ea24d56c3954c","prev_hash":"23e96d49eac66e7c100f0c2eca3421bc4f091e730b90c34807f7385f50482ab9","record_hash":"4c75ae26e04eea25f207481945caca4e5ea85838ff768fa56e99afda02abe93a","signature_hex":"ba793c10373d99718b7d134405ae1b4e10024215bd2532ff2ac4930052f892644389ae4a488726de14e507e7dc7f308e58996bdc0e7cd90e592dc0f44846cf0a","public_key_hex":"c2f8243b0d573587f285c830a868acd19249d17d59ecbf9329e796dfed6fb630"}
{"seq":14,"ts":1778515200000,"agent_id":"rl-qlearn","symbol":"BTCUSDT","side":"buy","price":81544.4576304,"quantity":0.0245264982822621,"notional_usd":2000.0,"fee_usd":1.2,"balance_before_usd":9948.104273409745,"balance_after_usd":9946.30441337975,"decision":"ALLOW_CAPPED","cert_hash":"1c8904b2971e3f1beb336b06b92149698dfb976efc8e0f9032855c1fed83bbc4","prev_hash":"4c75ae26e04eea25f207481945caca4e5ea85838ff768fa56e99afda02abe93a","record_hash":"28cd42811459a4043e9fcfb23533251214c6243594304fe43ba5467bed124f00","signature_hex":"b3aab5f78a6a272a9d84d88077a46a8fb481e846c8eceda67895b9f4b9d892b108966c8a989b6fff1c2e619374d0e83db1e8906903c132713248b37ff383b00e","public_key_hex":"c2f8243b0d573587f285c830a868acd19249d17d59ecbf9329e796dfed6fb630"}
{"seq":15,"ts":1778518800000,"agent_id":"rl-qlearn","symbol":"BTCUSDT","side":"buy","price":81913.16821777199,"quantity":0.024416098699574867,"notional_usd":2000.0,"fee_usd":1.2,"balance_before_usd":9946.183674589784,"balance_after_usd":9944.383814559791,"decision":"ALLOW_CAPPED","cert_hash":"0d12a69d1aefaa866e512fb044b8d1dac22154a3f99a7b616da68c5797e784ee","prev_hash":"28cd42811459a4043e9fcfb23533251214c6243594304fe43ba5467bed124f00","record_hash":"eae492b86d8b62b9aff84cb376027f88cb22776bd1cb68a7d9e8468de4a2ed0e","signature_hex":"194532ed4c1cefcd4629ffffcec3c0e3d471e55752ab82d2eb67712feffc5ce387985c6117b7ce01672a81fb3656b6a84faff76b61528b4c4ac4ab38364e450f","public_key_hex":"c2f8243b0d573587f285c830a868acd19249d17d59ecbf9329e796dfed6fb630"}
{"seq":16,"ts":1778522400000,"agent_id":"rl-qlearn","symbol":"BTCUSDT","side":"sell","price":81785.07874263766,"quantity":0.02409573113368679,"notional_usd":1970.67126813,"fee_usd":1.1824027608780001,"balance_before_usd":9942.478411185986,"balance_after_usd":9940.70756037376,"decision":"ALLOW","cert_hash":"90ad6182ceaa56356fa79512ccf9f9d1e06390da063e3b6cc1c6f4fcbe3d4624","prev_hash":"eae492b86d8b62b9aff84cb376027f88cb22776bd1cb68a7d9e8468de4a2ed0e","record_hash":"ed83509f5cff76e03a304be7ca438f87854f13a6252426dbabf5c43f2d410451","signature_hex":"6bf2b95382045511f7d671240429e7b2ad3b3fd38d1180d7767d1ce7b2fc5e2a4c5ca96231806869ea054be8ee70eb7f7eccd2fedb59dd71e3240bc52246cb0f","public_key_hex":"c2f8243b0d573587f285c830a868acd19249d17d59ecbf9329e796dfed6fb630"}
{"seq":17,"ts":1778529600000,"agent_id":"rl-qlearn","symbol":"BTCUSDT","side":"sell","price":81746.67027542401,"quantity":0.0244658283115572,"notional_usd":2000.0,"fee_usd":1.2,"balance_before_usd":9940.707835862062,"balance_after_usd":9938.907695832055,"decision":"ALLOW_CAPPED","cert_hash":"55cb0212eca458ac0a1a8ac5308bfe785469e55725613cca8e552a07b51424dc","prev_hash":"ed83509f5cff76e03a304be7ca438f87854f13a6252426dbabf5c43f2d410451","record_hash":"f64aa418daf56e4cef1c130e720888c7522b6868b39a8553219fb7f4e9ed1d56","signature_hex":"36df8ef585ac94166e482d57437060da2e33ff2a8fe54b50fdaea78a1dedd13b82e66517eb40d59864bd622be583f5ddf15003ac461c7a4b44ca16510d72170e","public_key_hex":"c2f8243b0d573587f285c830a868acd19249d17d59ecbf9329e796dfed6fb630"}
{"seq":18,"ts":1778533200000,"agent_id":"rl-qlearn","symbol":"BTCUSDT","side":"buy","price":81801.134615532,"quantity":0.024449538620705754,"notional_usd":2000.0,"fee_usd":1.2,"balance_before_usd":9938.77554151748,"balance_after_usd":9936.975681487485,"decision":"ALLOW_CAPPED","cert_hash":"5b415c3cdbcbf44e0c400eaba8f1c9bcc6ae86b31966b491437f546ed0be68f6","prev_hash":"f64aa418daf56e4cef1c130e720888c7522b6868b39a8553219fb7f4e9ed1d56","record_hash":"8d70c93afc45bbf6d2b12576eae640f187ff6d01a856dd49c45a9a62b8e0ab14","signature_hex":"9a371c3052cb87ccc0ae9ebe392ace7708e634fa6fd477b14ae00435be1c61718807ad53c716251a56c5703e71dbb1dbff25b5b921230e79f9b9c7e838c45b0f","public_key_hex":"c2f8243b0d573587f285c830a868acd19249d17d59ecbf9329e796dfed6fb630"}
{"seq":19,"ts":1778587200000,"agent_id":"rl-qlearn","symbol":"BTCUSDT","side":"buy","price":80866.85439685201,"quantity":0.02473201183497322,"notional_usd":2000.0,"fee_usd":1.2,"balance_before_usd":9936.997572762399,"balance_after_usd":9935.197712732404,"decision":"ALLOW_CAPPED","cert_hash":"592b0630ebf022b8eff99e00a1789c9693a3be21ba7381db67f2217487d5eb33","prev_hash":"8d70c93afc45bbf6d2b12576eae640f187ff6d01a856dd49c45a9a62b8e0ab14","record_hash":"8c8c89a31877952fbdb40cbd63bd17a3f14d073ad98168d373dd06c54cda7f03","signature_hex":"b66b94a734adf44b29c882d59de2bd0ec13abd12c2f58fd9ae069de8474e95b6e94b4e59fc6857f2dc58c6ad40e138cf8ceb03c65706174a53accc8f1bfca805","public_key_hex":"c2f8243b0d573587f285c830a868acd19249d17d59ecbf9329e796dfed6fb630"}
{"seq":20,"ts":1778590800000,"agent_id":"rl-qlearn","symbol":"BTCUSDT","side":"buy","price":80456.13120864,"quantity":0.024858267107245948,"notional_usd":2000.0,"fee_usd":1.2,"balance_before_usd":9925.052390627263,"balance_after_usd":9923.252530597269,"decision":"ALLOW_CAPPED","cert_hash":"fc7a7356b287d6a9df20310f4cc59631ab5b3a6e633ca9a26dc346e324fcb670","prev_hash":"8c8c89a31877952fbdb40cbd63bd17a3f14d073ad98168d373dd06c54cda7f03","record_hash":"78548f144512d6cc3e17df2b492251cb20b5b343a8031da129c47b2c920a597e","signature_hex":"f5b60c15ba786933372330603bccd1c869db1713605937e567614260d6bd2e410afda2767b748c37e776486f02c7f5e5b63a184b96c1a16c7601db173abd9900","public_key_hex":"c2f8243b0d573587f285c830a868acd19249d17d59ecbf9329e796dfed6fb630"}
{"seq":21,"ts":1778594400000,"agent_id":"rl-qlearn","symbol":"BTCUSDT","side":"buy","price":80528.31949991516,"quantity":0.01208244173493556,"notional_usd":972.97872837,"fee_usd":0.5837872370220001,"balance_before_usd":9927.034477158415,"balance_after_usd":9926.208805480106,"decision":"ALLOW","cert_hash":"b6ef5e5864dd9e5cc84ea9278bc77fc9c902b84c7e6866c9f352c33589e6f67a","prev_hash":"78548f144512d6cc3e17df2b492251cb20b5b343a8031da129c47b2c920a597e","record_hash":"c72dddac7cf674ca48bf94193f7e578ec93cc36abb8a054eace914b698e1c627","signature_hex":"166d68dcec9ae4b8fea00c8936cc667661431f0e0118bab99939be369c35960e1dae924507da52c93bee4c1edee4eeb89bf282877fc74f83f58361cc823a3608","public_key_hex":"c2f8243b0d573587f285c830a868acd19249d17d59ecbf9329e796dfed6fb630"}
{"seq":22,"ts":1778598000000,"agent_id":"rl-qlearn","symbol":"BTCUSDT","side":"sell","price":80276.01157600201,"quantity":0.024914042946771,"notional_usd":2000.0,"fee_usd":1.2,"balance_before_usd":9913.373434111803,"balance_after_usd":9911.573294081796,"decision":"ALLOW_CAPPED","cert_hash":"992c814eefe90c569df85c138486fc1258dd5278758db51f8b55ee00b39fcf9f","prev_hash":"c72dddac7cf674ca48bf94193f7e578ec93cc36abb8a054eace914b698e1c627","record_hash":"431a34f1811513f8f7971b642ee6fe5957713c5fd6d2f6ce7c3f75be8ebed3e1","signature_hex":"f391137b2c9e4f5fce666df72ba49e6a91de37a02a8738de505cd86146fdc6f9e6acfb5fb0faba618a02f0d89c365374bfa9157c50cc73ea5e467e7c79158609","public_key_hex":"c2f8243b0d573587f285c830a868acd19249d17d59ecbf9329e796dfed6fb630"}
{"seq":23,"ts":1778601600000,"agent_id":"rl-qlearn","symbol":"BTCUSDT","side":"sell","price":79941.411979308,"quantity":0.02501832217471564,"notional_usd":2000.0,"fee_usd":1.2,"balance_before_usd":9899.016582803637,"balance_after_usd":9897.216442773632,"decision":"ALLOW_CAPPED","cert_hash":"8d182eb93a0bf9a452cb6770b866e0fc2f0f6247104a7deac064839441375c5c","prev_hash":"431a34f1811513f8f7971b642ee6fe5957713c5fd6d2f6ce7c3f75be8ebed3e1","record_hash":"445562ba29eb481d3af589bf0b77d4c8fcd9969a4700ad44c1e399b387af188f","signature_hex":"b551777774c0d98f671b527ac2e76f2ac65a30048babd02700cd3d2e3e736417d2ba10259f0f62ff29ea8b0ec0acac00757b68f43d54f2c90cfcf9f25e025400","public_key_hex":"c2f8243b0d573587f285c830a868acd19249d17d59ecbf9329e796dfed6fb630"}
{"seq":24,"ts":1778605200000,"agent_id":"rl-qlearn","symbol":"BTCUSDT","side":"sell","price":80465.60903858887,"quantity":0.011719769349757204,"notional_usd":943.03837852,"fee_usd":0.565823027112,"balance_before_usd":9903.310388399472,"balance_after_usd":9902.511447892475,"decision":"ALLOW","cert_hash":"82017dba3d6fae99fca044927f2fd208cc2b211481cdb17a7fb119ddfafbacc0","prev_hash":"445562ba29eb481d3af589bf0b77d4c8fcd9969a4700ad44c1e399b387af188f","record_hash":"cf28d91708db9e4dc873c7d2f9b2d585f7ab902d30a1ed379184a280ceb366f6","signature_hex":"4e346025d4d84af3a3d025f4ea6922f7c5712230499d70a785432d9dc66bcac3ae73380210ec8fade8d808cd63818205afa990747362faac030507943eaac50b","public_key_hex":"c2f8243b0d573587f285c830a868acd19249d17d59ecbf9329e796dfed6fb630"}
{"seq":25,"ts":1778623200000,"agent_id":"rl-qlearn","symbol":"BTCUSDT","side":"buy","price":80634.08458219799,"quantity":0.024803406777207347,"notional_usd":2000.0,"fee_usd":1.2,"balance_before_usd":9902.511087581432,"balance_after_usd":9900.71122755144,"decision":"ALLOW_CAPPED","cert_hash":"7b6c1a6b6edf3c9a230b62b998cb38c049f334984f35e55b2450599aef640b8a","prev_hash":"cf28d91708db9e4dc873c7d2f9b2d585f7ab902d30a1ed379184a280ceb366f6","record_hash":"06d38a8de9b052c106df28e328a65238189d48ed889f45ffba0c6f02236bc237","signature_hex":"6d28b8af7fcc880546c9ecad52e5417cd7d1978235721b311a65b4e5b8d1b4f81381887e8b6861c8f675936b17d86ce17550529db6af8c132acd063eaafd2907","public_key_hex":"c2f8243b0d573587f285c830a868acd19249d17d59ecbf9329e796dfed6fb630"}
{"seq":26,"ts":1778626800000,"agent_id":"rl-qlearn","symbol":"BTCUSDT","side":"sell","price":80435.78195572944,"quantity":0.024807946626518303,"notional_usd":1995.44658562,"fee_usd":1.197267951372,"balance_before_usd":9896.99115099351,"balance_after_usd":9895.195563887137,"decision":"ALLOW","cert_hash":"676227dadde46df18cecd250d878bce1e52fd22509aea488d13bbd19300a3f51","prev_hash":"06d38a8de9b052c106df28e328a65238189d48ed889f45ffba0c6f02236bc237","record_hash":"9ecbbaf0bcffa60a2c2a7a2681dbf2748dc89a21b88b4f080639130dfb9c4009","signature_hex":"d5c460d5500f8158def820c3da29fdec385ef0b2e50fb4d173c2b43f9695e52ac3a764b8c306359fb1156886cf0a96405b759757faa1ba9e842610500d54f009","public_key_hex":"c2f8243b0d573587f285c830a868acd19249d17d59ecbf9329e796dfed6fb630"}
{"seq":27,"ts":1778630400000,"agent_id":"rl-qlearn","symbol":"BTCUSDT","side":"buy","price":80690.40147332399,"quantity":0.02478609553902386,"notional_usd":2000.0,"fee_usd":1.2,"balance_before_usd":9895.194013594719,"balance_after_usd":9893.394153564726,"decision":"ALLOW_CAPPED","cert_hash":"ec6c5cc2ae6a90f68c71a2c992adb0f672cedb63119461480b8ecca2ae370833","prev_hash":"9ecbbaf0bcffa60a2c2a7a2681dbf2748dc89a21b88b4f080639130dfb9c4009","record_hash":"49e9f060023463219a5295d377283d9179e1709ae1f8541abbe572a0bbd9e2e4","signature_hex":"81165b6c7ac52246c6fbd94fd76dac9a55e21169d6b9e85014869daefa74ac2c3b275d194bd1e3855bc06b13c7b9889bd7cd739c38ba2cc241720beced456009","public_key_hex":"c2f8243b0d573587f285c830a868acd19249d17d59ecbf9329e796dfed6fb630"}
{"seq":28,"ts":1778634000000,"agent_id":"rl-qlearn","symbol":"BTCUSDT","side":"buy","price":80972.28601896,"quantity":0.024699809012823124,"notional_usd":2000.0,"fee_usd":1.2,"balance_before_usd":9900.376779755099,"balance_after_usd":9898.576919725105,"decision":"ALLOW_CAPPED","cert_hash":"4a0a64524c870b3073f683d72f3e5f648b607e9a98967a0b22cfb2cc417bac4d","prev_hash":"49e9f060023463219a5295d377283d9179e1709ae1f8541abbe572a0bbd9e2e4","record_hash":"d8adfa2f3bc732d4d31ba1f4ce45d652a57ff641ef8dcc3cc4cb9cc66ab968bf","signature_hex":"5e6d7ba9e32fda6ef8121411b7f2aa3b91f2437a116206a10e967a5163d203c9328d23a606649b11a0b4c63a1c51a563ad12ccedfd8293329e7d895ea0af6609","public_key_hex":"c2f8243b0d573587f285c830a868acd19249d17d59ecbf9329e796dfed6fb630"}
{"seq":29,"ts":1778637600000,"agent_id":"rl-qlearn","symbol":"BTCUSDT","side":"buy","price":81020.01960865727,"quantity":0.011636864214104146,"notional_usd":942.81896681,"fee_usd":0.5656913800860001,"balance_before_usd":9901.149800077304,"balance_after_usd":9900.351143229655,"decision":"ALLOW","cert_hash":"66245c9d26f9bc3f2ed9cdaf73cd5b48191ccd1372aaa3acfa81e487b631e97c","prev_hash":"d8adfa2f3bc732d4d31ba1f4ce45d652a57ff641ef8dcc3cc4cb9cc66ab968bf","record_hash":"587e328c411a1704e18f9f2d9bb4cb853e87200de2e97cb59a94df005c3e12fe","signature_hex":"92fd43481ae89fd65aa55755c085f1a5d847f2d2b224150060beb844d4e19d9229d722266b0962ad57bcf0914e0f17dce00f9362cc839a597c523340df43b70f","public_key_hex":"c2f8243b0d573587f285c830a868acd19249d17d59ecbf9329e796dfed6fb630"}
{"seq":30,"ts":1778648400000,"agent_id":"rl-qlearn","symbol":"BTCUSDT","side":"sell","price":80943.21136935,"quantity":0.024708681137864036,"notional_usd":2000.0,"fee_usd":1.2,"balance_before_usd":9898.364894922572,"balance_after_usd":9896.564754892566,"decision":"ALLOW_CAPPED","cert_hash":"0d7c5892bb602d211ebb9c8a1b66a12c09e7e379bdcbca29f2e2f186420741cc","prev_hash":"587e328c411a1704e18f9f2d9bb4cb853e87200de2e97cb59a94df005c3e12fe","record_hash":"dc547053437bad78fb0825421e9698e0b2364bf85e598fdc0f65a255e7a10147","signature_hex":"c44a4d64960f9c3c85272de98dbb9046eb225cc450f69f27cc55de3410dc40c47c8046031410eb98bbd62901c976105f8cbbf97f6f3b7cfd9afac763889d4704","public_key_hex":"c2f8243b0d573587f285c830a868acd19249d17d59ecbf9329e796dfed6fb630"}
{"seq":31,"ts":1778652000000,"agent_id":"rl-qlearn","symbol":"BTCUSDT","side":"sell","price":80913.120398748,"quantity":0.024717870107391716,"notional_usd":2000.0,"fee_usd":1.2,"balance_before_usd":9895.468914685793,"balance_after_usd":9893.668774655787,"decision":"ALLOW_CAPPED","cert_hash":"5a9c5940b0653584be078c8c6681050edcf35dbb3b36219b9caec6a3cd593550","prev_hash":"dc547053437bad78fb0825421e9698e0b2364bf85e598fdc0f65a255e7a10147","record_hash":"8df30dd4b95bc0c0c69c87c5d67280cb67645e3e868493ef72831f1a636f41ae","signature_hex":"9d4d60e67d46339859b0d3ddc20ce60a2048615fdb63d2a6ef85ee6d2edae106356f538a921ba80f12ac9f513251c015d36713ab90ba9bbdb4e4f5ccf857bc0d","public_key_hex":"c2f8243b0d573587f285c830a868acd19249d17d59ecbf9329e796dfed6fb630"}
{"seq":32,"ts":1778655600000,"agent_id":"rl-qlearn","symbol":"BTCUSDT","side":"sell","price":80955.97376024669,"quantity":0.011691672757381897,"notional_usd":946.51075296,"fee_usd":0.567906451776,"balance_before_usd":9894.119961613209,"balance_after_usd":9893.317914919679,"decision":"ALLOW","cert_hash":"6e6b266eb710bd22d2ba81aa78fc5e6562a26ed962f540e0c0de65188beaedf5","prev_hash":"8df30dd4b95bc0c0c69c87c5d67280cb67645e3e868493ef72831f1a636f41ae","record_hash":"8e514be7fe4a04fe6323455450559f2ebf042cffb14b511c8a6e5755aac2c287","signature_hex":"a21f8c262e7bd0780a53abcc5f63e1317f5a73940e40ec81c463763e5546d51973f4066dd627c0b2048882d3be383e4a9411a55e0cb81a1cd1cb39817cde8105","public_key_hex":"c2f8243b0d573587f285c830a868acd19249d17d59ecbf9329e796dfed6fb630"}
{"seq":33,"ts":1778666400000,"agent_id":"rl-qlearn","symbol":"BTCUSDT","side":"sell","price":80755.76761560001,"quantity":0.02476603292931426,"notional_usd":2000.0,"fee_usd":1.2,"balance_before_usd":9893.318456542333,"balance_after_usd":9891.518316512327,"decision":"ALLOW_CAPPED","cert_hash":"a1fce7f1f7b736eef23cbadad757d1820d3605c29858091e15b5eda89c9eb8e7","prev_hash":"8e514be7fe4a04fe6323455450559f2ebf042cffb14b511c8a6e5755aac2c287","record_hash":"ea047adfb4acb0c053ac736d037165c95a57f327ca86a6092615f32047ae4d64","signature_hex":"a033df4eb3bebe9197f0b88aa34369fd91d2f0fdc55f618c03c4809ce46b22083edadd1cd873cec7bd1b92ac95ef02e93ad056581b402634faa8f936b72ca309","public_key_hex":"c2f8243b0d573587f285c830a868acd19249d17d59ecbf9329e796dfed6fb630"}
{"seq":34,"ts":1778670000000,"agent_id":"rl-qlearn","symbol":"BTCUSDT","side":"buy","price":80509.12105764527,"quantity":0.02476150347502386,"notional_usd":1993.52688084,"fee_usd":1.196116128504,"balance_before_usd":9898.825149212193,"balance_after_usd":9897.031759430985,"decision":"ALLOW","cert_hash":"d46260cbeefdffa135c6c2a3a09b5ebdb1bcb9c4a940c5b7ae1c7c1e3ef03fed","prev_hash":"ea047adfb4acb0c053ac736d037165c95a57f327ca86a6092615f32047ae4d64","record_hash":"0d5c6605028c42213ee415c8e61a9aa337477e04f6d1d8064d6dddaa084f7cf2","signature_hex":"3c979e8822168418e8841b2c49a21161a1049045c88ccd1cdea567cc95447afe0740a097713eca5a9fc56597395d430dab12f3d5b4ada747ddac2339c7b4e209","public_key_hex":"c2f8243b0d573587f285c830a868acd19249d17d59ecbf9329e796dfed6fb630"}
{"seq":35,"ts":1778673600000,"agent_id":"rl-qlearn","symbol":"BTCUSDT","side":"sell","price":80156.347483608,"quantity":0.02495123671159044,"notional_usd":2000.0,"fee_usd":1.2,"balance_before_usd":9897.03401984666,"balance_after_usd":9895.233879816653,"decision":"ALLOW_CAPPED","cert_hash":"1e1b14bd6f3fd2c8b796c38033e61f1cf3159f15051c73bf6e643db6144632ed","prev_hash":"0d5c6605028c42213ee415c8e61a9aa337477e04f6d1d8064d6dddaa084f7cf2","record_hash":"6d58b924906202be62adfd3084512d96d87b4407cba5a825bc798d19bf65180d","signature_hex":"be04e491358b95e97b3be1d4d9a1437e24ffd953dc80758da53232d18664a8661fc96fc0e0b05b2372200455a0dfd3c17b8d3ad0231ac6adc7a10b93f2992907","public_key_hex":"c2f8243b0d573587f285c830a868acd19249d17d59ecbf9329e796dfed6fb630"}
{"seq":36,"ts":1778677200000,"agent_id":"rl-qlearn","symbol":"BTCUSDT","side":"buy","price":79656.84184760574,"quantity":0.024951187342857728,"notional_usd":1987.53278408,"fee_usd":1.1925196704480001,"balance_before_usd":9908.896249010375,"balance_after_usd":9907.108846933716,"decision":"ALLOW","cert_hash":"7a060f085976fb44866834e4c8741fdee86d2e2d3a9182f1a8865bb6a0896c9c","prev_hash":"6d58b924906202be62adfd3084512d96d87b4407cba5a825bc798d19bf65180d","record_hash":"cf3b6b454daf3641a9ee7cd1cd25e8f9250446e79776a9098f9c73ac47a2d721","signature_hex":"e89cd2bd8fb0d8eaaa34b415adc51d611a08ac1f8670b803b002853e477121eff5c2fdc8e0389fc4204af8995f792f8433548aa49ab4125ebecc1e27b7198c09","public_key_hex":"c2f8243b0d573587f285c830a868acd19249d17d59ecbf9329e796dfed6fb630"}
{"seq":37,"ts":1778680800000,"agent_id":"rl-qlearn","symbol":"BTCUSDT","side":"sell","price":79716.179564802,"quantity":0.02508900967054225,"notional_usd":2000.0,"fee_usd":1.2,"balance_before_usd":9907.108046864581,"balance_after_usd":9905.307906834574,"decision":"ALLOW_CAPPED","cert_hash":"9d9c81c9ac548729ef96bb8c27559295a4af452c727edf22b0f12a43f277c030","prev_hash":"cf3b6b454daf3641a9ee7cd1cd25e8f9250446e79776a9098f9c73ac47a2d721","record_hash":"4c12d2f08d796b5086b6719e6ff4a634696bd2f39c80423b6f4f582309368869","signature_hex":"9cb11c1911d89a085ce4713ef99f973dab0d26c2cf3e286c7f210ae78413b8ba34cbb81acb84e9a4a474294cb542a1484c2f2886db3cacf405471c1ba0cf3a05","public_key_hex":"c2f8243b0d573587f285c830a868acd19249d17d59ecbf9329e796dfed6fb630"}
{"seq":38,"ts":1778684400000,"agent_id":"rl-qlearn","symbol":"BTCUSDT","side":"buy","price":78853.66529612202,"quantity":0.02508897992630527,"notional_usd":1978.35802573,"fee_usd":1.187014815438,"balance_before_usd":9928.1457036078,"balance_after_usd":9926.367459551,"decision":"ALLOW","cert_hash":"493db88ae0c47dd7787cc35647eb9e3008a7a85b54fc17c6ae70546a8b12c188","prev_hash":"4c12d2f08d796b5086b6719e6ff4a634696bd2f39c80423b6f4f582309368869","record_hash":"6bf46a7b8f3dfa105baed7b7b78b30ccdbde1e815e6de8a23703033fb84bd11e","signature_hex":"8be5598b16b834d9e084b7703f884ee36902e1d26fb352d1b44a5be85e2f75548a17ff2554bed1953bc55265d3b81e37c9ae8aad6164482dc470ce05f6c9650e","public_key_hex":"c2f8243b0d573587f285c830a868acd19249d17d59ecbf9329e796dfed6fb630"}
{"seq":39,"ts":1778688000000,"agent_id":"rl-qlearn","symbol":"BTCUSDT","side":"sell","price":79082.969572134,"quantity":0.02528989504087525,"notional_usd":2000.0,"fee_usd":1.2,"balance_before_usd":9926.36544436913,"balance_after_usd":9924.565304339123,"decision":"ALLOW_CAPPED","cert_hash":"150899e35ef231802559da381b923a7b83b9184dbd2af512bb8ee553a99867b8","prev_hash":"6bf46a7b8f3dfa105baed7b7b78b30ccdbde1e815e6de8a23703033fb84bd11e","record_hash":"a85994aca39dd6243e9cdf9f57e7c52cf5ccf16faa0b238d8472b3cf331b2ec9","signature_hex":"fdac7422b70311b58b43280d1584893d3292897e6bc09743bfcbe5de18f2468fc43edf9487097b0ef4d2dc48346f1bfd88ffa38b31a1e141c5bbd8c06a00020d","public_key_hex":"c2f8243b0d573587f285c830a868acd19249d17d59ecbf9329e796dfed6fb630"}
{"seq":40,"ts":1778691600000,"agent_id":"rl-qlearn","symbol":"BTCUSDT","side":"buy","price":79527.85279008,"quantity":0.02514842196581312,"notional_usd":2000.0,"fee_usd":1.2,"balance_before_usd":9914.514649271794,"balance_after_usd":9912.7147892418,"decision":"ALLOW_CAPPED","cert_hash":"438206cab7a58b4206704071b94721706fc757d543e3ee4d0b4280856329c1ae","prev_hash":"a85994aca39dd6243e9cdf9f57e7c52cf5ccf16faa0b238d8472b3cf331b2ec9","record_hash":"77ac919df1073aea4dcf4f10dbba0b05de1c03ef8ed5519daa842519c11ace20","signature_hex":"91ee833699be39dc75d9ee3ef3ba3259e58b068303c5343849f0f24590fb4ae2577ff8a597799f8a8c2c99c38cc5e28ad766e627a0738a01e981635dde3d6805","public_key_hex":"c2f8243b0d573587f285c830a868acd19249d17d59ecbf9329e796dfed6fb630"}
{"seq":41,"ts":1778792400000,"agent_id":"rl-qlearn","symbol":"BTCUSDT","side":"sell","price":81325.69659700201,"quantity":0.024592473027445647,"notional_usd":2000.0,"fee_usd":1.2,"balance_before_usd":9912.439714516431,"balance_after_usd":9910.639574486424,"decision":"ALLOW_CAPPED","cert_hash":"865a0668a5ebf1036ff718a125dd0fe9becd5a3e1179502e66138f2bd1fc9e1a","prev_hash":"77ac919df1073aea4dcf4f10dbba0b05de1c03ef8ed5519daa842519c11ace20","record_hash":"fd8e6a665870d1f4b712f5b2759fe5d7221fd1a6c225f9f9c6305dddf1d29f6f","signature_hex":"a56b32ee96cb63d18c3150f003be2cbd904e80eb1e322042adfc4f1ac68101c0df80fbdff693bcd1364b34084b8edc6c6d0dc0b463f41400c2fb2d6db8f0690c","public_key_hex":"c2f8243b0d573587f285c830a868acd19249d17d59ecbf9329e796dfed6fb630"}
{"seq":42,"ts":1778796000000,"agent_id":"rl-qlearn","symbol":"BTCUSDT","side":"buy","price":81439.226068296,"quantity":0.02455819015670377,"notional_usd":2000.0,"fee_usd":1.2,"balance_before_usd":9909.038802920728,"balance_after_usd":9907.238942890732,"decision":"ALLOW_CAPPED","cert_hash":"4b59ff009f90061459ab644a8bc5ab8d89ec131d540e08c85eba61ffdc691739","prev_hash":"fd8e6a665870d1f4b712f5b2759fe5d7221fd1a6c225f9f9c6305dddf1d29f6f","record_hash":"c6d4a43c1ed2d946e18d327c3a88a38f85b3204ec49d6b3ab9d00d2e80c3eceb","signature_hex":"b91c886c447d5b7f534b18eae9553f4ed07b62a58e88fb53d9c43c334534b07756cd60cb991daa4747fed1760f0df216d72634cb4c2eeca374b0d610fa3cad0e","public_key_hex":"c2f8243b0d573587f285c830a868acd19249d17d59ecbf9329e796dfed6fb630"}
{"seq":43,"ts":1778803200000,"agent_id":"rl-qlearn","symbol":"BTCUSDT","side":"sell","price":81446.56032942,"quantity":0.024555978692172752,"notional_usd":2000.0,"fee_usd":1.2,"balance_before_usd":9907.227897401652,"balance_after_usd":9905.427757371644,"decision":"ALLOW_CAPPED","cert_hash":"f1143db27b61221974ed09c5a100d700504235c33705d84530f30bcbd2b9dc7a","prev_hash":"c6d4a43c1ed2d946e18d327c3a88a38f85b3204ec49d6b3ab9d00d2e80c3eceb","record_hash":"80e0d208a310bd7935e8c4373ff1360032b0bce5d4b12ac442862d8ac5d73e33","signature_hex":"afdeda6ebcc21ee8f4cf21c34a75109c83972df18f8601b0e5e773e06636eb09348c90225680bf556b1eff5d0a03576ea226670f20c95a72184dedac2462ab08","public_key_hex":"c2f8243b0d573587f285c830a868acd19249d17d59ecbf9329e796dfed6fb630"}
{"seq":44,"ts":1778806800000,"agent_id":"rl-qlearn","symbol":"BTCUSDT","side":"sell","price":81072.57255193799,"quantity":0.024669255421970585,"notional_usd":2000.0,"fee_usd":1.2,"balance_before_usd":9914.682705066274,"balance_after_usd":9912.882565036267,"decision":"ALLOW_CAPPED","cert_hash":"145f2f7ae94530866e4b5b3e3978d942ae5af3b3c3a08c3e26864e26b1ee0f45","prev_hash":"80e0d208a310bd7935e8c4373ff1360032b0bce5d4b12ac442862d8ac5d73e33","record_hash":"94527496a4bb30d6d3b822331ba0b331e69bd824d2172279d2ea348a2d686d45","signature_hex":"22c1afb596ce3feeafea7ca5b6370592c49f454458d47715ef09cb3a0ac1fd728be42cdab6fb9053441e8be7f300d867fb8a888004d0ef51a59fd77ee6a58600","public_key_hex":"c2f8243b0d573587f285c830a868acd19249d17d59ecbf9329e796dfed6fb630"}
{"seq":45,"ts":1778810400000,"agent_id":"rl-qlearn","symbol":"BTCUSDT","side":"buy","price":81286.980405252,"quantity":0.024604186181219973,"notional_usd":2000.0,"fee_usd":1.2,"balance_before_usd":9904.695578225997,"balance_after_usd":9902.895718196003,"decision":"ALLOW_CAPPED","cert_hash":"a735991e29d74b02058e18ae11612363e32f8e7a4ea77625dc93b5125c084620","prev_hash":"94527496a4bb30d6d3b822331ba0b331e69bd824d2172279d2ea348a2d686d45","record_hash":"67faded87546ab2542f8d0999434c6e9ee9f15d0b21ff3ccf66d9bbae49e3f12","signature_hex":"026c84d3df7a533e87d6d595972f070c4db60be9a865c498039a08ebc68815697aec7aacbf02c47e89c917df785bcfb9ac1ce1fb19f007165e29a0c00c978709","public_key_hex":"c2f8243b0d573587f285c830a868acd19249d17d59ecbf9329e796dfed6fb630"}
{"seq":46,"ts":1778814000000,"agent_id":"rl-qlearn","symbol":"BTCUSDT","side":"buy","price":81054.610710606,"quantity":0.0246747221714594,"notional_usd":2000.0,"fee_usd":1.2,"balance_before_usd":9908.657757997316,"balance_after_usd":9906.857897967322,"decision":"ALLOW_CAPPED","cert_hash":"ab3e6cbc63dd7acce630a850665390f9008476dbb6fe2a6891432d8010738a72","prev_hash":"67faded87546ab2542f8d0999434c6e9ee9f15d0b21ff3ccf66d9bbae49e3f12","record_hash":"6bf96143ec1ce65e629d4a559b1f222ee2f822e9ebb37a1139169a526e8bdbca","signature_hex":"14adfbf832051bcbb90048ac444ac9f83e5b0f3794a3ea904bd0bcce7272ecefe17e028851e2ce5aa791d14266daa524d9be6eabde80b1b6d33d5c5da3fc6709","public_key_hex":"c2f8243b0d573587f285c830a868acd19249d17d59ecbf9329e796dfed6fb630"}
{"seq":47,"ts":1778821200000,"agent_id":"rl-qlearn","symbol":"BTCUSDT","side":"buy","price":80356.10120664,"quantity":0.02488921152180957,"notional_usd":2000.0,"fee_usd":1.2,"balance_before_usd":9906.948384904425,"balance_after_usd":9905.14852487443,"decision":"ALLOW_CAPPED","cert_hash":"7f3ba14d16d02a723ad7ea85ea90911c071c95491a17056a1b67c32c8da22a2d","prev_hash":"6bf96143ec1ce65e629d4a559b1f222ee2f822e9ebb37a1139169a526e8bdbca","record_hash":"58427dcffa48378bc4e870c3594fa5ff5e1f0711512bb2851a698543a8e6e2bd","signature_hex":"6a9da14f6162aec3deb821964d018e9c7a3b398fd001edefd3410f154b3112bd708eea915ae81a251b52ec9c02082460fc889ee9daa538c85640576968b55c03","public_key_hex":"c2f8243b0d573587f285c830a868acd19249d17d59ecbf9329e796dfed6fb630"}
{"seq":48,"ts":1778824800000,"agent_id":"rl-qlearn","symbol":"BTCUSDT","side":"sell","price":80529.23559106799,"quantity":0.024835700790159156,"notional_usd":2000.0,"fee_usd":1.2,"balance_before_usd":9910.630306905567,"balance_after_usd":9908.83016687556,"decision":"ALLOW_CAPPED","cert_hash":"866f87b7af48e609ae8867c16f81575eb75e88aa1221f77e4f897b1c77ae4788","prev_hash":"58427dcffa48378bc4e870c3594fa5ff5e1f0711512bb2851a698543a8e6e2bd","record_hash":"805431b9e9c54eaab91065d6bb117bfa81d3ce158706b1abee41249188d1a12e","signature_hex":"544007db85a297fb62769247fa807d3679ce9ef1763c769f4502a71060dd15399ffb2d28b3f9f54d2b66a2f0fa4d673462421acfaca146c1f88f3a86f1c7ba0e","public_key_hex":"c2f8243b0d573587f285c830a868acd19249d17d59ecbf9329e796dfed6fb630"}
{"seq":49,"ts":1778922000000,"agent_id":"rl-qlearn","symbol":"BTCUSDT","side":"buy","price":78092.82238138799,"quantity":0.02561054830663495,"notional_usd":2000.0,"fee_usd":1.2,"balance_before_usd":9909.021541668273,"balance_after_usd":9907.22168163828,"decision":"ALLOW_CAPPED","cert_hash":"b769c76ca8006631e9b43969a1f994f3c14d9718e479c6e018c72047dafb88b7","prev_hash":"805431b9e9c54eaab91065d6bb117bfa81d3ce158706b1abee41249188d1a12e","record_hash":"f3312485051bd2441ced9550d8d929afb5a5663be42edc1eced054d26692cd7b","signature_hex":"80ee5f9987c8ea93ea3f3375c46637ddae7897a6605b956338ba0f97362ce23c6a5370cd07aba273161e5067d589fb5b8472955a02ab75f16630c2be1cf8de04","public_key_hex":"c2f8243b0d573587f285c830a868acd19249d17d59ecbf9329e796dfed6fb630"}
{"seq":50,"ts":1778925600000,"agent_id":"rl-qlearn","symbol":"BTCUSDT","side":"sell","price":77938.34925391946,"quantity":0.025542127552693694,"notional_usd":1990.71125789,"fee_usd":1.1944267547340002,"balance_before_usd":9904.471618434498,"balance_after_usd":9902.680763944925,"decision":"ALLOW","cert_hash":"298583516235908c1e9060394cf944790d3077a593f1c760a5bf3e085a4097bd","prev_hash":"f3312485051bd2441ced9550d8d929afb5a5663be42edc1eced054d26692cd7b","record_hash":"e59eb4b98589ac6bf7825148eaa54f2d1a5782c3087a7f6fa2c39d605367f0fb","signature_hex":"51b34359151bf14e996cd4fb82e6feb0ab86bfd1fd53470860a5e5b3e03320b409ee2f932cdd961c47237a0fac412d633ed704ebeaeb54c5b7f7ea469b190302","public_key_hex":"c2f8243b0d573587f285c830a868acd19249d17d59ecbf9329e796dfed6fb630"}
{"seq":51,"ts":1778929200000,"agent_id":"rl-qlearn","symbol":"BTCUSDT","side":"sell","price":78046.5805614,"quantity":0.0256257223008839,"notional_usd":2000.0,"fee_usd":1.2,"balance_before_usd":9902.679935421123,"balance_after_usd":9900.879795391116,"decision":"ALLOW_CAPPED","cert_hash":"0f2770ad20fe13550e1f1f6adb4459d3941717922b303a4ad3df2aa03acf4238","prev_hash":"e59eb4b98589ac6bf7825148eaa54f2d1a5782c3087a7f6fa2c39d605367f0fb","record_hash":"7aef1c76738a76b354ec8faebc59845b5870d43d27b77f4919b93c380e605b7f","signature_hex":"a4d3cd73bae9de188145eca407534b7b9f4e2d58553545218e386f2fbe6a034218c0cfd1823376ca8f4789672750971e09df3a8fa45986809b629cbadba91d0e","public_key_hex":"c2f8243b0d573587f285c830a868acd19249d17d59ecbf9329e796dfed6fb630"}
{"seq":52,"ts":1778932800000,"agent_id":"rl-qlearn","symbol":"BTCUSDT","side":"sell","price":77969.70362986201,"quantity":0.02565098886991293,"notional_usd":2000.0,"fee_usd":1.2,"balance_before_usd":9902.851001741505,"balance_after_usd":9901.050861711497,"decision":"ALLOW_CAPPED","cert_hash":"b8ea0edbce55254d5f382d351adc75fe96fd2034109e54c4c0360ca2ddd01840","prev_hash":"7aef1c76738a76b354ec8faebc59845b5870d43d27b77f4919b93c380e605b7f","record_hash":"fd4fcbbb2ee5804ae23d1d5092893ad3a3be966788c7fca6d465221b1fecf0b1","signature_hex":"3db03567196e9e072d6cbacdf021249d7fc14cf42f529793499f6dff56ae5e7d64434e31e5732ae607aaaea680b4664cca1ecc6e84d39778cb0dfd6ffb1c5807","public_key_hex":"c2f8243b0d573587f285c830a868acd19249d17d59ecbf9329e796dfed6fb630"}
{"seq":53,"ts":1778936400000,"agent_id":"rl-qlearn","symbol":"BTCUSDT","side":"buy","price":78034.604920224,"quantity":0.025629654972234836,"notional_usd":2000.0,"fee_usd":1.2,"balance_before_usd":9900.122614769494,"balance_after_usd":9898.3227547395,"decision":"ALLOW_CAPPED","cert_hash":"f163aa917eb4706c6227604e3b9f1bef008e262d4ba1881d3271373f86aa41d8","prev_hash":"fd4fcbbb2ee5804ae23d1d5092893ad3a3be966788c7fca6d465221b1fecf0b1","record_hash":"1daba8d9047baf3e50c48c6de724191cd3dcef908bace06d3894b2510f9796d4","signature_hex":"915b6fc86a615937029d5450dc094a4f8aa1192445743f856b7fdea04efe49765e90b1890ce9da157e28b07b4e96b9805f14ed5fb67aae611f067f2d55aa3e0d","public_key_hex":"c2f8243b0d573587f285c830a868acd19249d17d59ecbf9329e796dfed6fb630"}
{"seq":54,"ts":1778940000000,"agent_id":"rl-qlearn","symbol":"BTCUSDT","side":"buy","price":78138.33603229799,"quantity":0.02559563079476523,"notional_usd":2000.0,"fee_usd":1.2,"balance_before_usd":9895.66236167913,"balance_after_usd":9893.862501649135,"decision":"ALLOW_CAPPED","cert_hash":"6cd128f96e3f6ba3dd6237e6e8751df3786ce789029e19508852210126f57277","prev_hash":"1daba8d9047baf3e50c48c6de724191cd3dcef908bace06d3894b2510f9796d4","record_hash":"6c3c524891afb86e319f3492a2678dc544585abf42d8988ff69a74b3f5fd136a","signature_hex":"6abca1722ff9afe8aa77b3b3487c5f98175dcfd76035ddf7899cd8bd965405c39c79872c711bd3158732b96480f1b5542f30bcadcb426f0e290272b7c720e100","public_key_hex":"c2f8243b0d573587f285c830a868acd19249d17d59ecbf9329e796dfed6fb630"}
{"seq":55,"ts":1778943600000,"agent_id":"rl-qlearn","symbol":"BTCUSDT","side":"buy","price":78241.767054366,"quantity":0.025561794873706103,"notional_usd":2000.0,"fee_usd":1.2,"balance_before_usd":9893.856393224884,"balance_after_usd":9892.05653319489,"decision":"ALLOW_CAPPED","cert_hash":"f5206d9c3c36325e372ba9d856294463f9cf5ec65ecde6d9bb8ff7b13ddfc026","prev_hash":"6c3c524891afb86e319f3492a2678dc544585abf42d8988ff69a74b3f5fd136a","record_hash":"9d25ab6c5777b42e5642a0f41af6935935d22d9c2ebb93caae6091dacfd035be","signature_hex":"5130f77530a3dd5cfe2b8ebf4a8f53d73030ec86ced34dc005bab5e06c0b7b0428dc7ee7b26b4af402f76f16fa6ed9e8904420be7e7a887bb4377cb4e521770f","public_key_hex":"c2f8243b0d573587f285c830a868acd19249d17d59ecbf9329e796dfed6fb630"}
{"seq":56,"ts":1778947200000,"agent_id":"rl-qlearn","symbol":"BTCUSDT","side":"sell","price":78164.26871179037,"quantity":0.025510364149280696,"notional_usd":1993.9989583,"fee_usd":1.19639937498,"balance_before_usd":9891.076750091417,"balance_after_usd":9889.282610021724,"decision":"ALLOW","cert_hash":"8331bf7a316665975987e6b22148cf5229082cc2c16111bbfa516301480958db","prev_hash":"9d25ab6c5777b42e5642a0f41af6935935d22d9c2ebb93caae6091dacfd035be","record_hash":"93b719c183cf4167650436ff7a87b18506b55f01409d3e4229ed711e234a41f9","signature_hex":"72da27f0cac8cbd8cd913f4a912ad51c78a497a46d7fa414b01035c5a1f5de017c93e38bd46a5f3288fe083bc6895aed34e4e4cf812483840b2e34fb7c85dc0a","public_key_hex":"c2f8243b0d573587f285c830a868acd19249d17d59ecbf9329e796dfed6fb630"}
{"seq":57,"ts":1778950800000,"agent_id":"rl-qlearn","symbol":"BTCUSDT","side":"sell","price":78159.446693658,"quantity":0.02558871748208376,"notional_usd":2000.0,"fee_usd":1.2,"balance_before_usd":9889.282646717462,"balance_after_usd":9887.482506687455,"decision":"ALLOW_CAPPED","cert_hash":"768ffbca9a0640492a4f0949c76312dc1f5f9082cd468bc4254e05c2b8a8e713","prev_hash":"93b719c183cf4167650436ff7a87b18506b55f01409d3e4229ed711e234a41f9","record_hash":"ac04a950abfa535b1f100d6a498a6caa18793bbdd292d258a004376fe3e7d676","signature_hex":"14d876daaa2d6ac80bb1f1923f2222cd68341293401938fda3af3f76c26e7dcc3a7de8906c63b52458ba8ad6f974fce4d3d649535242e2143310c28b111cb804","public_key_hex":"c2f8243b0d573587f285c830a868acd19249d17d59ecbf9329e796dfed6fb630"}
{"seq":58,"ts":1778954400000,"agent_id":"rl-qlearn","symbol":"BTCUSDT","side":"buy","price":78242.66732438399,"quantity":0.02556150075646397,"notional_usd":2000.0,"fee_usd":1.2,"balance_before_usd":9886.55335873134,"balance_after_usd":9884.753498701346,"decision":"ALLOW_CAPPED","cert_hash":"c33352150bd0ee905f86ee7950f134872625de783aec95e16ba93f91303622b7","prev_hash":"ac04a950abfa535b1f100d6a498a6caa18793bbdd292d258a004376fe3e7d676","record_hash":"89de1ee21e62fc393ae354fc950a36c6bd2a32f75ae99004bfe84ff81b409f8b","signature_hex":"b1114b6fc4e71d0b2d6997f5e971ef98e669cb31c6637fc0861343d3f706bebce811449aa9367941cf7717dd0cbd47747a86df9d5f376d1be8a17bf52c951e0f","public_key_hex":"c2f8243b0d573587f285c830a868acd19249d17d59ecbf9329e796dfed6fb630"}
{"seq":59,"ts":1778961600000,"agent_id":"rl-qlearn","symbol":"BTCUSDT","side":"buy","price":78259.47236472,"quantity":0.025556011810036378,"notional_usd":2000.0,"fee_usd":1.2,"balance_before_usd":9884.752913025273,"balance_after_usd":9882.95305299528,"decision":"ALLOW_CAPPED","cert_hash":"a40bb0d14a9ed783fa89e8a140ba19921c5ac37125006a21b5be3524cbb524f4","prev_hash":"89de1ee21e62fc393ae354fc950a36c6bd2a32f75ae99004bfe84ff81b409f8b","record_hash":"5f448c75fad3930a9b21b10b353011a18b47084f33784e3c432b77c783ded9df","signature_hex":"e8cd8ccd256743dd9f57783dc462370d9d362f9659f591f0bf1601c1f720e42da8ac9366a240bf49ae4b3d1badabd7b32c2153063a77e481919e367d9e0c2401","public_key_hex":"c2f8243b0d573587f285c830a868acd19249d17d59ecbf9329e796dfed6fb630"}
{"seq":60,"ts":1778965200000,"agent_id":"rl-qlearn","symbol":"BTCUSDT","side":"sell","price":78225.13874350909,"quantity":0.025528804433545414,"notional_usd":1996.99426877,"fee_usd":1.1981965612619998,"balance_before_usd":9883.274619487032,"balance_after_usd":9881.47748509705,"decision":"ALLOW","cert_hash":"5dfbabc76f791c11fffea0c84cd6ec632edc8dd75e48863209b9e35c559eea09","prev_hash":"5f448c75fad3930a9b21b10b353011a18b47084f33784e3c432b77c783ded9df","record_hash":"3b379b60d40f3f5212856170ede2f9babb698d2cf0e020b3bde75767573edb89","signature_hex":"ef1478e0a0fde41eda508474aacf9c29bd9e14767fb3c2dcec3bd707dec2a08c40c2344c8034d32394b8f34ff12cbaa0deb592ba8e5d5e060e6d5e0fd3d95f01","public_key_hex":"c2f8243b0d573587f285c830a868acd19249d17d59ecbf9329e796dfed6fb630"}
{"seq":61,"ts":1778979600000,"agent_id":"rl-qlearn","symbol":"BTCUSDT","side":"sell","price":77679.19080405,"quantity":0.025746921141919583,"notional_usd":2000.0,"fee_usd":1.2,"balance_before_usd":9881.481724755558,"balance_after_usd":9879.681584725551,"decision":"ALLOW_CAPPED","cert_hash":"38caac562cc60d3c4f6a4dec33be9834dd9129f83fd6e5acff82e8da42a158fc","prev_hash":"3b379b60d40f3f5212856170ede2f9babb698d2cf0e020b3bde75767573edb89","record_hash":"2c410e7403dd2c024bd77c55d01b9137b23854da60c8a9d8564703d28aca8994","signature_hex":"c14d72c611d19bc34ccae69148279fc7aaf652a8c607ac9c9e2eb3af12a78e187aec156a49537a724e1ee083d20edeacb1466645c9ffc2a3ebce30a7e0bfce0e","public_key_hex":"c2f8243b0d573587f285c830a868acd19249d17d59ecbf9329e796dfed6fb630"}
{"seq":62,"ts":1778983200000,"agent_id":"rl-qlearn","symbol":"BTCUSDT","side":"buy","price":77893.462587402,"quantity":0.025676095702586825,"notional_usd":2000.0,"fee_usd":1.2,"balance_before_usd":9875.365117882415,"balance_after_usd":9873.565257852422,"decision":"ALLOW_CAPPED","cert_hash":"83f76d65941874b7ecc872eeefb5c9e93c5994547effdfa685f2f9efcc5d1e77","prev_hash":"2c410e7403dd2c024bd77c55d01b9137b23854da60c8a9d8564703d28aca8994","record_hash":"0d3890c78363d454931c975385ba7862db2b31f433c1c6c7e3d0b543f7bbecf7","signature_hex":"74477caa0272538e3eaad2e1836169e522c21c18efec2af05c21876a3dffe773d3be49d3cbbec0ade95eb4f75b834bf4c0f754ee0d9bba2c27ceaaa94d79c901","public_key_hex":"c2f8243b0d573587f285c830a868acd19249d17d59ecbf9329e796dfed6fb630"}
{"seq":63,"ts":1778986800000,"agent_id":"rl-qlearn","symbol":"BTCUSDT","side":"buy","price":78015.999339852,"quantity":0.025635767239071478,"notional_usd":2000.0,"fee_usd":1.2,"balance_before_usd":9873.555644085032,"balance_after_usd":9871.75578405504,"decision":"ALLOW_CAPPED","cert_hash":"7c02299d081d3b3ec4472f34eafe030103be73cd0f1689200e35b9c2f951fef8","prev_hash":"0d3890c78363d454931c975385ba7862db2b31f433c1c6c7e3d0b543f7bbecf7","record_hash":"7872a117d9563a47a562f7f1728eea2daa3a88a4b4eaeb1129a2df8a3c4d54e8","signature_hex":"72913b99f44753e312cd1e3066487c0e102f10748fe48a218ce3f8c1ac648c93fcc4b6dce023ed348c5ee52afe886ca090016dd9c86bbf2d133abd568558340d","public_key_hex":"c2f8243b0d573587f285c830a868acd19249d17d59ecbf9329e796dfed6fb630"}
{"seq":64,"ts":1778990400000,"agent_id":"rl-qlearn","symbol":"BTCUSDT","side":"buy","price":78149.03924251201,"quantity":0.025592125244094203,"notional_usd":2000.0,"fee_usd":1.2,"balance_before_usd":9875.154903293243,"balance_after_usd":9873.35504326325,"decision":"ALLOW_CAPPED","cert_hash":"1806aa8c531cdec710b164e9196c466eff7a1ba1eabfe8e9b444387443f4983b","prev_hash":"7872a117d9563a47a562f7f1728eea2daa3a88a4b4eaeb1129a2df8a3c4d54e8","record_hash":"7df5d273d15d261dc67256a735d602cca3bd673ff036af5abc4cd075181c5fca","signature_hex":"ff355246200012e522042e3adf0f1ca787f5e5eed28f3cb390e42a23d8bedee70580574b0bee5e2c6f69c9945127b3ad0cac219f478c24b8d7a3de4c021fc40a","public_key_hex":"c2f8243b0d573587f285c830a868acd19249d17d59ecbf9329e796dfed6fb630"}
{"seq":65,"ts":1778994000000,"agent_id":"rl-qlearn","symbol":"BTCUSDT","side":"sell","price":78072.57276192,"quantity":0.0256171908936438,"notional_usd":2000.0,"fee_usd":1.2,"balance_before_usd":9871.841020645868,"balance_after_usd":9870.040880615861,"decision":"ALLOW_CAPPED","cert_hash":"68160849444d59100c05c3f7d094a77eeef53688c4c9dc5fa154fec61ddafe6a","prev_hash":"7df5d273d15d261dc67256a735d602cca3bd673ff036af5abc4cd075181c5fca","record_hash":"2c423e9dc449f9ecd12e40063bc8f7952bab74710c2b694524ae80debe0a1880","signature_hex":"1041c649777a8d6b02e20e9b8bc9054c4fdda02d13d1d16b4510e21b6330f98e85b53fde74e15dad23ceecd4cd465fab9ba77105cf3491858d4a4c3001060900","public_key_hex":"c2f8243b0d573587f285c830a868acd19249d17d59ecbf9329e796dfed6fb630"}
{"seq":66,"ts":1778997600000,"agent_id":"rl-qlearn","symbol":"BTCUSDT","side":"sell","price":78054.17828155201,"quantity":0.025623227917226016,"notional_usd":2000.0,"fee_usd":1.2,"balance_before_usd":9869.571087733715,"balance_after_usd":9867.77094770371,"decision":"ALLOW_CAPPED","cert_hash":"ab074a7fb10b0d53374a4028bd368bda7a4178731fc4b71db299e48bcb573cdd","prev_hash":"2c423e9dc449f9ecd12e40063bc8f7952bab74710c2b694524ae80debe0a1880","record_hash":"fb5e548d9a743f9c96adabef2dcf697c2734cca7bc38e711fe1334b2f4856af1","signature_hex":"0d87ff5f3d2d826a63abab75bea338f83bf5587cb3cd5a31eecc291bc54c97702d36e8935d169dc8431af6580d90ed55302a421ed8d91db6ef163804fa2dff0c","public_key_hex":"c2f8243b0d573587f285c830a868acd19249d17d59ecbf9329e796dfed6fb630"}
{"seq":67,"ts":1779001200000,"agent_id":"rl-qlearn","symbol":"BTCUSDT","side":"buy","price":78173.14647299399,"quantity":0.025584233080485356,"notional_usd":2000.0,"fee_usd":1.2,"balance_before_usd":9867.764386166677,"balance_after_usd":9865.964526136684,"decision":"ALLOW_CAPPED","cert_hash":"3a2222072ee551a671bdc7dc08587ec200c5a257d837e5baad6e86bf91c1dc94","prev_hash":"fb5e548d9a743f9c96adabef2dcf697c2734cca7bc38e711fe1334b2f4856af1","record_hash":"426809a0df706686b2a71716af2199d57896b1366d164368297a6fc8d226d09f","signature_hex":"eaeb7c9d8ae6ca3a3ab1c068c3ed31528e629e6600b07c37a2f99303bc2d47a0258831109bf971d663ebc5b17d1b6640e5a5e93870d61c169d8dbce0bad02c08","public_key_hex":"c2f8243b0d573587f285c830a868acd19249d17d59ecbf9329e796dfed6fb630"}
{"seq":68,"ts":1779004800000,"agent_id":"rl-qlearn","symbol":"BTCUSDT","side":"sell","price":78038.782901244,"quantity":0.025628282831255154,"notional_usd":2000.0,"fee_usd":1.2,"balance_before_usd":9863.534863033901,"balance_after_usd":9861.734723003894,"decision":"ALLOW_CAPPED","cert_hash":"0df1be94cbf521678172a4d55188e0098212e2ae2135f2715888ab3f9c903610","prev_hash":"426809a0df706686b2a71716af2199d57896b1366d164368297a6fc8d226d09f","record_hash":"31ad1314573a490db81ec454cf595fdf39a91278cf52fca239c4929907ae0584","signature_hex":"9fe15533075215ddc5f7fc419b62f2b1fba04523037a4086e46f32fcc54cfcf609bdbb38e00adc555e32b2b20fbf74722272f18767665fa79f920eae720c610e","public_key_hex":"c2f8243b0d573587f285c830a868acd19249d17d59ecbf9329e796dfed6fb630"}
{"seq":69,"ts":1779084000000,"agent_id":"rl-qlearn","symbol":"BTCUSDT","side":"buy","price":76919.770547934,"quantity":0.026001117602836094,"notional_usd":2000.0,"fee_usd":1.2,"balance_before_usd":9861.89371094281,"balance_after_usd":9860.093850912815,"decision":"ALLOW_CAPPED","cert_hash":"05292128637352d43d7bf49a9360964862eaccaccdba851313e65c88ef5dda94","prev_hash":"31ad1314573a490db81ec454cf595fdf39a91278cf52fca239c4929907ae0584","record_hash":"cbdb6c36c20a9ef58c8489168a3eaeb3f6fd6853b1d823cf2d57e78827ef57f2","signature_hex":"18fd221e26afeb208e22727bcdddc9851c2ac34a7c521268ba598c276db74f3b601c9a54956d6599772b5336eeb594b37d139226a9b8046c96098f1d23f49e08","public_key_hex":"c2f8243b0d573587f285c830a868acd19249d17d59ecbf9329e796dfed6fb630"}
{"seq":70,"ts":1779087600000,"agent_id":"rl-qlearn","symbol":"BTCUSDT","side":"sell","price":77021.61569869517,"quantity":0.025873814159338142,"notional_usd":1992.84297084,"fee_usd":1.1957057825039998,"balance_before_usd":9863.922028057821,"balance_after_usd":9862.12904335336,"decision":"ALLOW","cert_hash":"bd422801063d61f6c2846c1f1897a00893f265f23b2354ad6b3175dfe46225a3","prev_hash":"cbdb6c36c20a9ef58c8489168a3eaeb3f6fd6853b1d823cf2d57e78827ef57f2","record_hash":"be87286302dfd0e5d2d1671d3e1556de11d074c06a6b130ff34634fc87c5f9e1","signature_hex":"dd480cfc795dd7e07f127c8e2aa6d0bd45a808258427ca4a09f63253f44a5815f3cc9a0c7a5a2ef4be44462ca08efca01259f98062b19cf39e3dfba7d20e1406","public_key_hex":"c2f8243b0d573587f285c830a868acd19249d17d59ecbf9329e796dfed6fb630"}
{"seq":71,"ts":1779091200000,"agent_id":"rl-qlearn","symbol":"BTCUSDT","side":"sell","price":76986.8985402,"quantity":0.025978446176210965,"notional_usd":2000.0,"fee_usd":1.2,"balance_before_usd":9862.129372061547,"balance_after_usd":9860.32923203154,"decision":"ALLOW_CAPPED","cert_hash":"05200c7fbdc0e22010d161ea9bae7031397a945671b95ca37f010e8ed6f169d2","prev_hash":"be87286302dfd0e5d2d1671d3e1556de11d074c06a6b130ff34634fc87c5f9e1","record_hash":"2b172b508d6ebb19490abb46bd44a234d76db9ce0542431794b064d3ab389a3b","signature_hex":"013b0f9ef2174ca34872d4af4a1843791372dd6a262eb78cf707777b766797261bf26cdeedc7eaed69c4ef4040ec8f90f0345357d5638b184ea24bbde1f00a07","public_key_hex":"c2f8243b0d573587f285c830a868acd19249d17d59ecbf9329e796dfed6fb630"}
{"seq":72,"ts":1779094800000,"agent_id":"rl-qlearn","symbol":"BTCUSDT","side":"buy","price":76933.46930826467,"quantity":0.02597840631054574,"notional_usd":1998.60892457,"fee_usd":1.1991653547419998,"balance_before_usd":9862.917457406618,"balance_after_usd":9861.118988188473,"decision":"ALLOW","cert_hash":"0ddd5c3a9b747d5658bdda03a4386ceb667ef554df9282d0f48f7db35f2501b0","prev_hash":"2b172b508d6ebb19490abb46bd44a234d76db9ce0542431794b064d3ab389a3b","record_hash":"0e40fafb60adc88ee69d53398f9869a990cf352250a6d738d0a2ed483775b866","signature_hex":"3110d9869c0bc7fa4b445c765013110ab0d6eefb449ebe15b2f16f114e8914f05e429ce74ed5a7d10ae813326534edd67617b7cc563ad668621ba0346bc90a0b","public_key_hex":"c2f8243b0d573587f285c830a868acd19249d17d59ecbf9329e796dfed6fb630"}
{"seq":73,"ts":1779130800000,"agent_id":"rl-qlearn","symbol":"BTCUSDT","side":"buy","price":76919.07033792,"quantity":0.026001354296322388,"notional_usd":2000.0,"fee_usd":1.2,"balance_before_usd":9861.119159923632,"balance_after_usd":9859.31929989364,"decision":"ALLOW_CAPPED","cert_hash":"625ccf29ca38ce66e8981e322ff1f18c3d46ec621551b03c5a5dbf3b2a800ba0","prev_hash":"0e40fafb60adc88ee69d53398f9869a990cf352250a6d738d0a2ed483775b866","record_hash":"991a7d5627b1356cf0a3ecb79499cd9bd84be000024a5e364b627c42abd315a5","signature_hex":"5eaaad9245c10e708be9737db8669a617aacd99154377ff8ed24604e6eea192492e184305254bdd6728b8f7d4311cd644272b181086bd02ac4a7ccafd9651e09","public_key_hex":"c2f8243b0d573587f285c830a868acd19249d17d59ecbf9329e796dfed6fb630"}
{"seq":74,"ts":1779134400000,"agent_id":"rl-qlearn","symbol":"BTCUSDT","side":"sell","price":76849.84658341692,"quantity":0.02600135961053672,"notional_usd":1998.20049703,"fee_usd":1.1989202982179998,"balance_before_usd":9858.71884861001,"balance_after_usd":9856.920508136962,"decision":"ALLOW","cert_hash":"1562255f2078ffa2bbdf716c7a64acf104e3cc1b32c87c50f426b0c68c301fec","prev_hash":"991a7d5627b1356cf0a3ecb79499cd9bd84be000024a5e364b627c42abd315a5","record_hash":"2d37af8eef283647d5e820646dcc7f6bc47aa3d3ffec8682ed6a7cba1176383a","signature_hex":"25d6efc318c4ca3feafb79111dc33ce33d5b013137cd969d69a1dc9feac371a9d7e376cf62e226e3ff23b83fd823a98d2cbdc17fdb8783b69b9d573ad5c4fb07","public_key_hex":"c2f8243b0d573587f285c830a868acd19249d17d59ecbf9329e796dfed6fb630"}
{"seq":75,"ts":1779145200000,"agent_id":"rl-qlearn","symbol":"BTCUSDT","side":"buy","price":76981.98920917799,"quantity":0.025980102885696216,"notional_usd":2000.0,"fee_usd":1.2,"balance_before_usd":9856.919837547779,"balance_after_usd":9855.119977517785,"decision":"ALLOW_CAPPED","cert_hash":"87e935ee9cea8d939c9ac59bb753f8aa55490161123b54f8cf5e97a2b1f07a07","prev_hash":"2d37af8eef283647d5e820646dcc7f6bc47aa3d3ffec8682ed6a7cba1176383a","record_hash":"b5289dfc2bd93cd5f21e0d8863558e6dfb541a91089b881efbb7ffc6d2f02af6","signature_hex":"47fc648485afaecb58ca20989c3484a9d5c30e6ce6358a7fea1f5718b2642ace110ad827bf452426f7326b3334f2ca0d5c387b1bcfed2bee35e12c788e6d6403","public_key_hex":"c2f8243b0d573587f285c830a868acd19249d17d59ecbf9329e796dfed6fb630"}
{"seq":76,"ts":1779148800000,"agent_id":"rl-qlearn","symbol":"BTCUSDT","side":"buy","price":77125.032112038,"quantity":0.025931917890090986,"notional_usd":2000.0,"fee_usd":1.2,"balance_before_usd":9858.75191410334,"balance_after_usd":9856.952054073348,"decision":"ALLOW_CAPPED","cert_hash":"be12aa664aece4b34c5768c460bf0227cba977724c7cd89035a3158f8b275200","prev_hash":"b5289dfc2bd93cd5f21e0d8863558e6dfb541a91089b881efbb7ffc6d2f02af6","record_hash":"38eb54cfca61c0a075531ce8dd80204d083a3e07ebdb76a9f9bf336d8f448ecf","signature_hex":"49b0576c20cf0189512a235dc0c40a5d158878132109a64c1975ae5196fe0ebd8560f3ee58bea812abb99ca6b1a13d9269cc02442d64719e3dd57b38175fef05","public_key_hex":"c2f8243b0d573587f285c830a868acd19249d17d59ecbf9329e796dfed6fb630"}
{"seq":77,"ts":1779152400000,"agent_id":"rl-qlearn","symbol":"BTCUSDT","side":"sell","price":76605.812892576,"quantity":0.02610767935854413,"notional_usd":2000.0,"fee_usd":1.2,"balance_before_usd":9832.396166064584,"balance_after_usd":9830.596026034578,"decision":"ALLOW_CAPPED","cert_hash":"b11cee96e2353be6964254c2ac8a82286be1e5685880ac6d5792cd38832601fc","prev_hash":"38eb54cfca61c0a075531ce8dd80204d083a3e07ebdb76a9f9bf336d8f448ecf","record_hash":"6fad3dbf2d900daa5a588d6adae2c641b0fa43be0dbaeaf0824bc3f18d42f194","signature_hex":"4c9d64578954ed165a35f3cba4031d9209d86845e32e7018b401ec6f1caec8cffc3ab3c5b90aa79317f28d6d71a9e39675c8940cbe25caea0dcded4ad875420a","public_key_hex":"c2f8243b0d573587f285c830a868acd19249d17d59ecbf9329e796dfed6fb630"}
{"seq":78,"ts":1779156000000,"agent_id":"rl-qlearn","symbol":"BTCUSDT","side":"sell","price":76557.1213352862,"quantity":0.025804253020541224,"notional_usd":1975.49932946,"fee_usd":1.185299597676,"balance_before_usd":9829.33715469379,"balance_after_usd":9827.56148824307,"decision":"ALLOW","cert_hash":"82509f6eff94e85938fd00fc79ae56aa51a16487c0c9e745f66b383388789c93","prev_hash":"6fad3dbf2d900daa5a588d6adae2c641b0fa43be0dbaeaf0824bc3f18d42f194","record_hash":"e185904f2f782ea1912556ad3bfa8d990961dccf9b333ec0e5341dd3b6aa88c4","signature_hex":"6e5fa3fca2795799b39bd904f88d8658a360d7a2a5d1a3d09872dafe4fc3b18dd1f234d876ca24d3d93e9bec371e530526de34bfc36abf2edc3412f9873e740c","public_key_hex":"c2f8243b0d573587f285c830a868acd19249d17d59ecbf9329e796dfed6fb630"}
{"seq":79,"ts":1779177600000,"agent_id":"rl-qlearn","symbol":"BTCUSDT","side":"buy","price":77032.40433018601,"quantity":0.025963099781065483,"notional_usd":2000.0,"fee_usd":1.2,"balance_before_usd":9827.558206013256,"balance_after_usd":9825.758345983262,"decision":"ALLOW_CAPPED","cert_hash":"ae8b25cf898b0913f4f01da3839215c501a20feca4356bf3b898628e0081b6a2","prev_hash":"e185904f2f782ea1912556ad3bfa8d990961dccf9b333ec0e5341dd3b6aa88c4","record_hash":"8859ab256d0baf408cb92022f10514256d0bb4466dfe7d5cc88098f8de1d02dd","signature_hex":"4960ac9510d004cfb80e0e29d9a36a4a5866791ad52e14934a7b60d7742ba721d8a25fbb3ed3f4f7e798a955338c0690bd14f6acb05c0f8d6e11fa4d657f100f","public_key_hex":"c2f8243b0d573587f285c830a868acd19249d17d59ecbf9329e796dfed6fb630"}
{"seq":80,"ts":1779181200000,"agent_id":"rl-qlearn","symbol":"BTCUSDT","side":"sell","price":76757.09492299911,"quantity":0.025963169789570424,"notional_usd":1992.85748804,"fee_usd":1.195714492824,"balance_before_usd":9819.809370451067,"balance_after_usd":9818.016371238045,"decision":"ALLOW","cert_hash":"6579db4550e6e50efc1d560ad69837e2730a1026b1523e114a2932a30699571c","prev_hash":"8859ab256d0baf408cb92022f10514256d0bb4466dfe7d5cc88098f8de1d02dd","record_hash":"d7f8c8df88f6888d7cbae1dfc6f133b2619fe7259fcb01975aa6bc7e4e58b711","signature_hex":"86fff53820609b6623b84be597ae6b330faae86578e3ef459aefcd8ba0f0a60f7362d9d185d9bb758b2451ca63e09b6136694d7a064931f0f429a8b97fd7c50c","public_key_hex":"c2f8243b0d573587f285c830a868acd19249d17d59ecbf9329e796dfed6fb630"}
{"seq":81,"ts":1779217200000,"agent_id":"rl-qlearn","symbol":"BTCUSDT","side":"sell","price":76765.06510576201,"quantity":0.026053517928298863,"notional_usd":2000.0,"fee_usd":1.2,"balance_before_usd":9818.016368803792,"balance_after_usd":9816.216228773785,"decision":"ALLOW_CAPPED","cert_hash":"4e20f81f5ed03748687c182e0bf43a340d3f58f58d9bc7884925fbed31c27ef7","prev_hash":"d7f8c8df88f6888d7cbae1dfc6f133b2619fe7259fcb01975aa6bc7e4e58b711","record_hash":"90cdbdb4eaf0e828a536b01933fdee23bef44cf87ce4b4e85ba05b6ecb0eea64","signature_hex":"1b7ad32be6e47b653b0a206d686b94d5a5a78a123045d276b1a2a5248031c29eaf803f0a40d1875efd693bb68fba75c01199221ac4a315793df7179fc1c8760d","public_key_hex":"c2f8243b0d573587f285c830a868acd19249d17d59ecbf9329e796dfed6fb630"}
{"seq":82,"ts":1779220800000,"agent_id":"rl-qlearn","symbol":"BTCUSDT","side":"buy","price":77007.49685968799,"quantity":0.025971497341929096,"notional_usd":2000.0,"fee_usd":1.2,"balance_before_usd":9811.100396155265,"balance_after_usd":9809.30053612527,"decision":"ALLOW_CAPPED","cert_hash":"c22cd64f94b508988d024f159b8ae165f9928e78717adf0630dcf877ffe6100d","prev_hash":"90cdbdb4eaf0e828a536b01933fdee23bef44cf87ce4b4e85ba05b6ecb0eea64","record_hash":"f650b82ed7f73d5c4e7faed7d5f598d78004e176970ef6a162923a8a6c12c9e0","signature_hex":"7e84890b613a1816f580f8977c06d44ab1b60792f74819ca56295c7281edecb419e271cff443e5adaa2fd7e264e375f087b4d9bf35246b097d1b9a15d015410d","public_key_hex":"c2f8243b0d573587f285c830a868acd19249d17d59ecbf9329e796dfed6fb630"}
{"seq":83,"ts":1779224400000,"agent_id":"rl-qlearn","symbol":"BTCUSDT","side":"buy","price":76968.68521891201,"quantity":0.02598459353062431,"notional_usd":2000.0,"fee_usd":1.2,"balance_before_usd":9809.304020355446,"balance_after_usd":9807.504160325454,"decision":"ALLOW_CAPPED","cert_hash":"70f7bf2cfb0e20a7e85bbb46dd6ec36746fd52e6c4d88375bbb1429db8c404a4","prev_hash":"f650b82ed7f73d5c4e7faed7d5f598d78004e176970ef6a162923a8a6c12c9e0","record_hash":"3eba7e6ed65ab2661e00f1dbd83cf158926f2b652ad9b08dab9301969aa30013","signature_hex":"5e6ae092fe1ca5ceaede2e553c7eee8ec500817a788a7d80ac7fce2e20de2abd6f5a333cfbe7c9cc9b8e43e9b6887b56b133ae227e1d77636694d2b510ca9f09","public_key_hex":"c2f8243b0d573587f285c830a868acd19249d17d59ecbf9329e796dfed6fb630"}
{"seq":84,"ts":1779228000000,"agent_id":"rl-qlearn","symbol":"BTCUSDT","side":"sell","price":76664.44973945385,"quantity":0.025902545646239013,"notional_usd":1985.80440882,"fee_usd":1.1914826452919998,"balance_before_usd":9800.818124570473,"balance_after_usd":9799.03217175379,"decision":"ALLOW","cert_hash":"6d604a2cb01bf887089aaa37146b0d8b43d768f5da7a614f33efaf52288de022","prev_hash":"3eba7e6ed65ab2661e00f1dbd83cf158926f2b652ad9b08dab9301969aa30013","record_hash":"b10afe8251e8f4d9bd5ba1b36caa9ca3cd55b68643b1ce0acc012a43b2222dc7","signature_hex":"d1f5f631e5b4bcc6d0528ba55e82a1bb727f4951c5b2df2d3cfd944d4a60de0575101c8ca43e5c09d0529e7d207e8720623d631df706d2b81c00cdf6583d5804","public_key_hex":"c2f8243b0d573587f285c830a868acd19249d17d59ecbf9329e796dfed6fb630"}
{"seq":85,"ts":1779267600000,"agent_id":"rl-qlearn","symbol":"BTCUSDT","side":"buy","price":77469.135318918,"quantity":0.025816733228873397,"notional_usd":2000.0,"fee_usd":1.2,"balance_before_usd":9799.026379738403,"balance_after_usd":9797.226519708409,"decision":"ALLOW_CAPPED","cert_hash":"62a94694c6012df6a7f3c4ea205ab483b567fd9b327bf71fdf8bc06f78dda530","prev_hash":"b10afe8251e8f4d9bd5ba1b36caa9ca3cd55b68643b1ce0acc012a43b2222dc7","record_hash":"aacccbc16dc99e34c75fe978650d7ca180e4fef9bbc463bd030a371b8809ade0","signature_hex":"49f5e474d469c04ef146307033271c59261de234083a5883621da4e2174f33a878a93e438117ac4f9ee51c42228132b97371778709f3e6e100fc64f57b260803","public_key_hex":"c2f8243b0d573587f285c830a868acd19249d17d59ecbf9329e796dfed6fb630"}
{"seq":86,"ts":1779271200000,"agent_id":"rl-qlearn","symbol":"BTCUSDT","side":"sell","price":77448.56206904004,"quantity":0.025816725181387,"notional_usd":1999.46824263,"fee_usd":1.199680945578,"balance_before_usd":9797.894972325801,"balance_after_usd":9796.095364102845,"decision":"ALLOW","cert_hash":"a8b6865b7a033e9f7f2478af6fab79e2e9c310e08f8931a0e3c7c7d962d3641d","prev_hash":"aacccbc16dc99e34c75fe978650d7ca180e4fef9bbc463bd030a371b8809ade0","record_hash":"dcbf0e944d8ed9d88c9ac37e1e316192a9b20733f86759a7147c3b58b89c5aa5","signature_hex":"3a9ea474b75206f5e0630434fc7f5e904a2089a6e48ce4e93b0d06696133721f1f62dfbc40bfd52402076866be2652ee2d5001fcc988e92b3d2679c939c50e02","public_key_hex":"c2f8243b0d573587f285c830a868acd19249d17d59ecbf9329e796dfed6fb630"}
{"seq":87,"ts":1779296400000,"agent_id":"rl-qlearn","symbol":"BTCUSDT","side":"sell","price":77519.23880085,"quantity":0.025800046942386513,"notional_usd":2000.0,"fee_usd":1.2,"balance_before_usd":9796.094866306063,"balance_after_usd":9794.294726276057,"decision":"ALLOW_CAPPED","cert_hash":"f3264321865bea57a1dac12288ef6327b4da8767428a5fc07259f2b01901fb2a","prev_hash":"dcbf0e944d8ed9d88c9ac37e1e316192a9b20733f86759a7147c3b58b89c5aa5","record_hash":"25a7c5bb7b8c589475caaeb8ca22b9d64a71375dcfd279b6a1fa09bea8c3ca3e","signature_hex":"0e1bf21e5edc61e26d9524b2f57edc7069305363b5fd991020be616abd137042fb225943056d66cde4988c19e3cb7d9271a0954aec3375a6cac6a923ab8f5400","public_key_hex":"c2f8243b0d573587f285c830a868acd19249d17d59ecbf9329e796dfed6fb630"}
{"seq":88,"ts":1779300000000,"agent_id":"rl-qlearn","symbol":"BTCUSDT","side":"buy","price":77406.70536501307,"quantity":0.025800053970165028,"notional_usd":1997.09717607,"fee_usd":1.198258305642,"balance_before_usd":9798.39816500647,"balance_after_usd":9796.601207031095,"decision":"ALLOW","cert_hash":"e8945aa7bc34bcad85252135cfba32bc5545ad5696427c5f92fcfee4baf91c3d","prev_hash":"25a7c5bb7b8c589475caaeb8ca22b9d64a71375dcfd279b6a1fa09bea8c3ca3e","record_hash":"1f8076e67f14409dc22ba236d9b66dd6bd5f71036896aaf0f3acff359f410983","signature_hex":"2942aa5947ad34b36e318f94bc29ce09e98b7205779464221906a760ed2294c9ce3a6f85616d4b8233278caccb90ff5703b7b6b5475ae57d77523f7c2b3fa509","public_key_hex":"c2f8243b0d573587f285c830a868acd19249d17d59ecbf9329e796dfed6fb630"}
{"seq":89,"ts":1779339600000,"agent_id":"rl-qlearn","symbol":"BTCUSDT","side":"buy","price":77809.137295716,"quantity":0.025703922052225547,"notional_usd":2000.0,"fee_usd":1.2,"balance_before_usd":9796.598154809684,"balance_after_usd":9794.79829477969,"decision":"ALLOW_CAPPED","cert_hash":"830a6e1e012d35aec979dc15bb77031847bf1138fa51af436143b2bbd9845483","prev_hash":"1f8076e67f14409dc22ba236d9b66dd6bd5f71036896aaf0f3acff359f410983","record_hash":"203b4c2196c11f759a3ede94aed7268ee747bd015861e69443d5198312da1f9f","signature_hex":"b84593c424d09425e5e32d91844e0b29657d6a7bb2f3fb8ea2ba7b14ec5db7bb3e32799674fbcf6847f9556da66bde37f4b9be50f4c85a8a1a0a2f02f103f703","public_key_hex":"c2f8243b0d573587f285c830a868acd19249d17d59ecbf9329e796dfed6fb630"}
{"seq":90,"ts":1779343200000,"agent_id":"rl-qlearn","symbol":"BTCUSDT","side":"sell","price":77564.64956887085,"quantity":0.02570388783823166,"notional_usd":1993.71305273,"fee_usd":1.1962278316380002,"balance_before_usd":9789.713019715733,"balance_after_usd":9787.919165410161,"decision":"ALLOW","cert_hash":"cea2e0dc0cf12623d2af1129faf421f6a634d3530913281e54783256a30989d1","prev_hash":"203b4c2196c11f759a3ede94aed7268ee747bd015861e69443d5198312da1f9f","record_hash":"66701783747b15a51e9bad9eb6f1a8f2560b6bfb601a60f39284797e612b0305","signature_hex":"367a9fa9abb7079929f61cbb8ee84c0f8f402a23dbca501077a0b0af2110710e2b0878cda2b97bbdc126353960860655276d779659eba04121fccaf974fc4702","public_key_hex":"c2f8243b0d573587f285c830a868acd19249d17d59ecbf9329e796dfed6fb630"}
{"seq":91,"ts":1779408000000,"agent_id":"rl-qlearn","symbol":"BTCUSDT","side":"sell","price":77319.898616862,"quantity":0.025866562628469845,"notional_usd":2000.0,"fee_usd":1.2,"balance_before_usd":9787.921144360069,"balance_after_usd":9786.121004330062,"decision":"ALLOW_CAPPED","cert_hash":"c3eb6914ce9abcc4aa5f9a3d570ae29c7874cab0974336040548d00c61a05178","prev_hash":"66701783747b15a51e9bad9eb6f1a8f2560b6bfb601a60f39284797e612b0305","record_hash":"71cfdd5af6206ac5a5b7083421898b6a3e43f3c404f6cbade270810daf26d5b1","signature_hex":"1e1e9d491f2c56bb7994d644d999d39396557e18144a745e55c5c4abeed7bafe02cc08c91cc74b055db0fa98adad1d69b63caa76cb20a51262eb36ff728a5f0e","public_key_hex":"c2f8243b0d573587f285c830a868acd19249d17d59ecbf9329e796dfed6fb630"}
{"seq":92,"ts":1779411600000,"agent_id":"rl-qlearn","symbol":"BTCUSDT","side":"buy","price":77600.27465154,"quantity":0.025773104656921588,"notional_usd":2000.0,"fee_usd":1.2,"balance_before_usd":9780.0690136994,"balance_after_usd":9778.269153669406,"decision":"ALLOW_CAPPED","cert_hash":"6a0607cf94b11f00425a9d220e6e39b17d84fa49bd90ed02d239a8b2aa179ac9","prev_hash":"71cfdd5af6206ac5a5b7083421898b6a3e43f3c404f6cbade270810daf26d5b1","record_hash":"7be3afdc0cd092c6c885f90165cfdc9d30e166f73d0c3cce116d9b9028a8c859","signature_hex":"b5cbb51a34953c51e9d0508fa66a9d97705f0dfbae682d2c1c33b371b94570098a64a3f23aa5feb0c7f3982cffdb7722d639245a5adcab04bf029aac0023360e","public_key_hex":"c2f8243b0d573587f285c830a868acd19249d17d59ecbf9329e796dfed6fb630"}
{"seq":93,"ts":1779415200000,"agent_id":"rl-qlearn","symbol":"BTCUSDT","side":"buy","price":77664.39388282201,"quantity":0.025751826545090242,"notional_usd":2000.0,"fee_usd":1.2,"balance_before_usd":9778.262669278489,"balance_after_usd":9776.462809248495,"decision":"ALLOW_CAPPED","cert_hash":"1d60ce98387fb46f1a7c03c610f9c3abf2da38d0c4411bdb264431ab60702b39","prev_hash":"7be3afdc0cd092c6c885f90165cfdc9d30e166f73d0c3cce116d9b9028a8c859","record_hash":"ee75770391362ca0a81b065235addacccd9e7ca81ebab8164e0a414505c0083c","signature_hex":"17e2f2cf6021ac1c0adc4d94e5c855e40df1bd28b66eb58576c6e9e2788c18f0e8ff57d45f33687e5a789cf3d40291e73827b47fefd2439a5f6764e76d7aaa03","public_key_hex":"c2f8243b0d573587f285c830a868acd19249d17d59ecbf9329e796dfed6fb630"}
{"seq":94,"ts":1779418800000,"agent_id":"rl-qlearn","symbol":"BTCUSDT","side":"sell","price":77714.3035112547,"quantity":0.025658355324270816,"notional_usd":1994.02121327,"fee_usd":1.196412727962,"balance_before_usd":9778.93809851753,"balance_after_usd":9777.143936203534,"decision":"ALLOW","cert_hash":"f001adb154fb013d1a4f64f3d10037e7425ad9bf8ea846b9a4c159215a21a857","prev_hash":"ee75770391362ca0a81b065235addacccd9e7ca81ebab8164e0a414505c0083c","record_hash":"4feb9e6f74fc850b182648fd6012cdf15e43fcfbd467dd9e7506fc5ca0d4f7d6","signature_hex":"c0082c1f3b7bc7aaffc53bc8f6ebfb27b4788817836e51d0862b4d740d601d8ed11bbdde73da7fe1665c9c60823b80eb6806dcaf33cd42e3f661765708bd5f03","public_key_hex":"c2f8243b0d573587f285c830a868acd19249d17d59ecbf9329e796dfed6fb630"}
{"seq":95,"ts":1779451200000,"agent_id":"rl-qlearn","symbol":"BTCUSDT","side":"buy","price":77521.95115997399,"quantity":0.025799144243322875,"notional_usd":2000.0,"fee_usd":1.2,"balance_before_usd":9777.145771995258,"balance_after_usd":9775.345911965265,"decision":"ALLOW_CAPPED","cert_hash":"012882e0f1900eaee2613849b6756f2600f4d3132c88d3e1903fb219d5b0962e","prev_hash":"4feb9e6f74fc850b182648fd6012cdf15e43fcfbd467dd9e7506fc5ca0d4f7d6","record_hash":"4cb80b38e90da2d361b202f7b64e5f29867e3682bb4630efd5cb6ebcdbe15c1d","signature_hex":"95cac1791e605ca7740af9161f380ebbf9602582acb383469f396ce2e18ffdb3e16c92753df708ef2301f81cc2451f29b39ccfc4d7075e3d3f601a7bef2ccd08","public_key_hex":"c2f8243b0d573587f285c830a868acd19249d17d59ecbf9329e796dfed6fb630"}
{"seq":96,"ts":1779454800000,"agent_id":"rl-qlearn","symbol":"BTCUSDT","side":"sell","price":77240.15062639203,"quantity":0.02579918478562763,"notional_usd":1992.73291888,"fee_usd":1.1956397513280002,"balance_before_usd":9769.274603477232,"balance_after_usd":9767.481728758521,"decision":"ALLOW","cert_hash":"1855e3aabfeea25c26c9576088ac4300f964fcb55248041adb5c2229880f8f97","prev_hash":"4cb80b38e90da2d361b202f7b64e5f29867e3682bb4630efd5cb6ebcdbe15c1d","record_hash":"d15add65dc00b1d924fdd6c78691dde58fabd447e4a017f901cd5c3cd9c1d3fe","signature_hex":"b59913468d6d33e55405536ef0dd970c0404a51985f33826f0d2bccc63b388b89e98647e0034ee3ba0154b9de78b2bb87fad8d25c8251a0cbd301873826aea0a","public_key_hex":"c2f8243b0d573587f285c830a868acd19249d17d59ecbf9329e796dfed6fb630"}
{"seq":97,"ts":1779559200000,"agent_id":"rl-qlearn","symbol":"BTCUSDT","side":"sell","price":75784.959206154,"quantity":0.02639046086387011,"notional_usd":2000.0,"fee_usd":1.2,"balance_before_usd":9767.49305169875,"balance_after_usd":9765.692911668742,"decision":"ALLOW_CAPPED","cert_hash":"5b37f84cd5065be15bb9863f0be8daca2cd6acef9db10631c31cd7a311cc831a","prev_hash":"d15add65dc00b1d924fdd6c78691dde58fabd447e4a017f901cd5c3cd9c1d3fe","record_hash":"a30e080aa53be07e62fbfeadbb84ac90f2a8ac4bdc0165a42ce89b7808c63a8a","signature_hex":"a7ed35bd3fdcd7b328ac67330f140e42be0782862fb8bc778eab4d4379424f0b40c9407f80ebeb5a01815fce433865fddb2470dfdff6a58c1d974e37f184cb09","public_key_hex":"c2f8243b0d573587f285c830a868acd19249d17d59ecbf9329e796dfed6fb630"}
{"seq":98,"ts":1779562800000,"agent_id":"rl-qlearn","symbol":"BTCUSDT","side":"buy","price":75965.68438885799,"quantity":0.026327676977966424,"notional_usd":2000.0,"fee_usd":1.2,"balance_before_usd":9762.123876282038,"balance_after_usd":9760.324016252041,"decision":"ALLOW_CAPPED","cert_hash":"4488287333840882bb0a28d634cd2bca66f8aadc50fe4665dc14388c58a27097","prev_hash":"a30e080aa53be07e62fbfeadbb84ac90f2a8ac4bdc0165a42ce89b7808c63a8a","record_hash":"10753228b5cb4784a5c34379e222ccc2c0f8a233969c0d402e7c26b0d534d213","signature_hex":"3550430e0026cd9c7b09a34f3651fa550d4d9e1706eecc6bc57a6f79712dc5b3af75bbada4651ae9cc2149e62db7d4848848a57045220481035103e52a77b806","public_key_hex":"c2f8243b0d573587f285c830a868acd19249d17d59ecbf9329e796dfed6fb630"}
{"seq":99,"ts":1779598800000,"agent_id":"rl-qlearn","symbol":"BTCUSDT","side":"sell","price":76745.371015368,"quantity":0.026060203677945693,"notional_usd":2000.0,"fee_usd":1.2,"balance_before_usd":9760.265254795448,"balance_after_usd":9758.465114765442,"decision":"ALLOW_CAPPED","cert_hash":"4ff879952129d118626920859c7db52254d3760d8d279e4d1bf05582773489f8","prev_hash":"10753228b5cb4784a5c34379e222ccc2c0f8a233969c0d402e7c26b0d534d213","record_hash":"7759d0386f214146fbb7fca0ba6fce10b9f5db1b1f8d9735476cb9d22fd448de","signature_hex":"8065f7ac8f19c280c2ead08a134f394a6f3e10ac38fd9f9d4b6e74b3035e744d64ebaf2d8a18749dbaab2c418f14eeadc3b5fdf9d65fe4f551f1638a4a9aa30c","public_key_hex":"c2f8243b0d573587f285c830a868acd19249d17d59ecbf9329e796dfed6fb630"}
{"seq":100,"ts":1779602400000,"agent_id":"rl-qlearn","symbol":"BTCUSDT","side":"buy","price":76964.58398883,"quantity":0.02598597817783649,"notional_usd":2000.0,"fee_usd":1.2,"balance_before_usd":9753.9418875783,"balance_after_usd":9752.142027548305,"decision":"ALLOW_CAPPED","cert_hash":"52a2660d47f6def56ea0465db33fd9bd3a58e205e5c3ba8c24afcbd8796fdba9","prev_hash":"7759d0386f214146fbb7fca0ba6fce10b9f5db1b1f8d9735476cb9d22fd448de","record_hash":"7222845a9b1648e5241d059b926b2f35a86642dc0b501084ec6a052cf757eb36","signature_hex":"f1c5add950e096dda9ee35bf7c3af0e43542eae718ed0d630c7609a846f8baebffff58782f5488b84f85d7aaf1b98586834f202e5ad43dc46debd0ef196f180e","public_key_hex":"c2f8243b0d573587f285c830a868acd19249d17d59ecbf9329e796dfed6fb630"}
{"seq":101,"ts":1779667200000,"agent_id":"rl-qlearn","symbol":"BTCUSDT","side":"buy","price":77138.836252314,"quantity":0.025927277324461897,"notional_usd":2000.0,"fee_usd":1.2,"balance_before_usd":9752.116158676588,"balance_after_usd":9750.316298646594,"decision":"ALLOW_CAPPED","cert_hash":"7e135a1bdf42a553bc90089223f1b05907eafc80014e35cade15a7f6f478516c","prev_hash":"7222845a9b1648e5241d059b926b2f35a86642dc0b501084ec6a052cf757eb36","record_hash":"5c6b6c4e4aae68ca65cffa4d3db356271c51f6c5fa3c25e5b870e129e1be630d","signature_hex":"66befa55772dcd9c51957b0e0cd7cb47ef06522096db9bd327ca9a22000ab8452c2536469727af8709ec6393d3c52323ba713412396b8c19530769224ca4530c","public_key_hex":"c2f8243b0d573587f285c830a868acd19249d17d59ecbf9329e796dfed6fb630"}
{"seq":102,"ts":1779670800000,"agent_id":"rl-qlearn","symbol":"BTCUSDT","side":"sell","price":76876.89817741468,"quantity":0.025790252293015656,"notional_usd":1982.6745995,"fee_usd":1.1896047597000001,"balance_before_usd":9744.752426930603,"balance_after_usd":9742.96959936323,"decision":"ALLOW","cert_hash":"a87ec2e6150759dbe7652fea831ff84f35dafb293ea10e3e7cf6b76ede35fd1d","prev_hash":"5c6b6c4e4aae68ca65cffa4d3db356271c51f6c5fa3c25e5b870e129e1be630d","record_hash":"9546c9de4ab4a17030242e497de01c31dbc401346b88ae39dabff5118ca7edce","signature_hex":"db59cf3c8f72c474d8b171aaafa40b1d4bde3e8abac7cf85e848fe86ed088ed5430cd11d1a1bca0df13d269326926aa3ca8f0aa332cced945a96ee7dc1a23a03","public_key_hex":"c2f8243b0d573587f285c830a868acd19249d17d59ecbf9329e796dfed6fb630"}
{"seq":103,"ts":1780041600000,"agent_id":"rl-qlearn","symbol":"BTCUSDT","side":"buy","price":73641.98744239799,"quantity":0.027158419666014302,"notional_usd":2000.0,"fee_usd":1.2,"balance_before_usd":9742.995116126576,"balance_after_usd":9741.195256096584,"decision":"ALLOW_CAPPED","cert_hash":"123a161e1e593c00467af2a64627dafd3c9bcc0e5d11e2f3aa79838eab86e35c","prev_hash":"9546c9de4ab4a17030242e497de01c31dbc401346b88ae39dabff5118ca7edce","record_hash":"206399569a636dd306ae1d7414fcd362e67e7b22241d9fd00508faffa5c535b9","signature_hex":"be3928f8af5dc4766a9522062d27c5bce789c37efe4ac2261727f00f7269d04b29c205e12e1f8cd4793873bf47587a455565d471ee46da613e6f555c0a7f350a","public_key_hex":"c2f8243b0d573587f285c830a868acd19249d17d59ecbf9329e796dfed6fb630"}
{"seq":104,"ts":1780045200000,"agent_id":"rl-qlearn","symbol":"BTCUSDT","side":"sell","price":73679.39102403,"quantity":0.0271446326062564,"notional_usd":2000.0,"fee_usd":1.2,"balance_before_usd":9743.410753660915,"balance_after_usd":9741.61061363091,"decision":"ALLOW_CAPPED","cert_hash":"f4f9539af9634329bbd5905ec79d24638a4cb458ac8fd0fb7e03542c6beb1731","prev_hash":"206399569a636dd306ae1d7414fcd362e67e7b22241d9fd00508faffa5c535b9","record_hash":"ea245b9539b31e8d3a519682bb9d4f79a30e272ee268833d76b9bbc2a30df125","signature_hex":"f5b3a7c7040c54def5214a82c100b8f0d3d44da1681f197780dbad5bed62ae96e81509e9227865d492ab2e12d465da7d4bd3ffd03ac654140e33cdf5e6757608","public_key_hex":"c2f8243b0d573587f285c830a868acd19249d17d59ecbf9329e796dfed6fb630"}
{"seq":105,"ts":1780048800000,"agent_id":"rl-qlearn","symbol":"BTCUSDT","side":"buy","price":73621.08117198,"quantity":0.027166131876384274,"notional_usd":2000.0,"fee_usd":1.2,"balance_before_usd":9741.609991164913,"balance_after_usd":9739.81013113492,"decision":"ALLOW_CAPPED","cert_hash":"538f2b57d80344326b5cc608473086b8d831b838a5ee10c5bb500c8b40c677d3","prev_hash":"ea245b9539b31e8d3a519682bb9d4f79a30e272ee268833d76b9bbc2a30df125","record_hash":"ae1b0fbc7c91bbde6cd0e06b1fe684e637170e58a158f86697611fc4d9ce9a48","signature_hex":"5c9d1b78ef7e6e3395438e5e0e684db9c63fbcffb5f46bf3acbea25eaa369557463589dde1870bfe86d57bce253659e4d34f02032a42de2b53ada4e59f7d6a0c","public_key_hex":"c2f8243b0d573587f285c830a868acd19249d17d59ecbf9329e796dfed6fb630"}
{"seq":106,"ts":1780052400000,"agent_id":"rl-qlearn","symbol":"BTCUSDT","side":"sell","price":73422.08425499653,"quantity":0.027180352350242527,"notional_usd":1995.63812034,"fee_usd":1.197382872204,"balance_before_usd":9735.601156624509,"balance_after_usd":9733.805378045858,"decision":"ALLOW","cert_hash":"8a5b31c938445f113b798d1d9e1fa7130bb4fc4e9f5e96bca56dc275d14b03c0","prev_hash":"ae1b0fbc7c91bbde6cd0e06b1fe684e637170e58a158f86697611fc4d9ce9a48","record_hash":"db0ed846f67583bf31039f38dd74776d0ad374b18b199ff6ccb2bbe7c67e3e38","signature_hex":"86b329241f6f4a42c69340e6c54f9f2c941dde185d87735f403922a9cf96788e62382416bf5025ecdae9bc739492b2fc246ef0db69c5e8878899f09f49983507","public_key_hex":"c2f8243b0d573587f285c830a868acd19249d17d59ecbf9329e796dfed6fb630"}
{"seq":107,"ts":1780153200000,"agent_id":"rl-qlearn","symbol":"BTCUSDT","side":"sell","price":73862.8359777,"quantity":0.027077216485484282,"notional_usd":2000.0,"fee_usd":1.2,"balance_before_usd":9733.801899137485,"balance_after_usd":9732.00175910748,"decision":"ALLOW_CAPPED","cert_hash":"e16c081f938535766b08059662a2adf2f03d15b5a84b59331b8f0d256309bcbc","prev_hash":"db0ed846f67583bf31039f38dd74776d0ad374b18b199ff6ccb2bbe7c67e3e38","record_hash":"b29d0eaafb46a06f6be2ceb42940200a41e4333818f2bf19b7a1e884d737581e","signature_hex":"aa23b6d2f230542a19232259ce2c8dee6db5048226c909addc39ad7f1a38ac7d62fb797f150a342c6489f38e6d390a43fafacca0b2614dafb52d2ae069c8c60a","public_key_hex":"c2f8243b0d573587f285c830a868acd19249d17d59ecbf9329e796dfed6fb630"}
{"seq":108,"ts":1780156800000,"agent_id":"rl-qlearn","symbol":"BTCUSDT","side":"buy","price":73918.770457932,"quantity":0.02705672710205891,"notional_usd":2000.0,"fee_usd":1.2,"balance_before_usd":9731.639532492045,"balance_after_usd":9729.83967246205,"decision":"ALLOW_CAPPED","cert_hash":"e6e9b977f2eb0a8f3da2305235a209e9c67e300a25b8e75a280999c7948f17ac","prev_hash":"b29d0eaafb46a06f6be2ceb42940200a41e4333818f2bf19b7a1e884d737581e","record_hash":"e9bbf5952b952402213f5abaa608360b0aa0e123427f801c6ff1d68c80963380","signature_hex":"6402c56b0de943294d01611065b703f0a436e73b79bb69a68ec6825f2245a93474f326faa84eec516f827f590e46472b6f0ca955549c2cf56bfd3e8c00fd7b0e","public_key_hex":"c2f8243b0d573587f285c830a868acd19249d17d59ecbf9329e796dfed6fb630"}
{"seq":109,"ts":1780221600000,"agent_id":"rl-qlearn","symbol":"BTCUSDT","side":"buy","price":73889.36163734399,"quantity":0.02706749599240267,"notional_usd":2000.0,"fee_usd":1.2,"balance_before_usd":9729.840357667015,"balance_after_usd":9728.040497637021,"decision":"ALLOW_CAPPED","cert_hash":"46537fee117fa0f8f7c2325f7da923fbdc770a0a5c423e68f1c1ff36d3e3dacf","prev_hash":"e9bbf5952b952402213f5abaa608360b0aa0e123427f801c6ff1d68c80963380","record_hash":"15017d86491d8bb665fffef23f317779562de75c5c7b9008235fe1f81b768967","signature_hex":"722eef918f39ce057671a100fb4b1bee58badf54ea2f453ceb8dab85c205dab2b79b69c5dc74acb716207ab0f20e8c0f16f969d2140087dffb93cd616b1b7d0b","public_key_hex":"c2f8243b0d573587f285c830a868acd19249d17d59ecbf9329e796dfed6fb630"}
{"seq":110,"ts":1780225200000,"agent_id":"rl-qlearn","symbol":"BTCUSDT","side":"sell","price":73891.93259570545,"quantity":0.027046970567611794,"notional_usd":1998.5529261,"fee_usd":1.1991317556599999,"balance_before_usd":9729.308620122907,"balance_after_usd":9727.509927235731,"decision":"ALLOW","cert_hash":"7285203efcc5097f5bc59749d7340291c348e5d9cb812d8c84d182005dab3ad5","prev_hash":"15017d86491d8bb665fffef23f317779562de75c5c7b9008235fe1f81b768967","record_hash":"27fc5980f1940e0cff02cbd6b3857df903dac09de42353c57568bae54926d83e","signature_hex":"c78009d313baba820098a79004edc84654bcedf9b8eb723d1ffed16959e5eb1b1d58544d124306a15a8b3d585300336c0cfafb30fd96d2968aef12b5fcaf8401","public_key_hex":"c2f8243b0d573587f285c830a868acd19249d17d59ecbf9329e796dfed6fb630"}
{"seq":111,"ts":1780369200000,"agent_id":"rl-qlearn","symbol":"BTCUSDT","side":"buy","price":70951.78056860999,"quantity":0.028188157985210967,"notional_usd":2000.0,"fee_usd":1.2,"balance_before_usd":9727.53440557133,"balance_after_usd":9725.734545541338,"decision":"ALLOW_CAPPED","cert_hash":"36e2e62f82b78b286976560eacdd90158d76dbeb9f80ba349ee2c52056b306b5","prev_hash":"27fc5980f1940e0cff02cbd6b3857df903dac09de42353c57568bae54926d83e","record_hash":"b91382f6f91c0395b51664fc9be6f260d9df32e4706e500226bebb05ce449a5c","signature_hex":"dea4381ec824de8c2ba790d3f30cc3ce3dd05d483549479f95943e5688bb069ac3b186a1e80b3afbb73c9cd248c14b039fce25737f73935bdae571817bf22e07","public_key_hex":"c2f8243b0d573587f285c830a868acd19249d17d59ecbf9329e796dfed6fb630"}
{"seq":112,"ts":1780372800000,"agent_id":"rl-qlearn","symbol":"BTCUSDT","side":"sell","price":70766.76501576,"quantity":0.028261854269509043,"notional_usd":2000.0,"fee_usd":1.2,"balance_before_usd":9721.718888930518,"balance_after_usd":9719.91874890051,"decision":"ALLOW_CAPPED","cert_hash":"ce86f4d9b631cf49adac3573071d69bbfa337c1f0f6e895c8b5d16decb4b8c9a","prev_hash":"b91382f6f91c0395b51664fc9be6f260d9df32e4706e500226bebb05ce449a5c","record_hash":"9129d0cb98f62f86da9dc312a6fbccb842178b86de4c679ac356abe3c980e800","signature_hex":"460bd449ba5a9dcdfc70b1f67756bb3fdd4b9fb54c01cd16d070707757071f71299aab9b585b47b69e31c47846b733ae973372442e79c104db60fef5524b0202","public_key_hex":"c2f8243b0d573587f285c830a868acd19249d17d59ecbf9329e796dfed6fb630"}
{"seq":113,"ts":1780383600000,"agent_id":"rl-qlearn","symbol":"BTCUSDT","side":"buy","price":70116.930171918,"quantity":0.028523781561689148,"notional_usd":2000.0,"fee_usd":1.2,"balance_before_usd":9719.975368132737,"balance_after_usd":9718.175508102742,"decision":"ALLOW_CAPPED","cert_hash":"7b46af1e5a1787faee284ea1d401bfa61d1914f872bf7ce6d8e7ed68d9f1104c","prev_hash":"9129d0cb98f62f86da9dc312a6fbccb842178b86de4c679ac356abe3c980e800","record_hash":"dffac4feafc818485325737cacac6881b0f7979e985cb3d901f70d1df001048f","signature_hex":"7192ea56d70cce846164a2ea6a31f4821987117e51ecefaef6a45b6113fcb7b2085864dbd486665900fb9636cce44dd4467d677882e0621397887b547bfed00d","public_key_hex":"c2f8243b0d573587f285c830a868acd19249d17d59ecbf9329e796dfed6fb630"}
{"seq":114,"ts":1780387200000,"agent_id":"rl-qlearn","symbol":"BTCUSDT","side":"sell","price":69784.41075711472,"quantity":0.02845048749512559,"notional_usd":1985.4005056,"fee_usd":1.1912403033599999,"balance_before_usd":9709.711730499645,"balance_after_usd":9707.926181052793,"decision":"ALLOW","cert_hash":"b16302d8ee7bea7651a5cb090b27d020b099d980a8f42cfe9d8462743c1224c5","prev_hash":"dffac4feafc818485325737cacac6881b0f7979e985cb3d901f70d1df001048f","record_hash":"d7f41b90ef6c44bf971f9bd54a41b8d2cc0eb91373b1d5b648f74923e6c1bc10","signature_hex":"ace7b93bc3f58f3ac4112d851ee90e0074f25165c40bec17ad3ec43a76c46951a9c8d9e5ea8f293d18811ed0a1a55c6be93e7d2e6fcc335911c6a0fcf3952b00","public_key_hex":"c2f8243b0d573587f285c830a868acd19249d17d59ecbf9329e796dfed6fb630"}
{"seq":115,"ts":1780426800000,"agent_id":"rl-qlearn","symbol":"BTCUSDT","side":"buy","price":67308.48783576599,"quantity":0.029713934517144977,"notional_usd":2000.0,"fee_usd":1.2,"balance_before_usd":9707.94766769153,"balance_after_usd":9706.147807661537,"decision":"ALLOW_CAPPED","cert_hash":"ac999a010322a3904fbdce523f445d8db249143a6c35f9ed5d7aea85ae1dde82","prev_hash":"d7f41b90ef6c44bf971f9bd54a41b8d2cc0eb91373b1d5b648f74923e6c1bc10","record_hash":"65b6b9d67fbff89eddc1b7fa882560b7e00b56fe549b6e8b49facaaf1f44fe79","signature_hex":"e8b8762b5831bb1a7b3815b009e604a216581142cc8f35a4223fe8619fd96e602c7ac755d5a464ad8b416dca56bee8bef83fa4146bd88aaa76c6ba5db2b61f00","public_key_hex":"c2f8243b0d573587f285c830a868acd19249d17d59ecbf9329e796dfed6fb630"}
{"seq":116,"ts":1780430400000,"agent_id":"rl-qlearn","symbol":"BTCUSDT","side":"sell","price":67534.53491109601,"quantity":0.029614478024211542,"notional_usd":2000.0,"fee_usd":1.2,"balance_before_usd":9714.064302279661,"balance_after_usd":9712.264162249652,"decision":"ALLOW_CAPPED","cert_hash":"f03f11038f7e3cbf268510c2822afde578905c1dc4b490c866e669ca38a1812a","prev_hash":"65b6b9d67fbff89eddc1b7fa882560b7e00b56fe549b6e8b49facaaf1f44fe79","record_hash":"b53ce453e38119623ad0670354405cc76807bb20780b5727e8b293c46612b5e8","signature_hex":"6da5d107175cb6bae3067e517360debc6f713390f53094b5455e604629ea9042faab678d3ab358d68610de9fec58ccae625084936eb7c0d72385fa6f48484d08","public_key_hex":"c2f8243b0d573587f285c830a868acd19249d17d59ecbf9329e796dfed6fb630"}
{"seq":117,"ts":1780434000000,"agent_id":"rl-qlearn","symbol":"BTCUSDT","side":"sell","price":67514.84082070201,"quantity":0.029623116572419467,"notional_usd":2000.0,"fee_usd":1.2,"balance_before_usd":9712.262370678824,"balance_after_usd":9710.462230648816,"decision":"ALLOW_CAPPED","cert_hash":"fc43f4b7a53d72744e0514890a26966b8a88effc48d3b8d5041227bfa46af9e5","prev_hash":"b53ce453e38119623ad0670354405cc76807bb20780b5727e8b293c46612b5e8","record_hash":"dac94b7a910bdde10a02223758d7f3e35028a70342ccd17708bd7c0a6590b0e5","signature_hex":"bc197cbb08d561fa2195d3c73299392e26a9cb1186ef6c5de6696cd50534cb3b4d14f5a16adf5154fd44434502a3c8dd451165e4334a8c81278a116333df2d0b","public_key_hex":"c2f8243b0d573587f285c830a868acd19249d17d59ecbf9329e796dfed6fb630"}
{"seq":118,"ts":1780437600000,"agent_id":"rl-qlearn","symbol":"BTCUSDT","side":"buy","price":66379.67574153327,"quantity":0.029523375706154553,"notional_usd":1959.75210617,"fee_usd":1.175851263702,"balance_before_usd":9745.168441405194,"balance_after_usd":9743.40874349434,"decision":"ALLOW","cert_hash":"add438a1f60be232d1252c36b81ed1f2287a2883b35cde38dc2b0e7669389b54","prev_hash":"dac94b7a910bdde10a02223758d7f3e35028a70342ccd17708bd7c0a6590b0e5","record_hash":"eaa2a18c2be836cab81c34ad4adacd63f56968d3f6b2dd3ffe73673214ca1de6","signature_hex":"9aa15eb7d0d021eb5b95060e2bc3da3068ac34e73296b04874f293a10c2f4e57464c7892711de35f7f9ee80f8ec189884b933f81b429b694ea06f1cd49df7f05","public_key_hex":"c2f8243b0d573587f285c830a868acd19249d17d59ecbf9329e796dfed6fb630"}
{"seq":119,"ts":1780448400000,"agent_id":"rl-qlearn","symbol":"BTCUSDT","side":"sell","price":66859.9373376,"quantity":0.029913279605711815,"notional_usd":2000.0,"fee_usd":1.2,"balance_before_usd":9743.404211114968,"balance_after_usd":9741.604071084961,"decision":"ALLOW_CAPPED","cert_hash":"dee6dedc1fe539647285312f77e7b2555ebc23958eb31bd137c206897ad4d5c3","prev_hash":"eaa2a18c2be836cab81c34ad4adacd63f56968d3f6b2dd3ffe73673214ca1de6","record_hash":"f019a8a86b22c9cb6acfc47538da1dd17336c3fa56d1b70b0b05ce7b12911fd1","signature_hex":"d32f3529572af5431fc56b730ba1dd4f0dad19ad1f77b1f4b62020108be461e886bcd384765fa091f55098ca9a2e95721d1680d34d9bef6d9d1af9f4bd0dda03","public_key_hex":"c2f8243b0d573587f285c830a868acd19249d17d59ecbf9329e796dfed6fb630"}
{"seq":120,"ts":1780452000000,"agent_id":"rl-qlearn","symbol":"BTCUSDT","side":"buy","price":66603.75091972903,"quantity":0.02991311473690355,"notional_usd":1992.32564317,"fee_usd":1.195395385902,"balance_before_usd":9750.466990526442,"balance_after_usd":9748.674800989578,"decision":"ALLOW","cert_hash":"1f8d876ca0eaf7116da8d714ea6df36c9c60c068bd7e48c8013cfe525d75b894","prev_hash":"f019a8a86b22c9cb6acfc47538da1dd17336c3fa56d1b70b0b05ce7b12911fd1","record_hash":"ce0aa973a2d1a43e11991ae0521f6ff3fdbb62e6b3ebd1210048352b51e2e2ea","signature_hex":"eb2b3daee69aec054705d76d552aee476942828f3aa4294870eb92e755ad35d2cbc412e7e305edb8207bc3c2d9920dfd5d0b58c7b36efebaf2a6dfe89b44550b","public_key_hex":"c2f8243b0d573587f285c830a868acd19249d17d59ecbf9329e796dfed6fb630"}
{"seq":121,"ts":1780516800000,"agent_id":"rl-qlearn","symbol":"BTCUSDT","side":"buy","price":64992.493199460005,"quantity":0.03077278469471944,"notional_usd":2000.0,"fee_usd":1.2,"balance_before_usd":9748.689305082804,"balance_after_usd":9746.889445052811,"decision":"ALLOW_CAPPED","cert_hash":"cd09012a89c70312459f9a73d546632adeebd4f53670ae444ea1b0ddfbe3ee4e","prev_hash":"ce0aa973a2d1a43e11991ae0521f6ff3fdbb62e6b3ebd1210048352b51e2e2ea","record_hash":"a56cd3c738fdf00b5091eca9247b51083d3be8118ec5834ba03bdff83bdb01fd","signature_hex":"cbf476da31f35b490bc2c88f6d6c65b855022925c69807824c384546421c9d8a7032966de842906608cbe83b63b09d24d019065ff0984a8d3cc4e7555c1a6800","public_key_hex":"c2f8243b0d573587f285c830a868acd19249d17d59ecbf9329e796dfed6fb630"}
{"seq":122,"ts":1780520400000,"agent_id":"rl-qlearn","symbol":"BTCUSDT","side":"sell","price":65723.478354864,"quantity":0.03043052574304272,"notional_usd":2000.0,"fee_usd":1.2,"balance_before_usd":9770.583740480972,"balance_after_usd":9768.783600450965,"decision":"ALLOW_CAPPED","cert_hash":"7c3c827c7e87d3c87a1b9755a93096d6ebc8d05753d3e7391ae28d31f6bfb0c0","prev_hash":"a56cd3c738fdf00b5091eca9247b51083d3be8118ec5834ba03bdff83bdb01fd","record_hash":"ae27a9c59a29e46573f53146ddbaed65358e13ac504b35208228b0e997a52765","signature_hex":"1db8fe64e5fb189dbc6318683e6f4afc0a2438d551741968b86995f8014a4b41f211c9b77f96d6d6df4c8bb234a06a93b897e00b1e7f2ce6bcb2ddd39a58040e","public_key_hex":"c2f8243b0d573587f285c830a868acd19249d17d59ecbf9329e796dfed6fb630"}
{"seq":123,"ts":1780524000000,"agent_id":"rl-qlearn","symbol":"BTCUSDT","side":"sell","price":64868.734837764,"quantity":0.03083149386221233,"notional_usd":2000.0,"fee_usd":1.2,"balance_before_usd":9768.498632457919,"balance_after_usd":9766.698492427911,"decision":"ALLOW_CAPPED","cert_hash":"a20d5c22e189fca24598f035cb4a306c96294927e68fa1ab408d0ecc59f2d78e","prev_hash":"ae27a9c59a29e46573f53146ddbaed65358e13ac504b35208228b0e997a52765","record_hash":"f3a71b6ce29d96da66a8608bd83b160c3407b337f1626f88f0abb88c745f8f8d","signature_hex":"70040c2e56aaa9a7e08c0d9ac4514da2ebe8eb3a1e2f256f52c15794a7cb8d32e929134767b09810c39216bfccc888c08b856bc71e604c4439c99baa61e7700b","public_key_hex":"c2f8243b0d573587f285c830a868acd19249d17d59ecbf9329e796dfed6fb630"}
{"seq":124,"ts":1780527600000,"agent_id":"rl-qlearn","symbol":"BTCUSDT","side":"buy","price":64137.694189850685,"quantity":0.030489118461003915,"notional_usd":1955.50175597,"fee_usd":1.1733010535819999,"balance_before_usd":9790.169905580939,"balance_after_usd":9788.414439511083,"decision":"ALLOW","cert_hash":"e45b22fefdecb760e2509a2734a2918616c8f79706543864644c0d012597e6ec","prev_hash":"f3a71b6ce29d96da66a8608bd83b160c3407b337f1626f88f0abb88c745f8f8d","record_hash":"a86f3b9b5b6eaf8406ffe1952a207eef1e858d259c25c503bb2a80697b1bd8a0","signature_hex":"702eb7e7c15c73fb99d3c2769620b9f03fdacbd492aea23ff302abe1366878219a0c27eae418dd507e80fcb2a0130603e803122032c7fa261fc62d18a482020f","public_key_hex":"c2f8243b0d573587f285c830a868acd19249d17d59ecbf9329e796dfed6fb630"}
{"seq":125,"ts":1780531200000,"agent_id":"rl-qlearn","symbol":"BTCUSDT","side":"buy","price":63334.796006316,"quantity":0.0315782180746355,"notional_usd":2000.0,"fee_usd":1.2,"balance_before_usd":9788.421775100973,"balance_after_usd":9786.62191507098,"decision":"ALLOW_CAPPED","cert_hash":"81d892feb6bd566847633dcf4ada4e59f834ab3f5a22267ead44a627ed984156","prev_hash":"a86f3b9b5b6eaf8406ffe1952a207eef1e858d259c25c503bb2a80697b1bd8a0","record_hash":"0ac50761bfb3ce5e82c2be4b392eea0939176bfe03fedfb213ea4da7ca02db4b","signature_hex":"dfebe233eacc93f9eeb5ab9c49daf01052119a87a41d00337f1ad30bc5688e5a038f3d1bef359928a56f95d0ac3cc3074476d9f23a586be5f0462438fa0cc207","public_key_hex":"c2f8243b0d573587f285c830a868acd19249d17d59ecbf9329e796dfed6fb630"}
{"seq":126,"ts":1780534800000,"agent_id":"rl-qlearn","symbol":"BTCUSDT","side":"sell","price":62124.45831286201,"quantity":0.03219343965830488,"notional_usd":2000.0,"fee_usd":1.2,"balance_before_usd":9749.600786267914,"balance_after_usd":9747.800646237909,"decision":"ALLOW_CAPPED","cert_hash":"d9177b81727f2ff583218d11cbad066fc0580d50e9a4feadb8dd89a4fb2da876","prev_hash":"0ac50761bfb3ce5e82c2be4b392eea0939176bfe03fedfb213ea4da7ca02db4b","record_hash":"d9e872f17e6e4894a431eaae6999f38b429f83ff1e9a64745adb5ffda034211d","signature_hex":"845e1de2aa11f6fdc3b67e3fd55db2b8c9ebfdf4dc9184b61625c1658103ac4dc8cf717c980fa13bee0fad57180948ab54feb0e4a39e1709841fe876e9c0710c","public_key_hex":"c2f8243b0d573587f285c830a868acd19249d17d59ecbf9329e796dfed6fb630"}
{"seq":127,"ts":1780686000000,"agent_id":"rl-qlearn","symbol":"BTCUSDT","side":"buy","price":60283.18073530199,"quantity":0.03317674972695651,"notional_usd":2000.0,"fee_usd":1.2,"balance_before_usd":9748.975709391794,"balance_after_usd":9747.175849361802,"decision":"ALLOW_CAPPED","cert_hash":"44c879a0666301681126ef85c56f827293afd296483339cd24808a94c0939b2f","prev_hash":"d9e872f17e6e4894a431eaae6999f38b429f83ff1e9a64745adb5ffda034211d","record_hash":"3e1a2c5d2ce1dc3f892a8279078e186f966137184db11bf5de5ca116157d0b1e","signature_hex":"5ab8d2381964d8dc0985d3bbc800380694381a9a271a0c0a0b2108a048b2608692bde060a5c4bcb50e5f25a74a9d4d8d7c790145b73f93d484b7cbb94c53430a","public_key_hex":"c2f8243b0d573587f285c830a868acd19249d17d59ecbf9329e796dfed6fb630"}
{"seq":128,"ts":1780689600000,"agent_id":"rl-qlearn","symbol":"BTCUSDT","side":"sell","price":61562.626901622,"quantity":0.03248724267721762,"notional_usd":2000.0,"fee_usd":1.2,"balance_before_usd":9790.01487177254,"balance_after_usd":9788.214731742532,"decision":"ALLOW_CAPPED","cert_hash":"d2266ca8fccb74cee4f00d330ad3995b6215946e88b65c4000bd6834cc2063e6","prev_hash":"3e1a2c5d2ce1dc3f892a8279078e186f966137184db11bf5de5ca116157d0b1e","record_hash":"64fc1d7aab7eece1105b82e3f6f49cb0faa1486723cc1f961a88e4decb656bf7","signature_hex":"2b403736df98c669dbdbaad1f6241e7106a4a83b5c5997e4a4b7a66f90bd13aa9226ee960383e5e900d983fb0d5f124dd2c631f1b11f58d06dbe7c00f4f8bb07","public_key_hex":"c2f8243b0d573587f285c830a868acd19249d17d59ecbf9329e796dfed6fb630"}
{"seq":129,"ts":1780693200000,"agent_id":"rl-qlearn","symbol":"BTCUSDT","side":"sell","price":61617.51043272,"quantity":0.032458305860698394,"notional_usd":2000.0,"fee_usd":1.2,"balance_before_usd":9788.21831154991,"balance_after_usd":9786.418171519903,"decision":"ALLOW_CAPPED","cert_hash":"fb4c54e7bdf0eb8f889e23a265635a026a1191426523c029b8b8b21364df9398","prev_hash":"64fc1d7aab7eece1105b82e3f6f49cb0faa1486723cc1f961a88e4decb656bf7","record_hash":"ab1164a052c24b9d92731f0bb90cbe6ddcb54b11293854ab8734ca483e6a205d","signature_hex":"2caece635ac0a29ecf79db75abc0ec8a95998b438a43a695b6dcd0e292aa8d21524a23f1167fbbc0fd022d3d29d46a83c001d2f6bedcbd758e91fce38df57002","public_key_hex":"c2f8243b0d573587f285c830a868acd19249d17d59ecbf9329e796dfed6fb630"}
{"seq":130,"ts":1780696800000,"agent_id":"rl-qlearn","symbol":"BTCUSDT","side":"buy","price":61577.068811171994,"quantity":0.03247962331778186,"notional_usd":2000.0,"fee_usd":1.2,"balance_before_usd":9788.925397451972,"balance_after_usd":9787.125537421978,"decision":"ALLOW_CAPPED","cert_hash":"d4bb1dd02b23cb8323928a5a4697db3b3bb2faa8a2c54ba5cc52586812d3a950","prev_hash":"ab1164a052c24b9d92731f0bb90cbe6ddcb54b11293854ab8734ca483e6a205d","record_hash":"de4844c79b54033f9dd239f5214694bf8ebb5a0f9ef0a8b172e292d2b9ccc51e","signature_hex":"c7f77470fdd37db376c58d5c6726a1f3b76f237b5e5ae43792c2a4faa2e377d0109fefb50999220150d39dd2981f10d69c9cc2be0ddf07f93207f6beb632bc0a","public_key_hex":"c2f8243b0d573587f285c830a868acd19249d17d59ecbf9329e796dfed6fb630"}
{"seq":131,"ts":1780704000000,"agent_id":"rl-qlearn","symbol":"BTCUSDT","side":"sell","price":61222.428984816004,"quantity":0.03266776626089153,"notional_usd":2000.0,"fee_usd":1.2,"balance_before_usd":9787.098024382734,"balance_after_usd":9785.297884352727,"decision":"ALLOW_CAPPED","cert_hash":"656693f7ef6f9a7064f15fc4390addd61c2a8577eddb939cca3c2f6653a842cb","prev_hash":"de4844c79b54033f9dd239f5214694bf8ebb5a0f9ef0a8b172e292d2b9ccc51e","record_hash":"18ddd23188db7479f605820567cf5b4681d2c1e4f5a1ab8c107f6083707b8638","signature_hex":"ebd9da2e1a03ae4c2604f20e947f265352ad03a942c2922c3f929c429b7fe603033a4492c4af6a249a2022dc5b95243c034723db2952c4d9f4c0e55bbfb6e008","public_key_hex":"c2f8243b0d573587f285c830a868acd19249d17d59ecbf9329e796dfed6fb630"}
