{"seq":0,"ts":1778432400000,"agent_id":"rl-qlearn","symbol":"BTCUSDT","side":"sell","price":81405.47265859801,"quantity":0.024568372797093032,"notional_usd":2000.0,"fee_usd":1.2,"balance_before_usd":10000.0,"balance_after_usd":9998.199859969993,"decision":"ALLOW_CAPPED","cert_hash":"45122e71676b1ebd966346b826cd97ce03f85104a2196825c4a3aeb362b538c4","prev_hash":"0000000000000000000000000000000000000000000000000000000000000000","record_hash":"bfe609ab090b43b5e54a999588839227acf2e6d891340e1d9d673d419fa7431f","signature_hex":"6005e5e516d3395546007e23924e6ab4db0751885c49ef7a7faec50f65e4575c5ca208068906f9c186f9eb0401d8ff1287573cc90ffedd965f5f8ca8762dad01","public_key_hex":"c2f8243b0d573587f285c830a868acd19249d17d59ecbf9329e796dfed6fb630"}
{"seq":1,"ts":1778436000000,"agent_id":"rl-qlearn","symbol":"BTCUSDT","side":"buy","price":81251.65203449907,"quantity":0.02456100937926367,"notional_usd":1995.6225877,"fee_usd":1.19737355262,"balance_before_usd":10003.177412298684,"balance_after_usd":10001.381928198329,"decision":"ALLOW","cert_hash":"8a80d61837de328d10e53e3c2068764c8edc53adb55ce8f64768143972aae3b3","prev_hash":"bfe609ab090b43b5e54a999588839227acf2e6d891340e1d9d673d419fa7431f","record_hash":"68e59062c02708a695d81c66b07e5e84a82c92c610efd335fb0dcad80c635b55","signature_hex":"4710586b6a68a6e5d55413fde20a8031a07154c29bf9d93267be4d655d2e41a9598e86feb14dc3d66b88221fd27e29a3549db63abc6aebef41ebae2da6421102","public_key_hex":"c2f8243b0d573587f285c830a868acd19249d17d59ecbf9329e796dfed6fb630"}
{"seq":2,"ts":1778439600000,"agent_id":"rl-qlearn","symbol":"BTCUSDT","side":"sell","price":81365.18474779201,"quantity":0.024580537808639016,"notional_usd":2000.0,"fee_usd":1.2,"balance_before_usd":10001.380733115615,"balance_after_usd":9999.580593085608,"decision":"ALLOW_CAPPED","cert_hash":"39c3384f975e59a2f531f82a6748a1e75db3fe9364242fc2ac8ed2842d4bc6c3","prev_hash":"68e59062c02708a695d81c66b07e5e84a82c92c610efd335fb0dcad80c635b55","record_hash":"bab315b078e687af9cdc0c9f8eb407d9b9229e775f8abf979dd88b361addfd09","signature_hex":"ad15c75fe47939dd1accfb128d5a674ed269e3536782b3c8569cedb3ae0d0b8ded6b0e6c8544a67e83e7f91fe1d606921a957e8551e2029f0a645bfcd0c2b906","public_key_hex":"c2f8243b0d573587f285c830a868acd19249d17d59ecbf9329e796dfed6fb630"}
{"seq":3,"ts":1778443200000,"agent_id":"rl-qlearn","symbol":"BTCUSDT","side":"buy","price":80718.309843882,"quantity":0.024777525741906857,"notional_usd":2000.0,"fee_usd":1.2,"balance_before_usd":10016.681478388617,"balance_after_usd":10014.881618358622,"decision":"ALLOW_CAPPED","cert_hash":"431f88bd6b852d9901965f660412cb1746eac3ac39e1edc55c7dd6700414475a","prev_hash":"bab315b078e687af9cdc0c9f8eb407d9b9229e775f8abf979dd88b361addfd09","record_hash":"df86e2a35120317dcbb0ce6ea75ee10cf8d895884afa743d39292e86f6479e3d","signature_hex":"29419c1da3a6285784bb48fd70694fd2bb7079a06ea66046d6ba8876058ed470b5a9f7ccfcf2d0e39a190157566ab88b0a5fbf39bf4a9b95718b89e48a155c0e","public_key_hex":"c2f8243b0d573587f285c830a868acd19249d17d59ecbf9329e796dfed6fb630"}
{"seq":4,"ts":1778454000000,"agent_id":"rl-qlearn","symbol":"BTCUSDT","side":"sell","price":82138.452713262,"quantity":0.024349131666526778,"notional_usd":2000.0,"fee_usd":1.2,"balance_before_usd":10015.1601767718,"balance_after_usd":10013.360036741793,"decision":"ALLOW_CAPPED","cert_hash":"eab4aeed3df382922610f14709cd30caab51f044e5e858c2827dc5bf290a2754","prev_hash":"df86e2a35120317dcbb0ce6ea75ee10cf8d895884afa743d39292e86f6479e3d","record_hash":"6ed579bde176308eb5a070affaecad68375b4aa5ab63811e1f6bb841bc0ed545","signature_hex":"5e6adb231f1ccd6d76e2377bfe61e57d2491821273b9dcd10af0851bd96aff47f76494b21eb13dbf9414fa2d151020d8a3c8b473b4030d7880f60b3db9a1ef06","public_key_hex":"c2f8243b0d573587f285c830a868acd19249d17d59ecbf9329e796dfed6fb630"}
{"seq":5,"ts":1778457600000,"agent_id":"rl-qlearn","symbol":"BTCUSDT","side":"sell","price":81405.372688596,"quantity":0.02456840296832371,"notional_usd":2000.0,"fee_usd":1.2,"balance_before_usd":10030.981772751586,"balance_after_usd":10029.18163272158,"decision":"ALLOW_CAPPED","cert_hash":"abc03223c5c167037d7d0a63389534fc7900ddc2d4521d6163ba06b3e248e4db","prev_hash":"6ed579bde176308eb5a070affaecad68375b4aa5ab63811e1f6bb841bc0ed545","record_hash":"f7bf9fb885799a4c6e8b96ba37da24f89196d9d72feffd1316d99ec729e87c05","signature_hex":"4b3ddfc8c986cd9be840aa5a04fb74928827dd9d0c3cdef9a2ff7c0fa226861a6d8141474d2bca6fe02c8c82abea67de0350c08334478ca4fb815a1074413309","public_key_hex":"c2f8243b0d573587f285c830a868acd19249d17d59ecbf9329e796dfed6fb630"}
{"seq":6,"ts":1778461200000,"agent_id":"rl-qlearn","symbol":"BTCUSDT","side":"buy","price":81494.24256939601,"quantity":0.024541611001500017,"notional_usd":2000.0,"fee_usd":1.2,"balance_before_usd":10027.232516316803,"balance_after_usd":10025.432656286808,"decision":"ALLOW_CAPPED","cert_hash":"be0e96ac93758131b144ce8f77351e6be69d8e54ac462126c4a35f58bbe6808c","prev_hash":"f7bf9fb885799a4c6e8b96ba37da24f89196d9d72feffd1316d99ec729e87c05","record_hash":"bd4ad2bc4f8c2897ced0596f94ad8cf6ed4575f57cd06426bd8c40649386dcf2","signature_hex":"904a6e79055de956780a5da52e016dc22e838f401eb13f501f49a76b86b93aac38379da34b82ee394e7168838005fdd4c8a4fde3e58608487944ec276977860a","public_key_hex":"c2f8243b0d573587f285c830a868acd19249d17d59ecbf9329e796dfed6fb630"}
{"seq":7,"ts":1778464800000,"agent_id":"rl-qlearn","symbol":"BTCUSDT","side":"buy","price":81170.593910192,"quantity":0.0241790900890965,"notional_usd":1962.63110274,"fee_usd":1.177578661644,"balance_before_usd":10033.25450542154,"balance_after_usd":10031.491940025757,"decision":"ALLOW","cert_hash":"750914171aad05e24ceb3bb495bdcfcd5cb1de3eb4881be2821ade0eca968f0f","prev_hash":"bd4ad2bc4f8c2897ced0596f94ad8cf6ed4575f57cd06426bd8c40649386dcf2","record_hash":"7b9d200a35d003f02eedbc0509ad359a4c8b8ddfa6f3e7739f7a30b666958370","signature_hex":"919b3072bd81251497da412535c199bdb5af32e36f147ceb5742182fe1beb0497216dc6766e6692fd537ec105e0d990ed215bf7d126fb8fe48c67de73c7c490f","public_key_hex":"c2f8243b0d573587f285c830a868acd19249d17d59ecbf9329e796dfed6fb630"}
{"seq":8,"ts":1778468400000,"agent_id":"rl-qlearn","symbol":"BTCUSDT","side":"sell","price":80691.886784322,"quantity":0.024785639296621195,"notional_usd":2000.0,"fee_usd":1.2,"balance_before_usd":10031.495042070857,"balance_after_usd":10029.69490204085,"decision":"ALLOW_CAPPED","cert_hash":"8a237ac64430cb6b07c81a3ebdac2429fc1ad6882ab61c3c12364eb65301762d","prev_hash":"7b9d200a35d003f02eedbc0509ad359a4c8b8ddfa6f3e7739f7a30b666958370","record_hash":"1f60dbd6349b2a78bf7795eeefec769bd060590a3ac5f2981afdc1f7988a36f5","signature_hex":"28328077ec408c9c732d2b7198e4537acc46c2b6308f914e04bcf7c184a0723f39fc47d5a5033e4c5b9d1c106b74c2cbd29cdb984295d72ca1ad27c3e15fea0d","public_key_hex":"c2f8243b0d573587f285c830a868acd19249d17d59ecbf9329e796dfed6fb630"}
{"seq":9,"ts":1778472000000,"agent_id":"rl-qlearn","symbol":"BTCUSDT","side":"buy","price":80824.34164600201,"quantity":0.02474502061222704,"notional_usd":2000.0,"fee_usd":1.2,"balance_before_usd":10027.612302781514,"balance_after_usd":10025.812442751518,"decision":"ALLOW_CAPPED","cert_hash":"553b19b0cfe017ddb91946c931e2f1f5878f85a0c5815419edbe234a7b34233a","prev_hash":"1f60dbd6349b2a78bf7795eeefec769bd060590a3ac5f2981afdc1f7988a36f5","record_hash":"f7cdd118a0c7cc0f53bf31eb317e22cc7f494e0066c7a72035db3eda9613c8fb","signature_hex":"c73589fced68ecfc69ee8660f0f4f3e001391ba9a9d1e252bb187b6b74111cfd1b0fc0274d00c6d8edbd8a6912953d8ac2e4ae7018f85dc825802350c0c69209","public_key_hex":"c2f8243b0d573587f285c830a868acd19249d17d59ecbf9329e796dfed6fb630"}
{"seq":10,"ts":1778554800000,"agent_id":"rl-qlearn","symbol":"BTCUSDT","side":"buy","price":81051.50978054399,"quantity":0.024675666195672644,"notional_usd":2000.0,"fee_usd":1.2,"balance_before_usd":10025.801596826557,"balance_after_usd":10024.001736796563,"decision":"ALLOW_CAPPED","cert_hash":"74df1924e661afdd26b617eda193be576dc5a126dc98ed68cd3e0d6d0ba5d931","prev_hash":"f7cdd118a0c7cc0f53bf31eb317e22cc7f494e0066c7a72035db3eda9613c8fb","record_hash":"fb23e50a538533b8bfa5a32b5c9ea4139e7500cf2502f0176ce1e6543a7ee226","signature_hex":"2f92c3574fe14bc779863e3fc69bb591e0eaa9cd13dc9aced98c8f2e0be6d8b0e032ca714b770cea0738c6b52537633a1bd48fddd098681af9b0c2c481738404","public_key_hex":"c2f8243b0d573587f285c830a868acd19249d17d59ecbf9329e796dfed6fb630"}
{"seq":11,"ts":1778558400000,"agent_id":"rl-qlearn","symbol":"BTCUSDT","side":"sell","price":81172.442583936,"quantity":0.024638903750271023,"notional_usd":2000.0,"fee_usd":1.2,"balance_before_usd":10028.17861820319,"balance_after_usd":10026.378478173181,"decision":"ALLOW_CAPPED","cert_hash":"2711c116461d541482ad4aa706fd9158c84d2af8e7d132ed81a83dd214dd2894","prev_hash":"fb23e50a538533b8bfa5a32b5c9ea4139e7500cf2502f0176ce1e6543a7ee226","record_hash":"2e13941d00664ba2ed039eb05911bc63d3a447c10c30aef3bc73339cd522c5a3","signature_hex":"c81f8ef6b975729e2cd68c591f1fd82f6a80ed1890ef2f1cbd3e5e54dc2c7686e6af7036b67d09aaa14cd125a0b52daad1f123b0144ae2f5723f89ff3cb6200f","public_key_hex":"c2f8243b0d573587f285c830a868acd19249d17d59ecbf9329e796dfed6fb630"}
{"seq":12,"ts":1778562000000,"agent_id":"rl-qlearn","symbol":"BTCUSDT","side":"sell","price":81165.044803788,"quantity":0.024641149460767123,"notional_usd":2000.0,"fee_usd":1.2,"balance_before_usd":10026.378560056164,"balance_after_usd":10024.578420026157,"decision":"ALLOW_CAPPED","cert_hash":"4b3bc3b7af74b50962fa8d69e63d3f4cb234cc7147fcad45cc7f3c4e0afc69ad","prev_hash":"2e13941d00664ba2ed039eb05911bc63d3a447c10c30aef3bc73339cd522c5a3","record_hash":"ad6d737b945eae847399b9ee37d871f7c440e32d1b23ec28e83f139f6bce3598","signature_hex":"daa330b64f2bb630906c4cccd50ea927be55a40c5938177b10186d83287e90957272d60c71cc671d47a81187c68b60da2c804a454bf914542978a331b3123d06","public_key_hex":"c2f8243b0d573587f285c830a868acd19249d17d59ecbf9329e796dfed6fb630"}
{"seq":13,"ts":1778565600000,"agent_id":"rl-qlearn","symbol":"BTCUSDT","side":"buy","price":81012.49807976399,"quantity":0.024687548803035583,"notional_usd":2000.0,"fee_usd":1.2,"balance_before_usd":10029.538445629545,"balance_after_usd":10027.73858559955,"decision":"ALLOW_CAPPED","cert_hash":"04baf2cb7f97a3d16b7eb8522680a88ec68f4009e929f9451d8bb93644df6c67","prev_hash":"ad6d737b945eae847399b9ee37d871f7c440e32d1b23ec28e83f139f6bce3598","record_hash":"ac0254fc27976ec7167fcb27a190b384fb352af73ac298ca84875147c48033db","signature_hex":"dc121af68df174971f0e0e0357d9f2bce3c5095fb8a211a0bdd0560d41766d05dd76b2db7daf38974912c9249fa24b3a62373c693fd68549790c02dee35f7d09","public_key_hex":"c2f8243b0d573587f285c830a868acd19249d17d59ecbf9329e796dfed6fb630"}
{"seq":14,"ts":1778569200000,"agent_id":"rl-qlearn","symbol":"BTCUSDT","side":"sell","price":80795.75561640001,"quantity":0.024753775550977554,"notional_usd":2000.0,"fee_usd":1.2,"balance_before_usd":10027.732642408228,"balance_after_usd":10025.93250237822,"decision":"ALLOW_CAPPED","cert_hash":"e63ef5cef74a2fb1ca411c791bcc4267e4f412daa666c8dfde384b402d441852","prev_hash":"ac0254fc27976ec7167fcb27a190b384fb352af73ac298ca84875147c48033db","record_hash":"1ff2e90c69bcdc54323ee3bded1688bf116c7a9895f6ea7cb17e87bd0b53348f","signature_hex":"1f89324373ba451311c021c1df3bd1c68570cb0a19d89d0c40dd46d1458bcb1226037a2eb4e7ff2bc5289f7e29498ff0fcd9270b871e79790e779a3def2fa108","public_key_hex":"c2f8243b0d573587f285c830a868acd19249d17d59ecbf9329e796dfed6fb630"}
{"seq":15,"ts":1778572800000,"agent_id":"rl-qlearn","symbol":"BTCUSDT","side":"buy","price":80839.2461163,"quantity":0.02474045833038429,"notional_usd":2000.0,"fee_usd":1.2,"balance_before_usd":10026.213906632589,"balance_after_usd":10024.414046602595,"decision":"ALLOW_CAPPED","cert_hash":"0cfff3269e34afeecdd4fe8b29b7c9451e87117661f88f5fbfb9fb66a04d958a","prev_hash":"1ff2e90c69bcdc54323ee3bded1688bf116c7a9895f6ea7cb17e87bd0b53348f","record_hash":"0401c4a3277db3c4053f81ff8bbac7406e8a5138ae77fad234f37103404712fc","signature_hex":"59e33964057256b9d955cc1943d875ae9b7e44302e1fbe44c2068e385152d55e0d1b4cad8c402cc3cea8069682455ef6489aa518a70af3f01eae459b1a290d04","public_key_hex":"c2f8243b0d573587f285c830a868acd19249d17d59ecbf9329e796dfed6fb630"}
{"seq":16,"ts":1778576400000,"agent_id":"rl-qlearn","symbol":"BTCUSDT","side":"sell","price":80786.25846621001,"quantity":0.024756685579596784,"notional_usd":2000.0,"fee_usd":1.2,"balance_before_usd":10024.413947526751,"balance_after_usd":10022.613807496746,"decision":"ALLOW_CAPPED","cert_hash":"9b8a0448a66489f5bb6d25925bccbca1ce5a990f7877aa66e5052c9e3d50a45e","prev_hash":"0401c4a3277db3c4053f81ff8bbac7406e8a5138ae77fad234f37103404712fc","record_hash":"0b659d5da682399eb3f3a90c1002a5533b8a0acce71b038c3ba7a55ade083807","signature_hex":"a4cc71ca4d1537ae4e54a72b2580fb4d503bbae0fc2013c1ec97e5230d55670019e5ba4e3dc3c86d46d733f9e65f95d2a39570be1c08179bfab209a23c9b410f","public_key_hex":"c2f8243b0d573587f285c830a868acd19249d17d59ecbf9329e796dfed6fb630"}
{"seq":17,"ts":1778580000000,"agent_id":"rl-qlearn","symbol":"BTCUSDT","side":"buy","price":80671.995952956,"quantity":0.024791750549550094,"notional_usd":2000.0,"fee_usd":1.2,"balance_before_usd":10026.638138098422,"balance_after_usd":10024.838278068426,"decision":"ALLOW_CAPPED","cert_hash":"946a8eb49583aa50623683931c206374eb0df00773d73c3420a5b9a45c309e0d","prev_hash":"0b659d5da682399eb3f3a90c1002a5533b8a0acce71b038c3ba7a55ade083807","record_hash":"600127977072f0c4e354f5d820db95c5c4c99733dfa7444211553bf9d4ce127e","signature_hex":"240026e867d2da224ebd234853e80b18705dc938ad4c37ce18023c1e9fabdc1b6c3b1a40a64433dc3b39530684eaa0df1ff83cb8a01ca770fb75eca8a0600c0b","public_key_hex":"c2f8243b0d573587f285c830a868acd19249d17d59ecbf9329e796dfed6fb630"}
{"seq":18,"ts":1778583600000,"agent_id":"rl-qlearn","symbol":"BTCUSDT","side":"sell","price":80728.475805054,"quantity":0.024774405562043203,"notional_usd":2000.0,"fee_usd":1.2,"balance_before_usd":10024.844265951746,"balance_after_usd":10023.044125921739,"decision":"ALLOW_CAPPED","cert_hash":"5b96b84bea3f2f4e1002246918e327004c1df09970360d00360e00584fc00195","prev_hash":"600127977072f0c4e354f5d820db95c5c4c99733dfa7444211553bf9d4ce127e","record_hash":"42132961a4ab28cc3b81a7d6139d1fb5fbdf9a9c3bd2cd2640799a569bab8a97","signature_hex":"1c11e8bd09584d3e84205b27be1fbacf65ef57a77f319b6d32c379a1e12c32df5f38ac366b17bddcdc479db73f9058bddca4fe9b3a8a39dc8d1438e71cb5ce0b","public_key_hex":"c2f8243b0d573587f285c830a868acd19249d17d59ecbf9329e796dfed6fb630"}
{"seq":19,"ts":1778587200000,"agent_id":"rl-qlearn","symbol":"BTCUSDT","side":"buy","price":80866.85439685201,"quantity":0.02473201183497322,"notional_usd":2000.0,"fee_usd":1.2,"balance_before_usd":10020.822038517672,"balance_after_usd":10019.022178487678,"decision":"ALLOW_CAPPED","cert_hash":"61632a1677860f8dc0dab4ffedc72e55e071796ece1f89f9f8c3f4b06f7de05c","prev_hash":"42132961a4ab28cc3b81a7d6139d1fb5fbdf9a9c3bd2cd2640799a569bab8a97","record_hash":"dec73a48ede4c567c239e2159a0a9436035cdd2bdcd6c6fc135d4919f6eb9562","signature_hex":"178c983200f405f1515694fc24eea42035353ff754773d3893c090f4f15f8f7efc1a6f032bfb2f5527420ccfcd4ca0875e7a96188c525bcd4513d5015ae02f02","public_key_hex":"c2f8243b0d573587f285c830a868acd19249d17d59ecbf9329e796dfed6fb630"}
{"seq":20,"ts":1778590800000,"agent_id":"rl-qlearn","symbol":"BTCUSDT","side":"buy","price":80456.13120864,"quantity":0.024858267107245948,"notional_usd":2000.0,"fee_usd":1.2,"balance_before_usd":10019.016147555152,"balance_after_usd":10017.216287525158,"decision":"ALLOW_CAPPED","cert_hash":"0ee2768a89c36f998ffab79f52f73333470c123362bcdd7f7269b6467d75b917","prev_hash":"dec73a48ede4c567c239e2159a0a9436035cdd2bdcd6c6fc135d4919f6eb9562","record_hash":"69257cf77b7dda990979084b01b2f7e2eb4171e7883a1e90e14797a03b61cca5","signature_hex":"76ff10192f54641c5bb89dbfaabfcce382f11c9eb3124049e0f26d5d2973d4587656ac0d100321bab6c2788ce0954327362320f952498bf40697ca526b721403","public_key_hex":"c2f8243b0d573587f285c830a868acd19249d17d59ecbf9329e796dfed6fb630"}
{"seq":21,"ts":1778594400000,"agent_id":"rl-qlearn","symbol":"BTCUSDT","side":"sell","price":80484.14912016601,"quantity":0.02484961351848202,"notional_usd":2000.0,"fee_usd":1.2,"balance_before_usd":10019.114094007224,"balance_after_usd":10017.313953977218,"decision":"ALLOW_CAPPED","cert_hash":"a37e1c57a9bd4a5917a314e0a2f68677b69166dce1fddb7d83fccde3482d9022","prev_hash":"69257cf77b7dda990979084b01b2f7e2eb4171e7883a1e90e14797a03b61cca5","record_hash":"406df50cee201a600a8b608bd7e29f66da857c9a2f556c0e8692d900e3307715","signature_hex":"add834bd65e105820aa592e64853b1e39dfc9d6ce052c431861b553614abf4fa7fcd7cb6cf6422cc75da6e90e2da3be357021f99144932ba9121d28ff3ea3a03","public_key_hex":"c2f8243b0d573587f285c830a868acd19249d17d59ecbf9329e796dfed6fb630"}
{"seq":22,"ts":1778598000000,"agent_id":"rl-qlearn","symbol":"BTCUSDT","side":"buy","price":80324.19163600201,"quantity":0.0248990990044845,"notional_usd":2000.0,"fee_usd":1.2,"balance_before_usd":10017.309094238293,"balance_after_usd":10015.509234208299,"decision":"ALLOW_CAPPED","cert_hash":"b77ecb3f1d71cb150451dd99df862cc41c367578d8ef77ffffd9e2aa35526399","prev_hash":"406df50cee201a600a8b608bd7e29f66da857c9a2f556c0e8692d900e3307715","record_hash":"8aadb584f0fc39a85524bd0fbf17fd84b8f99c32deb0df8a9e76018c42f20aba","signature_hex":"7fd1a0be1b52f6c75b49a05758c4f18043901c0ca4cb95518f98d6b5a6456f3bf6c49955071571324d1e3de26a115c90b4870547792da993195ab2f33527fc00","public_key_hex":"c2f8243b0d573587f285c830a868acd19249d17d59ecbf9329e796dfed6fb630"}
{"seq":23,"ts":1778601600000,"agent_id":"rl-qlearn","symbol":"BTCUSDT","side":"sell","price":79941.411979308,"quantity":0.02501832217471564,"notional_usd":2000.0,"fee_usd":1.2,"balance_before_usd":10006.990322277807,"balance_after_usd":10005.190182247801,"decision":"ALLOW_CAPPED","cert_hash":"0e64a104b4d47583b18e9a4f38b3fb31243da4e77a055e6ef4f19fdcdfe86b96","prev_hash":"8aadb584f0fc39a85524bd0fbf17fd84b8f99c32deb0df8a9e76018c42f20aba","record_hash":"0ea320e09959024d38dc955660e2303e968f54e0257801a667df2d42978d44e7","signature_hex":"5fc337e311f35d32d968417b1e903abf9a3298855e9f853d9a3a96cd78983c4e40fcbbe8141e10a0caaaa8a894215ad8b4c55ce6160bf6e6caabb0c5fe9eb407","public_key_hex":"c2f8243b0d573587f285c830a868acd19249d17d59ecbf9329e796dfed6fb630"}
{"seq":24,"ts":1778760000000,"agent_id":"rl-qlearn","symbol":"BTCUSDT","side":"sell","price":79707.58214463,"quantity":0.02509171582160133,"notional_usd":2000.0,"fee_usd":1.2,"balance_before_usd":10005.212714031995,"balance_after_usd":10003.412574001988,"decision":"ALLOW_CAPPED","cert_hash":"2649c53bf96d29b7dd5e65a30a8e91987916c49bfdbfc5b25671ab4aa561aee6","prev_hash":"0ea320e09959024d38dc955660e2303e968f54e0257801a667df2d42978d44e7","record_hash":"f2fe61a89a959ff75cd0ebca734eba320fdb33add68082cfd0937c0028fa0585","signature_hex":"34554e1ff779496166e5a1917161d0c0d870fcc043d98bbc87e7206ff1d5bc65d4fc2d7ef39fe63f7dd2f5f937728b0e7d12f9d41994347b81ce4505f65ff40f","public_key_hex":"c2f8243b0d573587f285c830a868acd19249d17d59ecbf9329e796dfed6fb630"}
{"seq":25,"ts":1778763600000,"agent_id":"rl-qlearn","symbol":"BTCUSDT","side":"buy","price":79678.297913088,"quantity":0.025100937800925073,"notional_usd":2000.0,"fee_usd":1.2,"balance_before_usd":10005.354537754305,"balance_after_usd":10003.55467772431,"decision":"ALLOW_CAPPED","cert_hash":"55f0cfacfa7cadcfdeb82c80d943e96a87dd748233664c8315acd856496706fa","prev_hash":"f2fe61a89a959ff75cd0ebca734eba320fdb33add68082cfd0937c0028fa0585","record_hash":"8a2688569c6fcef331b3aa0683aca5e0ca45b7dd1b59c7b6d60ee9b941401a47","signature_hex":"3ac645f4fe2f4ca19645f2c52da791dd97d26bc9a0144cc0c2165ee11150e5ae6745f5642c5978ec85cd56e52134ee2549d03d8bb93f5dd024604e00b4c6970d","public_key_hex":"c2f8243b0d573587f285c830a868acd19249d17d59ecbf9329e796dfed6fb630"}
{"seq":26,"ts":1778767200000,"agent_id":"rl-qlearn","symbol":"BTCUSDT","side":"sell","price":80884.32903817201,"quantity":0.024726668611618614,"notional_usd":2000.0,"fee_usd":1.2,"balance_before_usd":10003.445989372645,"balance_after_usd":10001.64584934264,"decision":"ALLOW_CAPPED","cert_hash":"8e45fe265daa9a7763025a9af4c5ae6b3ec271bd2281b8f409c7255d603f0b93","prev_hash":"8a2688569c6fcef331b3aa0683aca5e0ca45b7dd1b59c7b6d60ee9b941401a47","record_hash":"75d39a75dce1fec23e37632d48216c190cc3cb40fbcfd28952c6a2a50bb7e10a","signature_hex":"94592e393031d0d5b06b02a52cac4bb585377f0e18538def571c23914d3a0741fca6ae06b78bdec5e65a228e84ece1f0b8d977f775ba31ed7e236afa89e5d801","public_key_hex":"c2f8243b0d573587f285c830a868acd19249d17d59ecbf9329e796dfed6fb630"}
{"seq":27,"ts":1778770800000,"agent_id":"rl-qlearn","symbol":"BTCUSDT","side":"sell","price":81208.13187465,"quantity":0.024628075462776674,"notional_usd":2000.0,"fee_usd":1.2,"balance_before_usd":9993.608812365539,"balance_after_usd":9991.808672335534,"decision":"ALLOW_CAPPED","cert_hash":"add856d9747f7e1dafbf8c93de155f4980158c76a18fa757d993a1977b0bb8e2","prev_hash":"75d39a75dce1fec23e37632d48216c190cc3cb40fbcfd28952c6a2a50bb7e10a","record_hash":"2a93984054de39485b7a24dac0feea567a88642f0bc043004c3cdaf35c0666d7","signature_hex":"7e6d8ddd15133b95132fd754c401eca93114524a962304f614003f40434bc1dae382af3142036b0a29dc7136e4f906bf843aa3652f10ca1a32f4c3df2383b40c","public_key_hex":"c2f8243b0d573587f285c830a868acd19249d17d59ecbf9329e796dfed6fb630"}
{"seq":28,"ts":1778774400000,"agent_id":"rl-qlearn","symbol":"BTCUSDT","side":"sell","price":81809.00864397144,"quantity":0.01143264992245964,"notional_usd":935.29375633,"fee_usd":0.561176253798,"balance_before_usd":9962.088516292377,"balance_after_usd":9961.296499333645,"decision":"ALLOW","cert_hash":"ba14242c654c6ae3b13d589586f3088d398e1bd6986fce4eb3d792b7e949a2bd","prev_hash":"2a93984054de39485b7a24dac0feea567a88642f0bc043004c3cdaf35c0666d7","record_hash":"ce26f4a0c23a4519c5a2bdb55fa8166614f403ae7ec9bf223892774f64da2af4","signature_hex":"ce671e50a2ddba16a03fa63c46179b19387194895789885fc5d8deb3257ac9f860af8dcda416a3427aac491b929922f8cc1aa79af460b901175d089a8bfbdc07","public_key_hex":"c2f8243b0d573587f285c830a868acd19249d17d59ecbf9329e796dfed6fb630"}
{"seq":29,"ts":1778778000000,"agent_id":"rl-qlearn","symbol":"BTCUSDT","side":"buy","price":81652.590062562,"quantity":0.02449401786847919,"notional_usd":2000.0,"fee_usd":1.2,"balance_before_usd":9973.538271492946,"balance_after_usd":9971.738411462951,"decision":"ALLOW_CAPPED","cert_hash":"9c65a26e2e021e37c9e7c9153cfd344934eb3284c58c0dd9f9c8ad7409c584df","prev_hash":"ce26f4a0c23a4519c5a2bdb55fa8166614f403ae7ec9bf223892774f64da2af4","record_hash":"9420b6c46aca2e538f57b4c9ec7c656b2941382c1aeec4d849bd39848db18565","signature_hex":"ad9bd2ea4610c57dfb5375759c87b8685e2a7d22dc61b4964854e70c5e9b46515d5c43bec924d0860475989fb6b2a44d9d498f1c6f46f1b6103f2a6cc85f9c0c","public_key_hex":"c2f8243b0d573587f285c830a868acd19249d17d59ecbf9329e796dfed6fb630"}
{"seq":30,"ts":1778781600000,"agent_id":"rl-qlearn","symbol":"BTCUSDT","side":"buy","price":81545.557960422,"quantity":0.024526167335450655,"notional_usd":2000.0,"fee_usd":1.2,"balance_before_usd":9975.631075275765,"balance_after_usd":9973.831215245771,"decision":"ALLOW_CAPPED","cert_hash":"3d252a521727539ff1c524538ad74c3de2a7438fabb081783b9554ae4ddf8160","prev_hash":"9420b6c46aca2e538f57b4c9ec7c656b2941382c1aeec4d849bd39848db18565","record_hash":"c15762285b179aab8150be6582d83ff17af2cb1214517970efc8ab45d1cf18b9","signature_hex":"bc838ed5077284cf7bf91dbf1106e1f7c50784c0e5f43366639fcf6182c1a338dd8076981ec7c411b09dc349860124972bd8c21f57b1a4a339b449358156fa00","public_key_hex":"c2f8243b0d573587f285c830a868acd19249d17d59ecbf9329e796dfed6fb630"}
{"seq":31,"ts":1778785200000,"agent_id":"rl-qlearn","symbol":"BTCUSDT","side":"buy","price":81392.80024564305,"quantity":0.011850926378978267,"notional_usd":964.58008349,"fee_usd":0.578748050094,"balance_before_usd":9975.59151468807,"balance_after_usd":9974.773375014023,"decision":"ALLOW","cert_hash":"4d6986a398bb5cb87f4d90a50fb944473d550a5b1ef2af670559cbcf4751dcd8","prev_hash":"c15762285b179aab8150be6582d83ff17af2cb1214517970efc8ab45d1cf18b9","record_hash":"6721d0ec418ca8a3ea9dda0e1db1327025bfa5c25447a6b2293c0aca8461a9db","signature_hex":"0634dc341a44ab78bf8c5106f71137a16fb79fe90b75ece30fc2bacd824522634a860e6cfeb2c55871d6f4529e678141beed78fcb86cd30492b33999baf5ee0b","public_key_hex":"c2f8243b0d573587f285c830a868acd19249d17d59ecbf9329e796dfed6fb630"}
{"seq":32,"ts":1778788800000,"agent_id":"rl-qlearn","symbol":"BTCUSDT","side":"buy","price":81401.514757542,"quantity":0.024569567359490646,"notional_usd":2000.0,"fee_usd":1.2,"balance_before_usd":9974.773361775386,"balance_after_usd":9972.973501745393,"decision":"ALLOW_CAPPED","cert_hash":"53ee97bc4b449d3a7a74d52ea69ed5f35647c8f38f0f77b9dae9933403b93bc0","prev_hash":"6721d0ec418ca8a3ea9dda0e1db1327025bfa5c25447a6b2293c0aca8461a9db","record_hash":"b1d502de957ba7b10f5420295f5ef25b67e466ebe99cefd1818035f0b7a7ee9c","signature_hex":"c5026dc4d508977015fff3dd0340b11eb763cacb2793accfb32454af911bf73fe22b8db4cca4ba75b8cc95ece6821d5b2936d4d5a5a72c3c20e5f96ee9e72801","public_key_hex":"c2f8243b0d573587f285c830a868acd19249d17d59ecbf9329e796dfed6fb630"}
{"seq":33,"ts":1778792400000,"agent_id":"rl-qlearn","symbol":"BTCUSDT","side":"sell","price":81325.69659700201,"quantity":0.024592473027445647,"notional_usd":2000.0,"fee_usd":1.2,"balance_before_usd":9972.310202858509,"balance_after_usd":9970.510062828502,"decision":"ALLOW_CAPPED","cert_hash":"5026b175c7c744564471016fd3ca954e78afdb187724a34119d72ab404407551","prev_hash":"b1d502de957ba7b10f5420295f5ef25b67e466ebe99cefd1818035f0b7a7ee9c","record_hash":"3275f3df81373e3a0afef3fc734ca709659b17c6c0c4a90956af2f06f4c3ab22","signature_hex":"ad4cb653cf63e266f93b15e816d8c91a3b20c221d35fb99560bc39d5771806514f2b03e1f55dce360fc1dc8da0fd8d6042d0863d294faa6aa89d2d435d164205","public_key_hex":"c2f8243b0d573587f285c830a868acd19249d17d59ecbf9329e796dfed6fb630"}
{"seq":34,"ts":1778850000000,"agent_id":"rl-qlearn","symbol":"BTCUSDT","side":"buy","price":78755.12102463,"quantity":0.025395173976997847,"notional_usd":2000.0,"fee_usd":1.2,"balance_before_usd":9970.577850396894,"balance_after_usd":9968.7779903669,"decision":"ALLOW_CAPPED","cert_hash":"20be83651908f5d9923d0df10e06a3065abd1b18ea0bd35ed22981bce0d10923","prev_hash":"3275f3df81373e3a0afef3fc734ca709659b17c6c0c4a90956af2f06f4c3ab22","record_hash":"399d98d17ed4a2fd3d7ae289cc428c324c9def032db552d2a8ce6d6bcbf3a9f0","signature_hex":"9c412ca422a51f9ce002108ce2eb2723e649394cca1e51693637fff7b2d19f192d10e18df95b2e82f8913818ffd3bde6ec4117c53848d1f28722751a15970307","public_key_hex":"c2f8243b0d573587f285c830a868acd19249d17d59ecbf9329e796dfed6fb630"}
{"seq":35,"ts":1778853600000,"agent_id":"rl-qlearn","symbol":"BTCUSDT","side":"sell","price":79098.66486244799,"quantity":0.025284876849413145,"notional_usd":2000.0,"fee_usd":1.2,"balance_before_usd":9978.694860052634,"balance_after_usd":9976.894720022628,"decision":"ALLOW_CAPPED","cert_hash":"a9971e626d7fd1b771ad2330098c6a2c8a5c864ec625d4ddeb8d70eef4323033","prev_hash":"399d98d17ed4a2fd3d7ae289cc428c324c9def032db552d2a8ce6d6bcbf3a9f0","record_hash":"805a2549fee955f429d7536fc026cca6cd212ec14d29abd46c01da3e4b56f06c","signature_hex":"6f531ade1e46b320ce3f50781426bd50211ef5a94935784778c2463dfa9e808ed183783e7ec36c60fffb9888892a120f8090adadd4a7219acfda5209db117100","public_key_hex":"c2f8243b0d573587f285c830a868acd19249d17d59ecbf9329e796dfed6fb630"}
{"seq":36,"ts":1778857200000,"agent_id":"rl-qlearn","symbol":"BTCUSDT","side":"buy","price":79154.440792614,"quantity":0.025267059939694785,"notional_usd":2000.0,"fee_usd":1.2,"balance_before_usd":9976.895420953813,"balance_after_usd":9975.095560923819,"decision":"ALLOW_CAPPED","cert_hash":"6c497d4bfd6ee7bf0f5262a7aef33a2229a4562987f29f66b2fc67fb36d261c2","prev_hash":"805a2549fee955f429d7536fc026cca6cd212ec14d29abd46c01da3e4b56f06c","record_hash":"2824e41daff30a25308f4db4591e457fed17c47fc17aff12cad34cc1fc428195","signature_hex":"1425672638129b6720f0383fc079c7e2186716ef85cc264dd80ceff266af5ec486c34cad81511cf50400b2630934b567550b59f739cfc9af050a28073850af09","public_key_hex":"c2f8243b0d573587f285c830a868acd19249d17d59ecbf9329e796dfed6fb630"}
{"seq":37,"ts":1778860800000,"agent_id":"rl-qlearn","symbol":"BTCUSDT","side":"buy","price":79299.68435551798,"quantity":0.02522078134679022,"notional_usd":2000.0,"fee_usd":1.2,"balance_before_usd":9978.575623727274,"balance_after_usd":9976.775763697282,"decision":"ALLOW_CAPPED","cert_hash":"59553404c58849ec6f1c9e2ec5ca75d34ed4571055e46eb36822b85fac3052d7","prev_hash":"2824e41daff30a25308f4db4591e457fed17c47fc17aff12cad34cc1fc428195","record_hash":"184d42a2b33e4a2253e53f17ce6039e5254cfd2f66d0652aeb6a4953b6f30491","signature_hex":"a2c9ac8a98c97d4acaea8151c5fc533a169fb0a46532940e3e1a0cfd2e9c6670b1f6e17e70a94017ee684443b7a8068b801e8945de16252512b838d444311b0c","public_key_hex":"c2f8243b0d573587f285c830a868acd19249d17d59ecbf9329e796dfed6fb630"}
{"seq":38,"ts":1778864400000,"agent_id":"rl-qlearn","symbol":"BTCUSDT","side":"buy","price":79458.16194051375,"quantity":0.012272055998350661,"notional_usd":975.11501286,"fee_usd":0.5850690077159999,"balance_before_usd":9984.993760956633,"balance_after_usd":9984.166172308294,"decision":"ALLOW","cert_hash":"a8a8ff5ea7f61041913c97167c4a2feb921ee9d7b71eb86202bc75a4e1027608","prev_hash":"184d42a2b33e4a2253e53f17ce6039e5254cfd2f66d0652aeb6a4953b6f30491","record_hash":"ca7cc62f97fef35f47eb6f088096755e47e29c4db154d3899b69ddd49046891b","signature_hex":"227ff3206030dbeb5b7e353ba42846c6363923838468eb9ad52a5b5f5bb2ca35e5ee9a7bb658f27753a3691038e88511dc63fda42acaa278b6f4e1c52acc250d","public_key_hex":"c2f8243b0d573587f285c830a868acd19249d17d59ecbf9329e796dfed6fb630"}
{"seq":39,"ts":1778868000000,"agent_id":"rl-qlearn","symbol":"BTCUSDT","side":"sell","price":79227.22628502,"quantity":0.025243847270444614,"notional_usd":2000.0,"fee_usd":1.2,"balance_before_usd":9972.389141713267,"balance_after_usd":9970.589001683262,"decision":"ALLOW_CAPPED","cert_hash":"1dfcba19d4d5a0849adf00f42be28b27fabaf4e8569dac7515019f5fb454e285","prev_hash":"ca7cc62f97fef35f47eb6f088096755e47e29c4db154d3899b69ddd49046891b","record_hash":"6efc5886d631cdcb2ef0d961891ea9b37ac6d4ec655a153d3b06d0d208656caf","signature_hex":"53ac14f1b88329d79fc51fcd6bab7d59312fbef0734b0d2d95b1e1c6ff75e4c4dfd2d046ee0c81e2d64a36b8b3e9c4754dfcbf4916f812581aca230c827b4d0c","public_key_hex":"c2f8243b0d573587f285c830a868acd19249d17d59ecbf9329e796dfed6fb630"}
{"seq":40,"ts":1778871600000,"agent_id":"rl-qlearn","symbol":"BTCUSDT","side":"sell","price":79085.468822184,"quantity":0.025289095832469626,"notional_usd":2000.0,"fee_usd":1.2,"balance_before_usd":9965.257250846407,"balance_after_usd":9963.4571108164,"decision":"ALLOW_CAPPED","cert_hash":"5674705358bb9e15011d1fbf21c1bc07ae419c186199f284c727527b53b5f8c1","prev_hash":"6efc5886d631cdcb2ef0d961891ea9b37ac6d4ec655a153d3b06d0d208656caf","record_hash":"4e5706baf838e3ee12a2f6ffe697e3a03c4bfb135828d9fa98f6a47d67a0c4c6","signature_hex":"2ad2455778f9e03425b139a450c13bc38189d6c39f848ee0a75e8b1ee17198a339de57b387c5a4eda541f01e26a46fb902266f42a9c0ac57d8fb835aa7bfd50d","public_key_hex":"c2f8243b0d573587f285c830a868acd19249d17d59ecbf9329e796dfed6fb630"}
{"seq":41,"ts":1778875200000,"agent_id":"rl-qlearn","symbol":"BTCUSDT","side":"sell","price":79080.7295515089,"quantity":0.012314466046443024,"notional_usd":973.83695899,"fee_usd":0.584302175394,"balance_before_usd":9963.348770463645,"balance_after_usd":9962.522237218189,"decision":"ALLOW","cert_hash":"834434a3575491680df4079816acd2473596c74a6b999c0c0b5581c3a1235c65","prev_hash":"4e5706baf838e3ee12a2f6ffe697e3a03c4bfb135828d9fa98f6a47d67a0c4c6","record_hash":"87db30f9c1635ac412f40d11009994b0ea7e7253c685d6ebe7b7df7308a66c15","signature_hex":"7c1dc1c9be0d9b84f3a3da38eac94781146d17ca5d3e0d1d6a13bc3e9eeb934b54264db45183fc24cdc24933de69399194b722e20078fc5128e3ec89ee747700","public_key_hex":"c2f8243b0d573587f285c830a868acd19249d17d59ecbf9329e796dfed6fb630"}
{"seq":42,"ts":1778882400000,"agent_id":"rl-qlearn","symbol":"BTCUSDT","side":"buy","price":79112.628251778,"quantity":0.02528041406531139,"notional_usd":2000.0,"fee_usd":1.2,"balance_before_usd":9962.522272434919,"balance_after_usd":9960.722412404924,"decision":"ALLOW_CAPPED","cert_hash":"ebf9091890c92f4b845ef031240195cd8b6a0532c3589be28edc084991bab7ba","prev_hash":"87db30f9c1635ac412f40d11009994b0ea7e7253c685d6ebe7b7df7308a66c15","record_hash":"9af2a96192bfc33769a67d2710d7f731dfcd9593ded283e7202dbdf1b8177dfe","signature_hex":"3069e41a18c4cad4d696f7140dec48bb849e399e0d30d49bbc749cdf9a6ccae5db4aa3990bbf3aa16435e7ed7c36fb39cbb944091e0d53271b20f0e05a606000","public_key_hex":"c2f8243b0d573587f285c830a868acd19249d17d59ecbf9329e796dfed6fb630"}
{"seq":43,"ts":1778886000000,"agent_id":"rl-qlearn","symbol":"BTCUSDT","side":"sell","price":79063.87876115809,"quantity":0.025284935610091964,"notional_usd":1999.12508356,"fee_usd":1.1994750501359999,"balance_before_usd":9960.689551847661,"balance_after_usd":9958.890286800815,"decision":"ALLOW","cert_hash":"299ae079c192d7f0bc56f4ecd92e8c47caaf59aff1831be902ea13bb1fa3625f","prev_hash":"9af2a96192bfc33769a67d2710d7f731dfcd9593ded283e7202dbdf1b8177dfe","record_hash":"0cecfe5307fbaf667918fc546e2393c791fcd0398ba918531935758506014b13","signature_hex":"b51ae3fd5a9c4f9316fe5f8dec819a195f1c9855907bdb1deb7c7481cf72ab10c057d51e93d3cfc01a78e3cfbb5b3b454472f221d4ddf18c40c6f18fe4f82b0d","public_key_hex":"c2f8243b0d573587f285c830a868acd19249d17d59ecbf9329e796dfed6fb630"}
{"seq":44,"ts":1778889600000,"agent_id":"rl-qlearn","symbol":"BTCUSDT","side":"buy","price":79118.7300819,"quantity":0.025278464377900073,"notional_usd":2000.0,"fee_usd":1.2,"balance_before_usd":9958.890290664796,"balance_after_usd":9957.090430634802,"decision":"ALLOW_CAPPED","cert_hash":"630acaa350207820910bba13caf55c42f1de263f1afc4bcbd6c4597c8f0daacd","prev_hash":"0cecfe5307fbaf667918fc546e2393c791fcd0398ba918531935758506014b13","record_hash":"a0d5ae8a9e572ef3e39ba00793eaeb4f50d11d09050493ac9b588147590c88bf","signature_hex":"ce712eb239968c4b975bfd71f126a2da242a1d51335250586c57f872df034b7a9fd36aa7c8a0e1c20fcbcd10e3d95be596eb23053dbb418a93ae49074a79b004","public_key_hex":"c2f8243b0d573587f285c830a868acd19249d17d59ecbf9329e796dfed6fb630"}
{"seq":45,"ts":1778893200000,"agent_id":"rl-qlearn","symbol":"BTCUSDT","side":"buy","price":79172.14610296799,"quantity":0.02526140945325498,"notional_usd":2000.0,"fee_usd":1.2,"balance_before_usd":9958.439895653977,"balance_after_usd":9956.640035623983,"decision":"ALLOW_CAPPED","cert_hash":"e191b983b257f36a21b9b568cb449f285d9eac04e64ba6f7a89928f10962c3e1","prev_hash":"a0d5ae8a9e572ef3e39ba00793eaeb4f50d11d09050493ac9b588147590c88bf","record_hash":"f1dccec1429a56eac9e49d378d3a05a42afe07adbc14e6115fb86811188a19f9","signature_hex":"225b95f62c1f31b8bfc5a37307d3e64608104c15cf8961f3c950a73a3e6eddbee80108eac64b65582c26fe55a9ec5d21bbd6ffa27e12016e736f2814978c400d","public_key_hex":"c2f8243b0d573587f285c830a868acd19249d17d59ecbf9329e796dfed6fb630"}
{"seq":46,"ts":1778896800000,"agent_id":"rl-qlearn","symbol":"BTCUSDT","side":"sell","price":79107.36225262201,"quantity":0.025282096925608337,"notional_usd":2000.0,"fee_usd":1.2,"balance_before_usd":9955.765827007639,"balance_after_usd":9953.965686977634,"decision":"ALLOW_CAPPED","cert_hash":"6467468f787abf449c636c3fefaf01d0c840ea8a98039ef11190b7a9a4579f1d","prev_hash":"f1dccec1429a56eac9e49d378d3a05a42afe07adbc14e6115fb86811188a19f9","record_hash":"fd3d36f4f77e958a05599cfd02b366e42eb90cc231e3dcab8b4332e2319984d6","signature_hex":"d6df9a2a42b25aea9bf7af29d45b1e0c772a3b0b0c98d716e6b923bc5aac74349bab073b42af011fb5a618b709511e9fd119720507c6e2e99c866e75e3e26a0b","public_key_hex":"c2f8243b0d573587f285c830a868acd19249d17d59ecbf9329e796dfed6fb630"}
{"seq":47,"ts":1778900400000,"agent_id":"rl-qlearn","symbol":"BTCUSDT","side":"sell","price":79036.983371214,"quantity":0.025304609496627356,"notional_usd":2000.0,"fee_usd":1.2,"balance_before_usd":9952.18807338786,"balance_after_usd":9950.387933357855,"decision":"ALLOW_CAPPED","cert_hash":"923b81b3ce451750e7b66723264e8bd97e5cbba5ddfd5686ac52c1f201358111","prev_hash":"fd3d36f4f77e958a05599cfd02b366e42eb90cc231e3dcab8b4332e2319984d6","record_hash":"795acbb66a5f57854bc5312345c6f8f0d0b04a141919553f5f72bd86ca0aa337","signature_hex":"2b3884cf9e2cde7b5d5bdf18f5e3821f85053c0876492d407d8db49747136d3c1f4bdf7dd3f36525e50ee6818178aeead18e5f6031409ba1d706c5eedd8a5007","public_key_hex":"c2f8243b0d573587f285c830a868acd19249d17d59ecbf9329e796dfed6fb630"}
{"seq":48,"ts":1778904000000,"agent_id":"rl-qlearn","symbol":"BTCUSDT","side":"buy","price":79044.70788041998,"quantity":0.025302136646840796,"notional_usd":2000.0,"fee_usd":1.2,"balance_before_usd":9950.39009369132,"balance_after_usd":9948.590233661327,"decision":"ALLOW_CAPPED","cert_hash":"c758c9dd68762a45016f47a82b346b9c60cb0404f41920531727a195c69f88e2","prev_hash":"795acbb66a5f57854bc5312345c6f8f0d0b04a141919553f5f72bd86ca0aa337","record_hash":"6e34a73c80ecca10ba04c7e74463be7d7d79cfcfe45ed4ef14d89df43b3e9a18","signature_hex":"7bcad52ab9e0d90c9b153f7276536a092c87391cc78a19b2115f260fa15953a67566baf00e1c9841d8d340ab2c4b6eab06ab8dc237a081a6405d63845e8a7408","public_key_hex":"c2f8243b0d573587f285c830a868acd19249d17d59ecbf9329e796dfed6fb630"}
{"seq":49,"ts":1778907600000,"agent_id":"rl-qlearn","symbol":"BTCUSDT","side":"sell","price":78989.11791389786,"quantity":0.025255289820358982,"notional_usd":1994.89306557,"fee_usd":1.196935839342,"balance_before_usd":9948.383202355795,"balance_after_usd":9946.588168568393,"decision":"ALLOW","cert_hash":"9298b5247d18eb049f2cc3a004bd427b4648dc5825e07c2bc3e4967535708df7","prev_hash":"6e34a73c80ecca10ba04c7e74463be7d7d79cfcfe45ed4ef14d89df43b3e9a18","record_hash":"7a90b2e7d0be738ea1e19b122ae39197b20f7ad5698514edead102abe08ecb1c","signature_hex":"0140c9f94e1e61ca3da830a012ed1c5e5c3a66544921a0bf6086715653d1a0036a334c24a34d3285d8c4c6bd8181b6cfbcd327f9b091720dde7d110565f72a0d","public_key_hex":"c2f8243b0d573587f285c830a868acd19249d17d59ecbf9329e796dfed6fb630"}
{"seq":50,"ts":1778911200000,"agent_id":"rl-qlearn","symbol":"BTCUSDT","side":"sell","price":78601.014192492,"quantity":0.02544496429908713,"notional_usd":2000.0,"fee_usd":1.2,"balance_before_usd":9946.591107100161,"balance_after_usd":9944.790967070154,"decision":"ALLOW_CAPPED","cert_hash":"1805afb3acfd473cff069c0752c0ac8530f7d25023f5e580c9279f728135ea89","prev_hash":"7a90b2e7d0be738ea1e19b122ae39197b20f7ad5698514edead102abe08ecb1c","record_hash":"31bc50fdfb56fb8d9803e93c2dd8c6e06cb15a3f6fa5bbc7777bd8fd08745844","signature_hex":"19e1c08ac1fb93fe09215e8569db1b068dfaa2d9cb2402225f35a25ab2233af716ad95006215a89140f8d5348f7f1d13806a6a01eed75932b9057a49613e9a03","public_key_hex":"c2f8243b0d573587f285c830a868acd19249d17d59ecbf9329e796dfed6fb630"}
{"seq":51,"ts":1778914800000,"agent_id":"rl-qlearn","symbol":"BTCUSDT","side":"buy","price":78373.506567,"quantity":0.025518827568219604,"notional_usd":2000.0,"fee_usd":1.2,"balance_before_usd":9951.780232888073,"balance_after_usd":9949.98037285808,"decision":"ALLOW_CAPPED","cert_hash":"2e914027980e4b41e49bfd42fc727cd9b34979ae3ddc80e43865918e65518093","prev_hash":"31bc50fdfb56fb8d9803e93c2dd8c6e06cb15a3f6fa5bbc7777bd8fd08745844","record_hash":"0c34c93887641b49aab076e72eb9cd0e5b8b5839a7a39d26899b080d8e648237","signature_hex":"2787bb5c1dd50dae239e4c81e71d0993350ed8c73ccbe1bacd01eace5fe8c87b510fd37f65c83dd7420ae3b312b9a01592f0a64099e7af8df2c73ba20f41580c","public_key_hex":"c2f8243b0d573587f285c830a868acd19249d17d59ecbf9329e796dfed6fb630"}
{"seq":52,"ts":1778918400000,"agent_id":"rl-qlearn","symbol":"BTCUSDT","side":"sell","price":78376.481568,"quantity":0.02551785892895416,"notional_usd":2000.0,"fee_usd":1.2,"balance_before_usd":9949.98316779775,"balance_after_usd":9948.183027767744,"decision":"ALLOW_CAPPED","cert_hash":"39c11c9c55f21badf58248c798e90cd4c1c163c86ec3def02faff6be0cbdca24","prev_hash":"0c34c93887641b49aab076e72eb9cd0e5b8b5839a7a39d26899b080d8e648237","record_hash":"847b9e51746393f6158ef6bdb2df3793cfe7be2cc0fd408e515a1d98d4e4eb02","signature_hex":"c59a49abfb5ef2c5c6cdbee3fa4ee9acadcad2d1ee90b1277dc4879dd91d42862cbadf92692606063949eec3bd4523542e4bb2774dacf8c3545b66e873f11f01","public_key_hex":"c2f8243b0d573587f285c830a868acd19249d17d59ecbf9329e796dfed6fb630"}
{"seq":53,"ts":1778922000000,"agent_id":"rl-qlearn","symbol":"BTCUSDT","side":"buy","price":78092.77158604174,"quantity":0.025443948155057582,"notional_usd":1986.98843152,"fee_usd":1.192193058912,"balance_before_usd":9956.597315253754,"balance_after_usd":9954.810456771293,"decision":"ALLOW","cert_hash":"a76489d991ee28c6330ece08feb8b7dc96f5345e3e2845585b13d753546c3037","prev_hash":"847b9e51746393f6158ef6bdb2df3793cfe7be2cc0fd408e515a1d98d4e4eb02","record_hash":"bcc86796a953dad2d2df89eebb8f83c28bfa2f8e4e988edb49f25b257bf2046c","signature_hex":"fd294800d32489f8947b937833b8c28da5302b4ef619d23993513535cb521fd278d236611696b1afc2277445c89eed8e7553e0f88d90b7a3a53d021fee4f1d0e","public_key_hex":"c2f8243b0d573587f285c830a868acd19249d17d59ecbf9329e796dfed6fb630"}
{"seq":54,"ts":1778925600000,"agent_id":"rl-qlearn","symbol":"BTCUSDT","side":"sell","price":77938.313049234,"quantity":0.02566132011013108,"notional_usd":2000.0,"fee_usd":1.2,"balance_before_usd":9954.811277137096,"balance_after_usd":9953.011137107089,"decision":"ALLOW_CAPPED","cert_hash":"4eac49adbad1e741d8563c1554e80a02908adab53b6b228fe6d987f285a30425","prev_hash":"bcc86796a953dad2d2df89eebb8f83c28bfa2f8e4e988edb49f25b257bf2046c","record_hash":"ec86fe48960436a1ddacaf749f3651fcbbb01114d2dac5d43f85f9f06abfe27b","signature_hex":"5c6517f9bfe067e117ac92305210467c14a6abe8e141038f6423f331cf9e3077546c7d99e63ecbf8c3c9eaad06e0990f2d126909343d1827e365ecd27f04de05","public_key_hex":"c2f8243b0d573587f285c830a868acd19249d17d59ecbf9329e796dfed6fb630"}
{"seq":55,"ts":1778929200000,"agent_id":"rl-qlearn","symbol":"BTCUSDT","side":"buy","price":78093.4225614,"quantity":0.025610351479057335,"notional_usd":2000.0,"fee_usd":1.2,"balance_before_usd":9950.231191203076,"balance_after_usd":9948.431331173082,"decision":"ALLOW_CAPPED","cert_hash":"c29434dd38f306034e4ddfb20e3a9b8c48955db10819c7e55cf6ee585806641a","prev_hash":"ec86fe48960436a1ddacaf749f3651fcbbb01114d2dac5d43f85f9f06abfe27b","record_hash":"1b28a5625f83b6464629cfdd4daf3472ad14c87a4eed4920d8f6baf63dcba1df","signature_hex":"3e96c3242c75b59f3b4e10b6d5cb9d76c84b3e04a589f58cc678798345559e38e6408f2a7f6eea46f268b477cdf44837ed85b2012ed39d47c4cf41ada4dede0a","public_key_hex":"c2f8243b0d573587f285c830a868acd19249d17d59ecbf9329e796dfed6fb630"}
{"seq":56,"ts":1778936400000,"agent_id":"rl-qlearn","symbol":"BTCUSDT","side":"buy","price":78034.604920224,"quantity":0.025629654972234836,"notional_usd":2000.0,"fee_usd":1.2,"balance_before_usd":9948.434776016325,"balance_after_usd":9946.634915986331,"decision":"ALLOW_CAPPED","cert_hash":"b4bbdf3fe1bcee7c6550832c9c51b50f55fc65e01c7d098f297e62f760a67795","prev_hash":"1b28a5625f83b6464629cfdd4daf3472ad14c87a4eed4920d8f6baf63dcba1df","record_hash":"0e512809399a6e96671396e8d13190ab86f6e01259bf6688e4801cae90045b73","signature_hex":"3b62903b174f4ea3e184443b3366d1fd4d909e093e1df331a42b50af79af58fd661052956dc780d0badb86e9c8e63abc1057c82b43cf351020d949a7113f5009","public_key_hex":"c2f8243b0d573587f285c830a868acd19249d17d59ecbf9329e796dfed6fb630"}
{"seq":57,"ts":1778940000000,"agent_id":"rl-qlearn","symbol":"BTCUSDT","side":"sell","price":78091.467092298,"quantity":0.025610992781530877,"notional_usd":2000.0,"fee_usd":1.2,"balance_before_usd":9949.28663586266,"balance_after_usd":9947.486495832654,"decision":"ALLOW_CAPPED","cert_hash":"16909c5dd5cae028c1a5d06af96516319a9551346fdef307dce213274d3aeda8","prev_hash":"0e512809399a6e96671396e8d13190ab86f6e01259bf6688e4801cae90045b73","record_hash":"a66cf0e4479b6aad4e938f23a5dd36f9c79e02698d3bbd160877ff4eac2a309e","signature_hex":"084cc732bced2e20eb0ae7560f3aaeb9a2d2b77bc8026bcb0a8503fbf1c824c3a4d641e1e43d2052efb2204a03fcf20be3ed9626a53dcaf8b89fb16a6b19ad05","public_key_hex":"c2f8243b0d573587f285c830a868acd19249d17d59ecbf9329e796dfed6fb630"}
{"seq":58,"ts":1778943600000,"agent_id":"rl-qlearn","symbol":"BTCUSDT","side":"buy","price":78241.767054366,"quantity":0.025561794873706103,"notional_usd":2000.0,"fee_usd":1.2,"balance_before_usd":9947.482367734612,"balance_after_usd":9945.68250770462,"decision":"ALLOW_CAPPED","cert_hash":"3fe2ce23ba418ccada3abd515902bc5c3d870e224489d2c6312a277eedf89325","prev_hash":"a66cf0e4479b6aad4e938f23a5dd36f9c79e02698d3bbd160877ff4eac2a309e","record_hash":"33dcd23234f7f88187ff577336ec4a7c49a35bc8dddf17427b8c562236f706dc","signature_hex":"fa56d752fe8696b48d6f73480cba7cf9d7ea0a1eb6024617f0cb1b4a1810916da8478f17e5d75d89a7ec861f8fe7d9a41701b72d6fef6838ad0b93fb8c2e7b07","public_key_hex":"c2f8243b0d573587f285c830a868acd19249d17d59ecbf9329e796dfed6fb630"}
{"seq":59,"ts":1778947200000,"agent_id":"rl-qlearn","symbol":"BTCUSDT","side":"sell","price":78164.245253754,"quantity":0.025587146572031233,"notional_usd":2000.0,"fee_usd":1.2,"balance_before_usd":9944.701988801367,"balance_after_usd":9942.90184877136,"decision":"ALLOW_CAPPED","cert_hash":"0cc4f9f6afe18a3834e141514205d830c953a6705b0241dc2674f0fe0fa1d3ba","prev_hash":"33dcd23234f7f88187ff577336ec4a7c49a35bc8dddf17427b8c562236f706dc","record_hash":"83420436c664aac8127fecccf2aa0296c7582a237b0290943bd7932a4069c08f","signature_hex":"a59368714bd7fac85fd5f239a387014cf76c6a7e049803c724c8a51c18e7a78c6ce58c8c92eda9709de5d07b43094219019c9ed5ac85b75ba81872f9f18c7e0f","public_key_hex":"c2f8243b0d573587f285c830a868acd19249d17d59ecbf9329e796dfed6fb630"}
{"seq":60,"ts":1778954400000,"agent_id":"rl-qlearn","symbol":"BTCUSDT","side":"buy","price":78242.66732438399,"quantity":0.02556150075646397,"notional_usd":2000.0,"fee_usd":1.2,"balance_before_usd":9942.899792600134,"balance_after_usd":9941.09993257014,"decision":"ALLOW_CAPPED","cert_hash":"6618ea828e9554c576d636040ac626bd2e3e95b3ffb2d931a35d658fd2aab974","prev_hash":"83420436c664aac8127fecccf2aa0296c7582a237b0290943bd7932a4069c08f","record_hash":"3870202a1f17ee1b10f414d914c2e595398f74367a21af28d774d0e1fcc92165","signature_hex":"5124f3dbb991eb3e66ec69549999d3e032d1264bb4a8c474ebf78d7f5fb5a95c7eb0720156612d296ee255076077a603dc3f86a1195dcfbb029e8310421fe40e","public_key_hex":"c2f8243b0d573587f285c830a868acd19249d17d59ecbf9329e796dfed6fb630"}
{"seq":61,"ts":1778958000000,"agent_id":"rl-qlearn","symbol":"BTCUSDT","side":"sell","price":78218.44904965695,"quantity":0.025503869593138516,"notional_usd":1994.87312434,"fee_usd":1.196923874604,"balance_before_usd":9941.678696888523,"balance_after_usd":9939.883683034534,"decision":"ALLOW","cert_hash":"b788cd5caba13855bc02dbbec6dd6d0f1795e6ba3982c0dbd73f0a22784d82c5","prev_hash":"3870202a1f17ee1b10f414d914c2e595398f74367a21af28d774d0e1fcc92165","record_hash":"aa7418648cda1991f668c766bb1dc1d17ba1292d362751a1c9876e2395e68149","signature_hex":"176cc6fb79ddcd329121457314608b8acd8c8404a244a225c8a4946d70a1d28dbea2011063b641ffee6b3617076d1d09185eb1fa27985e6ca668bacee3dbba01","public_key_hex":"c2f8243b0d573587f285c830a868acd19249d17d59ecbf9329e796dfed6fb630"}
{"seq":62,"ts":1778961600000,"agent_id":"rl-qlearn","symbol":"BTCUSDT","side":"sell","price":78212.53076472,"quantity":0.02557135001827811,"notional_usd":2000.0,"fee_usd":1.2,"balance_before_usd":9939.883728134806,"balance_after_usd":9938.083588104799,"decision":"ALLOW_CAPPED","cert_hash":"bcf914daaff8952af0d4021f779794592aa24346b808e2ccbc4abe64a02f76ea","prev_hash":"aa7418648cda1991f668c766bb1dc1d17ba1292d362751a1c9876e2395e68149","record_hash":"244a55d593812b630e3c7891db2c2caeef89ae9458da46f56cea35de409f0d62","signature_hex":"d929fd39f91d9ea8a94c99d0fa808c0cbf83b17510239980ecee1fa2812f5756b6bd11ce6dcbecbda851feac1338589278357179011a187c9f53e2e4e0e1e40d","public_key_hex":"c2f8243b0d573587f285c830a868acd19249d17d59ecbf9329e796dfed6fb630"}
{"seq":63,"ts":1778965200000,"agent_id":"rl-qlearn","symbol":"BTCUSDT","side":"buy","price":78272.076144972,"quantity":0.025551896646968844,"notional_usd":2000.0,"fee_usd":1.2,"balance_before_usd":9937.761292778734,"balance_after_usd":9935.96143274874,"decision":"ALLOW_CAPPED","cert_hash":"b1b6d100311e23b33874a5c895bc5c8c6861c95a5d1fa5f6e06b9dd09499ccf8","prev_hash":"244a55d593812b630e3c7891db2c2caeef89ae9458da46f56cea35de409f0d62","record_hash":"42715aad69a4dfe8da76ac13a3bb4d38eb3cd427709489fff8d6478ff0aabe9b","signature_hex":"8672cab1c2a43fc043b57862292ee7e55232d0eff9c2801fb04216a081aa96989ec7c00c95c6f8d8b5f153262367fdea6813c63ecb39f517bba8c28ac5360e08","public_key_hex":"c2f8243b0d573587f285c830a868acd19249d17d59ecbf9329e796dfed6fb630"}
{"seq":64,"ts":1778968800000,"agent_id":"rl-qlearn","symbol":"BTCUSDT","side":"buy","price":78184.44986322,"quantity":0.025580534281419202,"notional_usd":2000.0,"fee_usd":1.2,"balance_before_usd":9935.963806488431,"balance_after_usd":9934.163946458437,"decision":"ALLOW_CAPPED","cert_hash":"fb97c03e212330ca5a3b6cba8acca571af81a5ab2f66d9a09e0bddc07720d952","prev_hash":"42715aad69a4dfe8da76ac13a3bb4d38eb3cd427709489fff8d6478ff0aabe9b","record_hash":"a0cf2b5b1579e53fa0060c38645af05066f1d85d3e7cab22f3d4e3a1f9061274","signature_hex":"b9745fbb105f37b472b6aaa9ad0dec0ddda2d4e4bbadaddda56453018d261d4b3d51db01857f5877cdbd45c15ed449623f05cfef63ec9d3446f9657e9dddf902","public_key_hex":"c2f8243b0d573587f285c830a868acd19249d17d59ecbf9329e796dfed6fb630"}
{"seq":65,"ts":1778972400000,"agent_id":"rl-qlearn","symbol":"BTCUSDT","side":"sell","price":78098.265052434,"quantity":0.025608763506554597,"notional_usd":2000.0,"fee_usd":1.2,"balance_before_usd":9933.15969639234,"balance_after_usd":9931.359556362333,"decision":"ALLOW_CAPPED","cert_hash":"202b67132a60a2de0f7a0c115b778a801ad297c6fa5a17020759d9958c69f39e","prev_hash":"a0cf2b5b1579e53fa0060c38645af05066f1d85d3e7cab22f3d4e3a1f9061274","record_hash":"2381a9e247dbe0ffbf9079e54c786be27959d5b65c8b3e5d204eae0abe817398","signature_hex":"3622268dd2c2efeeba35c5d1afd6e765e48f5c33d8034eabc7c87db26419789c6e6ecaf6a166135a63f8fa2576704bb7ca579f1f226ebb356f9e678e7f82b50b","public_key_hex":"c2f8243b0d573587f285c830a868acd19249d17d59ecbf9329e796dfed6fb630"}
{"seq":66,"ts":1779051600000,"agent_id":"rl-qlearn","symbol":"BTCUSDT","side":"buy","price":78394.51286742001,"quantity":0.02551198963864192,"notional_usd":2000.0,"fee_usd":1.2,"balance_before_usd":9931.346876753105,"balance_after_usd":9929.54701672311,"decision":"ALLOW_CAPPED","cert_hash":"326f0eeb7c5578394524d612c123a9881839511f1795007bb042e3a7d6466f6a","prev_hash":"2381a9e247dbe0ffbf9079e54c786be27959d5b65c8b3e5d204eae0abe817398","record_hash":"42b79d7fa9be0ae0868c3d792dcc40a74a2a108dc4327307a519632f856b5f63","signature_hex":"fff86205fc143c304873ef1bf6030c3cb9c5435bf6c93b58140a14a9ab9d6c721a272f08e76ab2b3b5c933245da7dda70d10ff501bd6e48f9c10174f8df9e10c","public_key_hex":"c2f8243b0d573587f285c830a868acd19249d17d59ecbf9329e796dfed6fb630"}
{"seq":67,"ts":1779055200000,"agent_id":"rl-qlearn","symbol":"BTCUSDT","side":"sell","price":77950.36811804316,"quantity":0.025464282544171126,"notional_usd":1984.95019818,"fee_usd":1.1909701189079998,"balance_before_usd":9919.433084541635,"balance_after_usd":9917.647984788291,"decision":"ALLOW","cert_hash":"707ac42472d8dd07ae1e7a784d6b784a371f2ebf7fefb1e22cdb9b8e73a686ac","prev_hash":"42b79d7fa9be0ae0868c3d792dcc40a74a2a108dc4327307a519632f856b5f63","record_hash":"881340eed9759bf63e858473fd74a0875b3db51f21c33a9a7fa777963d8a2335","signature_hex":"9f89f6373dae58f7621de03683a3d8dec25fbb6c668f45872675f976f6ae97f537ae48b585d5ac4e8934f2ddbfba930391057c65cdbba0d41c7ff89e0e531607","public_key_hex":"c2f8243b0d573587f285c830a868acd19249d17d59ecbf9329e796dfed6fb630"}
{"seq":68,"ts":1779058800000,"agent_id":"rl-qlearn","symbol":"BTCUSDT","side":"sell","price":77401.07425848601,"quantity":0.02583943464816609,"notional_usd":2000.0,"fee_usd":1.2,"balance_before_usd":9917.652171005166,"balance_after_usd":9915.85203097516,"decision":"ALLOW_CAPPED","cert_hash":"8219e049e35a3d8c0ff1199338b60f6099489e115476643bf38aa02cd196ea97","prev_hash":"881340eed9759bf63e858473fd74a0875b3db51f21c33a9a7fa777963d8a2335","record_hash":"d57bf58985df3709dc79274a3d4b365b9bb5b6e978e5b2b85fb2249384377571","signature_hex":"bca7f004703235c2a3a36d624d27d26c0297721f6c59c371cce3e6b1be444a8b8e4718f6d0a4ee64aeb70b2caf28af97ab605c79771805354b61b9645687bf0c","public_key_hex":"c2f8243b0d573587f285c830a868acd19249d17d59ecbf9329e796dfed6fb630"}
{"seq":69,"ts":1779062400000,"agent_id":"rl-qlearn","symbol":"BTCUSDT","side":"buy","price":77203.33584665204,"quantity":0.025839308569028743,"notional_usd":1994.8808175,"fee_usd":1.1969284905,"balance_before_usd":9922.346820837001,"balance_after_usd":9920.552078065852,"decision":"ALLOW","cert_hash":"0c3d29b1c61707e19f5227f7e99940334acf566382332fe8e90513bf02aee43e","prev_hash":"d57bf58985df3709dc79274a3d4b365b9bb5b6e978e5b2b85fb2249384377571","record_hash":"9ec3b00355dde7a93a56bf5f266d2f6f1ccacc7a35bf07448a229a4e77ad02cb","signature_hex":"a2d1a47a02eaeaa277986e09b66c0e3b361d80df94dc4968ab272631ba6063450d525fe613d9fc288e79a9483203d81cd69a67e6d6ada4f4006da6c03f41ab07","public_key_hex":"c2f8243b0d573587f285c830a868acd19249d17d59ecbf9329e796dfed6fb630"}
{"seq":70,"ts":1779066000000,"agent_id":"rl-qlearn","symbol":"BTCUSDT","side":"sell","price":77070.97331188201,"quantity":0.025950106947613447,"notional_usd":2000.0,"fee_usd":1.2,"balance_before_usd":9920.55274497018,"balance_after_usd":9918.752604940173,"decision":"ALLOW_CAPPED","cert_hash":"64d894d3f7296fa1598c94455ffe6bdd207f54f28448110bcfca1e2b77777807","prev_hash":"9ec3b00355dde7a93a56bf5f266d2f6f1ccacc7a35bf07448a229a4e77ad02cb","record_hash":"33938b1fd2a8b63101fe3174462809911fb9002d1650a0540a256686cec28d4a","signature_hex":"12a27a739d29b19639f906cce804933213c72dbc8275893bed8c7526516b06ef022e7862898c7c393fa9b4f5243bc342ace72f1d2ee3e6fefccb34fa0aa9560b","public_key_hex":"c2f8243b0d573587f285c830a868acd19249d17d59ecbf9329e796dfed6fb630"}
{"seq":71,"ts":1779069600000,"agent_id":"rl-qlearn","symbol":"BTCUSDT","side":"buy","price":76835.62184823945,"quantity":0.025950075029238365,"notional_usd":1993.89015188,"fee_usd":1.196334091128,"balance_before_usd":9926.059740459028,"balance_after_usd":9924.265987678775,"decision":"ALLOW","cert_hash":"4167bc21db63561e37f341dc2d7257513656e372565f79554af59e3fc850c102","prev_hash":"33938b1fd2a8b63101fe3174462809911fb9002d1650a0540a256686cec28d4a","record_hash":"6b9f2f673627f9c0451b8aa3603f5b58952da56329bcc6e6edf8d27bc03c2210","signature_hex":"be6cc37acfd23a1acdf82c2b46a727d72c3f5d8a6cac096c00673b0c714761b92345ded192c3576f3862993ce9db6004b86dfdf0af6c739deb7796e438a65701","public_key_hex":"c2f8243b0d573587f285c830a868acd19249d17d59ecbf9329e796dfed6fb630"}
{"seq":72,"ts":1779073200000,"agent_id":"rl-qlearn","symbol":"BTCUSDT","side":"sell","price":76886.12877818401,"quantity":0.026012494474393258,"notional_usd":2000.0,"fee_usd":1.2,"balance_before_usd":9924.265236361338,"balance_after_usd":9922.46509633133,"decision":"ALLOW_CAPPED","cert_hash":"71fad476ba4f1a77d9a5870ff7a1f406e21cbd36dbcfe89647f8900490a90bc8","prev_hash":"6b9f2f673627f9c0451b8aa3603f5b58952da56329bcc6e6edf8d27bc03c2210","record_hash":"0151cdecb17c8be5b95281a4f68cfa470cbbc2bf59f29e56685240aa67ea1fcb","signature_hex":"5c9b0f588dabf8c06ecb187167cb5b4664d1262d5902511c6407191c12dee4738f5536e92faf7b44ca6692fb8e23af169d58d369f00850090e1d21c1d085250e","public_key_hex":"c2f8243b0d573587f285c830a868acd19249d17d59ecbf9329e796dfed6fb630"}
{"seq":73,"ts":1779076800000,"agent_id":"rl-qlearn","symbol":"BTCUSDT","side":"buy","price":77039.10634032,"quantity":0.025960841123532856,"notional_usd":2000.0,"fee_usd":1.2,"balance_before_usd":9919.686131272372,"balance_after_usd":9917.886271242378,"decision":"ALLOW_CAPPED","cert_hash":"09168d97f8b3ee8987dabadf514d6a8d5ee8818b70e8a31180bb67e96ed78adc","prev_hash":"0151cdecb17c8be5b95281a4f68cfa470cbbc2bf59f29e56685240aa67ea1fcb","record_hash":"90ba31d1de7d5b701def469af763c630c065b684dc1af683f0e3195adddb045e","signature_hex":"5edda8f4bdfbf08f16a13b7ccd0cf6d2b5122daa7aaf5625c7563979f0b7e00a55c983c0e267a26aad874983644c075bc91c21baf3edae9be2cc41ad35583e00","public_key_hex":"c2f8243b0d573587f285c830a868acd19249d17d59ecbf9329e796dfed6fb630"}
{"seq":74,"ts":1779094800000,"agent_id":"rl-qlearn","symbol":"BTCUSDT","side":"buy","price":76933.474658208,"quantity":0.025996486040509557,"notional_usd":2000.0,"fee_usd":1.2,"balance_before_usd":9917.89300483004,"balance_after_usd":9916.093144800047,"decision":"ALLOW_CAPPED","cert_hash":"35094da12ce9713c8fa29288d04cabf9e248aa4b464a06810a0c56240d60668f","prev_hash":"90ba31d1de7d5b701def469af763c630c065b684dc1af683f0e3195adddb045e","record_hash":"ee939087def685f7aaa56251657ceabed57b6a4c71ffd62c98174cb0d90311b8","signature_hex":"cd167a1d1597e901773df4237b5a23060d0afe34f38946b55a351a468f09c35f6d46e6d6f460ae599614b52e4cd0ea6d0dc67d7038806befa53f04871b299000","public_key_hex":"c2f8243b0d573587f285c830a868acd19249d17d59ecbf9329e796dfed6fb630"}
{"seq":75,"ts":1779098400000,"agent_id":"rl-qlearn","symbol":"BTCUSDT","side":"buy","price":76770.925904958,"quantity":0.026051528966525548,"notional_usd":2000.0,"fee_usd":1.2,"balance_before_usd":9911.878373350128,"balance_after_usd":9910.078513320135,"decision":"ALLOW_CAPPED","cert_hash":"bb115553d04b83cc93c92cd72982fa4855bea32c1f52b62300aedc52e4836832","prev_hash":"ee939087def685f7aaa56251657ceabed57b6a4c71ffd62c98174cb0d90311b8","record_hash":"600cf59b896e3b1d6d2da6ad991c452a40415c83e06837febd2bdbcb4d7bcbc5","signature_hex":"e081b47e0b5ff18439bec2deb37186d5f770eefbceb307f640d1def88cc70f64fb187ddf69be3be51dea530cdfa67b36f5d540e2fed1000553d0c3ce2f647b0d","public_key_hex":"c2f8243b0d573587f285c830a868acd19249d17d59ecbf9329e796dfed6fb630"}
{"seq":76,"ts":1779102000000,"agent_id":"rl-qlearn","symbol":"BTCUSDT","side":"sell","price":77241.8220453,"quantity":0.025892708730084854,"notional_usd":2000.0,"fee_usd":1.2,"balance_before_usd":9936.961810128741,"balance_after_usd":9935.161670098736,"decision":"ALLOW_CAPPED","cert_hash":"c959a703be8cd310e26cd4ce84a56c2811d953cf19850ce4b631529256cee8ea","prev_hash":"600cf59b896e3b1d6d2da6ad991c452a40415c83e06837febd2bdbcb4d7bcbc5","record_hash":"0b5fae40deeddb002f241dc4d608a395cf66ea74a39a13f8d6915e4ff1fc5238","signature_hex":"adf311004dabf4e76c4c373465833d386d773f1206e2307b71124922705125708d559a0ba675b2f5b131faf1835f7ffc5c32c48f57d8950c7ae2c2122a218e0d","public_key_hex":"c2f8243b0d573587f285c830a868acd19249d17d59ecbf9329e796dfed6fb630"}
{"seq":77,"ts":1779105600000,"agent_id":"rl-qlearn","symbol":"BTCUSDT","side":"sell","price":77591.31717229201,"quantity":0.025776080016259903,"notional_usd":2000.0,"fee_usd":1.2,"balance_before_usd":9944.28478810811,"balance_after_usd":9942.484648078103,"decision":"ALLOW_CAPPED","cert_hash":"4dcdcd5bf34d55a9e4799e4eee1e15278b9aa7fc61cecadd68a4502f87294b1c","prev_hash":"0b5fae40deeddb002f241dc4d608a395cf66ea74a39a13f8d6915e4ff1fc5238","record_hash":"4f77f100043e2880d6c5a047334a0949e502c8761db661206a82498744305cc5","signature_hex":"43f0b90e38143ceadeffdbde18a6ea07e67cf7872e18c8089108fb6b74946968d3923a13206f2bcc01ae380b3ec0678b93f44dfc477f4aced9cef69667090609","public_key_hex":"c2f8243b0d573587f285c830a868acd19249d17d59ecbf9329e796dfed6fb630"}
{"seq":78,"ts":1779109200000,"agent_id":"rl-qlearn","symbol":"BTCUSDT","side":"sell","price":76896.92553840001,"quantity":0.02600884217407704,"notional_usd":2000.0,"fee_usd":1.2,"balance_before_usd":9942.262518265086,"balance_after_usd":9940.462378235079,"decision":"ALLOW_CAPPED","cert_hash":"ee831ff3eaa7d0309d2c7bd72bd039d0ab898d68a5a07f1913cff52e96d8a814","prev_hash":"4f77f100043e2880d6c5a047334a0949e502c8761db661206a82498744305cc5","record_hash":"957ea29e0300df68ccb5f1b99e9aae673db445cfe5130274903bc597a7067ab3","signature_hex":"f6efb8f77be620ac7f24c0e0dbdde3cc66b5f1c9dfd1413f3b1a9ce9e8970fce00ecca3aab9df3f78b462c79492c215b91813452ded9144e6de8237486972e01","public_key_hex":"c2f8243b0d573587f285c830a868acd19249d17d59ecbf9329e796dfed6fb630"}
{"seq":79,"ts":1779112800000,"agent_id":"rl-qlearn","symbol":"BTCUSDT","side":"buy","price":76396.11348746398,"quantity":0.026179342229604188,"notional_usd":2000.0,"fee_usd":1.2,"balance_before_usd":9954.509149067684,"balance_after_usd":9952.70928903769,"decision":"ALLOW_CAPPED","cert_hash":"d5603e658f9e727ca08caeff7e8af58534e7d260ccf59a9091c0ff2b70ad87e2","prev_hash":"957ea29e0300df68ccb5f1b99e9aae673db445cfe5130274903bc597a7067ab3","record_hash":"1e00498a48fa7d01622fb128155fbd6fbc0f83fc032a8ebeb7f5f6cf3e1d10c7","signature_hex":"f52240da2d05aec97266e410ff0333168373dc3ceac4baaaa19c0d7d1bb16c440b298ea779258b1400d45b737007049ee47579cb94fc86b02d938a02e360a108","public_key_hex":"c2f8243b0d573587f285c830a868acd19249d17d59ecbf9329e796dfed6fb630"}
{"seq":80,"ts":1779116400000,"agent_id":"rl-qlearn","symbol":"BTCUSDT","side":"sell","price":76375.68194797201,"quantity":0.02618634556169885,"notional_usd":2000.0,"fee_usd":1.2,"balance_before_usd":9952.721742539634,"balance_after_usd":9950.921602509627,"decision":"ALLOW_CAPPED","cert_hash":"e4cb1b7d26e413ac8fde95f2aa512db1449cf34313a06d87d384e81f33000bf3","prev_hash":"1e00498a48fa7d01622fb128155fbd6fbc0f83fc032a8ebeb7f5f6cf3e1d10c7","record_hash":"738f9a6b061363daff67257a5aecf238fdc619f57849da1a7d4f662137cb36f8","signature_hex":"db6a99b891602b35c332bff160096d534d5367dab63e1bbd06486c699f44669d73c02a54fb59d410a7331f1b8002ca8ae7b11a42a901a118745b86ba0121b00a","public_key_hex":"c2f8243b0d573587f285c830a868acd19249d17d59ecbf9329e796dfed6fb630"}
{"seq":81,"ts":1779120000000,"agent_id":"rl-qlearn","symbol":"BTCUSDT","side":"buy","price":76415.4779615277,"quantity":0.025688390718805576,"notional_usd":1962.99065484,"fee_usd":1.177794392904,"balance_before_usd":9951.269508271349,"balance_after_usd":9949.506584702944,"decision":"ALLOW","cert_hash":"bfd2fdc883cb9b3b294408733a0cb559bb8ef061a679100a5940c316b14a7d96","prev_hash":"738f9a6b061363daff67257a5aecf238fdc619f57849da1a7d4f662137cb36f8","record_hash":"1fae6d644e0987067e8eff14c59e0f4cda323021b3b3521f97c5dbd2847c5e77","signature_hex":"66630c67728cf736d56bddb21bd21cd572c6aa729fffe1db97553bc8ef03102b1726e9e6eb99c9fe351cd3037f2f10c58eacbc8a0852791c4d2c27785107f50c","public_key_hex":"c2f8243b0d573587f285c830a868acd19249d17d59ecbf9329e796dfed6fb630"}
{"seq":82,"ts":1779123600000,"agent_id":"rl-qlearn","symbol":"BTCUSDT","side":"sell","price":76657.09750360201,"quantity":0.02609021297611774,"notional_usd":2000.0,"fee_usd":1.2,"balance_before_usd":9949.504383365296,"balance_after_usd":9947.70424333529,"decision":"ALLOW_CAPPED","cert_hash":"8c8ab6bbf54ff19dc6f971f9fc2c2b756fb30d01513e1cf6fa45ee3ed33ca81f","prev_hash":"1fae6d644e0987067e8eff14c59e0f4cda323021b3b3521f97c5dbd2847c5e77","record_hash":"e9a428f73a249f25fad770c5d4d2243844ef5fc7f8c2bb2138f648792e09a795","signature_hex":"d68c7684630b215c1876eae73a2167c90c8748de3405e7edf19a31de4f2f693cebf04d85943c9562e22f9c605ec1b19128a9ef64cba6b816246a4f1ac378560e","public_key_hex":"c2f8243b0d573587f285c830a868acd19249d17d59ecbf9329e796dfed6fb630"}
{"seq":83,"ts":1779127200000,"agent_id":"rl-qlearn","symbol":"BTCUSDT","side":"buy","price":76244.02676338381,"quantity":0.026090059002829565,"notional_usd":1989.21115687,"fee_usd":1.193526694122,"balance_before_usd":9959.680557010344,"balance_after_usd":9957.891478712694,"decision":"ALLOW","cert_hash":"94bdc3b6df0827c45fea7a186f233dce754d16bb19c47f359b18a3953c047a63","prev_hash":"e9a428f73a249f25fad770c5d4d2243844ef5fc7f8c2bb2138f648792e09a795","record_hash":"22468ba5b01ff6668af9d62ec74d1b400a30546b23a548f841f63284eda0cb84","signature_hex":"b7cb6e1a98d61c6e1adb5fc1ee3dc3059efe05b4ac7fa17f5b213d964892f282c181033f088b36fda9cf3347be000bc954d489bd806a6db935bcd1439b8e1005","public_key_hex":"c2f8243b0d573587f285c830a868acd19249d17d59ecbf9329e796dfed6fb630"}
{"seq":84,"ts":1779130800000,"agent_id":"rl-qlearn","symbol":"BTCUSDT","side":"sell","price":76872.93273792,"quantity":0.026016959790236244,"notional_usd":2000.0,"fee_usd":1.2,"balance_before_usd":9957.88620618715,"balance_after_usd":9956.086066157142,"decision":"ALLOW_CAPPED","cert_hash":"448511eade570f1fa70faa88f288e1c7f93593d5507ff3a3a08b31e397c60e35","prev_hash":"22468ba5b01ff6668af9d62ec74d1b400a30546b23a548f841f63284eda0cb84","record_hash":"1ad52a57aa8397a473af323e76fd9ddc790056407aec8e5aa6b9553d08f11f2f","signature_hex":"078a4634b4c3aeaec9556fbb85e5b1a78407a0fee7c2616bc406c6756a7290496be7c5994db34c930e9ed7a1830ad99d6ac1a0221d9b7e36930bb528247c4f01","public_key_hex":"c2f8243b0d573587f285c830a868acd19249d17d59ecbf9329e796dfed6fb630"}
{"seq":85,"ts":1779134400000,"agent_id":"rl-qlearn","symbol":"BTCUSDT","side":"buy","price":76895.963407458,"quantity":0.026009167599635324,"notional_usd":2000.0,"fee_usd":1.2,"balance_before_usd":9956.687238419318,"balance_after_usd":9954.887378389323,"decision":"ALLOW_CAPPED","cert_hash":"57ccddc669d73d65cba7475aac6bf8e6c2754ab4643bff6a0f23ba76b71ffb16","prev_hash":"1ad52a57aa8397a473af323e76fd9ddc790056407aec8e5aa6b9553d08f11f2f","record_hash":"3c41d08538fa3a590cd42d1838ed3ab5a8bf3c4f18fb7c1bc3a68a06d3780928","signature_hex":"42b0dede2065b00c72a5ec8a1b10b763889f6df21c7cb22b8e6ce21badc7c340ea93acde5ac3d65368667e9f9ccc9230c30a07e08f3812073fbaab5e595ad90b","public_key_hex":"c2f8243b0d573587f285c830a868acd19249d17d59ecbf9329e796dfed6fb630"}
{"seq":86,"ts":1779145200000,"agent_id":"rl-qlearn","symbol":"BTCUSDT","side":"buy","price":76981.98920917799,"quantity":0.025980102885696216,"notional_usd":2000.0,"fee_usd":1.2,"balance_before_usd":9954.886036303022,"balance_after_usd":9953.08617627303,"decision":"ALLOW_CAPPED","cert_hash":"25ddf89ee5563eda3f18db70021200e32547889c821af6baa03082254bd61cf7","prev_hash":"3c41d08538fa3a590cd42d1838ed3ab5a8bf3c4f18fb7c1bc3a68a06d3780928","record_hash":"ca109373a08521cd894fc1c149938253dd67d0d920ec6df1effac5ef624ea594","signature_hex":"5ff5a12f8dfff54b5334ad18a3bc43634b137cf798afa03f2464a2c47ae40d452a4593bb58788621f4edb576654681d8230b307198af225a2c4680e6902beb07","public_key_hex":"c2f8243b0d573587f285c830a868acd19249d17d59ecbf9329e796dfed6fb630"}
{"seq":87,"ts":1779148800000,"agent_id":"rl-qlearn","symbol":"BTCUSDT","side":"sell","price":77078.770972038,"quantity":0.025947481709659638,"notional_usd":2000.0,"fee_usd":1.2,"balance_before_usd":9956.717020982236,"balance_after_usd":9954.91688095223,"decision":"ALLOW_CAPPED","cert_hash":"77e349ef875a525d63d34b3a1d289c6b282b11cbe9eb30ea6c885733ab6ff51f","prev_hash":"ca109373a08521cd894fc1c149938253dd67d0d920ec6df1effac5ef624ea594","record_hash":"fe865095f976063d979e2a1cb30f5a51d5612f047ccc626228f6eb286718809a","signature_hex":"e0c18582cf0b5e0352cb9109c3c7f094aa308e0e3d5556c02cb66331ca887a2c190ff3128d93436824e826239d7845ca90f4db5b4022624a8df90b9694ce4f08","public_key_hex":"c2f8243b0d573587f285c830a868acd19249d17d59ecbf9329e796dfed6fb630"}
{"seq":88,"ts":1779152400000,"agent_id":"rl-qlearn","symbol":"BTCUSDT","side":"buy","price":76651.790172576,"quantity":0.026092019449214996,"notional_usd":2000.0,"fee_usd":1.2,"balance_before_usd":9954.908830909066,"balance_after_usd":9953.108970879071,"decision":"ALLOW_CAPPED","cert_hash":"26283f07d4b808e23ccdd9cd4cc600caa648e91db5eb7ecb6dee55392b34236a","prev_hash":"fe865095f976063d979e2a1cb30f5a51d5612f047ccc626228f6eb286718809a","record_hash":"54b448d1636ba3cc9af2e772375d267ecabbaf0c136a508c30154dd6083b04e1","signature_hex":"35881a170c23f8e89c4256b9ebda0d5df6bf014f727b515d4cdbd5a6947bb5abfb5ff260276487497ecce38d23a5ef49105fda4695f99837db213e3b3466900e","public_key_hex":"c2f8243b0d573587f285c830a868acd19249d17d59ecbf9329e796dfed6fb630"}
{"seq":89,"ts":1779156000000,"agent_id":"rl-qlearn","symbol":"BTCUSDT","side":"buy","price":76602.9755316,"quantity":0.026108646382475925,"notional_usd":2000.0,"fee_usd":1.2,"balance_before_usd":9951.834849972507,"balance_after_usd":9950.034989942513,"decision":"ALLOW_CAPPED","cert_hash":"c0651d88ce52e2f88dbdd923b43b3d7e4d12cbe4190a7c678cdf4ccc79bf3a55","prev_hash":"54b448d1636ba3cc9af2e772375d267ecabbaf0c136a508c30154dd6083b04e1","record_hash":"57c07c1de05e1204b6119483702036eefe3f562f6881ded2865bd9a3d0f45bc9","signature_hex":"5d7bc404ba34023dbfc498de1d91933adc08633e1cd677c24c510ad897e0eea7930ee016c0dc48ae73172920115983d5951d9b2a958614b6560b91f1bd31850c","public_key_hex":"c2f8243b0d573587f285c830a868acd19249d17d59ecbf9329e796dfed6fb630"}
{"seq":90,"ts":1779159600000,"agent_id":"rl-qlearn","symbol":"BTCUSDT","side":"sell","price":76729.77569505601,"quantity":0.026065500412102306,"notional_usd":2000.0,"fee_usd":1.2,"balance_before_usd":9959.058205280324,"balance_after_usd":9957.258065250318,"decision":"ALLOW_CAPPED","cert_hash":"a4969592a507f12968c3e953779febfcbf736a7562b001d37dded5ca08a30c11","prev_hash":"57c07c1de05e1204b6119483702036eefe3f562f6881ded2865bd9a3d0f45bc9","record_hash":"ff04f0e8261a397e074d71e3d9193966a008dc6db86c51e7ccc38f8190b80612","signature_hex":"d9ef79955f6106332ca2f4fc5550d6156ae06d6c0f2df1ea1816a0f639993111549f06de2e59ab836aa775ed7985c5f0e92eede29487827b702be5b1a24b5b0e","public_key_hex":"c2f8243b0d573587f285c830a868acd19249d17d59ecbf9329e796dfed6fb630"}
{"seq":91,"ts":1779163200000,"agent_id":"rl-qlearn","symbol":"BTCUSDT","side":"sell","price":76868.93393784,"quantity":0.026018313218930528,"notional_usd":2000.0,"fee_usd":1.2,"balance_before_usd":9960.8984488373,"balance_after_usd":9959.098308807295,"decision":"ALLOW_CAPPED","cert_hash":"d31a603f432b639b1f654bc76087fcfdb151f587f48a6f9a6be14260ae79ca6a","prev_hash":"ff04f0e8261a397e074d71e3d9193966a008dc6db86c51e7ccc38f8190b80612","record_hash":"ede260d013a8aa8affc8661614713d6922fcd209a52938114892f3bdfd6059d6","signature_hex":"904099a29daa7326c616fb212ef478da71b3c60ef0b76e677d5fbb8278a4b76ce6ee4de0e35bb4c0dc519b21519722b2442e0b1fb6eb3142e7d954ff19248100","public_key_hex":"c2f8243b0d573587f285c830a868acd19249d17d59ecbf9329e796dfed6fb630"}
{"seq":92,"ts":1779166800000,"agent_id":"rl-qlearn","symbol":"BTCUSDT","side":"sell","price":76847.94023742,"quantity":0.02602542103042768,"notional_usd":2000.0,"fee_usd":1.2,"balance_before_usd":9959.095497585131,"balance_after_usd":9957.295357555126,"decision":"ALLOW_CAPPED","cert_hash":"786c6bb8e6c12bd3f0ad8fae84193d03c0f3db0ba603ce48a4d1d68eaccf1f5f","prev_hash":"ede260d013a8aa8affc8661614713d6922fcd209a52938114892f3bdfd6059d6","record_hash":"daa164f20d045c6ddc81f711bf3846761bc6e0b68f7d74b2f8e74ff6ebe6d23e","signature_hex":"d1f708c02440096322121f641a0bfc21fd124495cce79ace7974f60f460d530a189d0bed5b8cc3d7d2c882244e79540e850023a1c43cdd5887efedc93ac2390d","public_key_hex":"c2f8243b0d573587f285c830a868acd19249d17d59ecbf9329e796dfed6fb630"}
{"seq":93,"ts":1779170400000,"agent_id":"rl-qlearn","symbol":"BTCUSDT","side":"buy","price":77011.07229598105,"quantity":0.02588379627346165,"notional_usd":1993.33890611,"fee_usd":1.196003343666,"balance_before_usd":9954.266045818043,"balance_after_usd":9952.472843865642,"decision":"ALLOW","cert_hash":"164717947662d8a912f2849e7a378c0729e8a1e4df85c52aea283805f0c216ca","prev_hash":"daa164f20d045c6ddc81f711bf3846761bc6e0b68f7d74b2f8e74ff6ebe6d23e","record_hash":"438ae358c2f80ae0e7968e8a9d308c7a76f8749f00f534fce7fdf2bc117171f9","signature_hex":"d9240a24fa6c3964d10d0c9e397c28b9a2b04474f4573e7dac8ae46b58d9ddbc8b3d624425a921dee6802d4649ce9f6a1f0a02606b520515e4465d53b6d5f20c","public_key_hex":"c2f8243b0d573587f285c830a868acd19249d17d59ecbf9329e796dfed6fb630"}
{"seq":94,"ts":1779174000000,"agent_id":"rl-qlearn","symbol":"BTCUSDT","side":"sell","price":77171.043283884,"quantity":0.02591645667718567,"notional_usd":2000.0,"fee_usd":1.2,"balance_before_usd":9952.47124436504,"balance_after_usd":9950.671104335033,"decision":"ALLOW_CAPPED","cert_hash":"5e97ff8e0515e1d05f656306fb8bf903f14cf2c28b195ae94d349162419141d3","prev_hash":"438ae358c2f80ae0e7968e8a9d308c7a76f8749f00f534fce7fdf2bc117171f9","record_hash":"db42d37cc50dc93bba54e6e91bb7b4a797553d82a3bc9a0bccefeda739ba3bfa","signature_hex":"5ac6af7492e434c0ed3fdac42a4e4ec057b42b6af00e47086a579b4f50add8ec37e20d3887c0a9f4bbfa8526c85d2385a343b3c50f347bea359e7ba2668aa20e","public_key_hex":"c2f8243b0d573587f285c830a868acd19249d17d59ecbf9329e796dfed6fb630"}
{"seq":95,"ts":1779177600000,"agent_id":"rl-qlearn","symbol":"BTCUSDT","side":"buy","price":77032.39048850199,"quantity":0.02591644291913786,"notional_usd":1996.40555102,"fee_usd":1.1978433306120002,"balance_before_usd":9955.556326105749,"balance_after_usd":9953.7600594479,"decision":"ALLOW","cert_hash":"9fceb109e3def567bf223694ceb028f7862791236e26b7da50665080a2085917","prev_hash":"db42d37cc50dc93bba54e6e91bb7b4a797553d82a3bc9a0bccefeda739ba3bfa","record_hash":"d7fb18edef5165b558ef1a655010a2d1f223183d7ab91ea6abad5523ebcd359c","signature_hex":"7c1f3c89fec5878281d2db65a850341ad0748dd0c2e9e24d6eab1810061bb36f9b1f236629fd7117376143298267bf2b5586206389a71be09bd74f61be18310b","public_key_hex":"c2f8243b0d573587f285c830a868acd19249d17d59ecbf9329e796dfed6fb630"}
{"seq":96,"ts":1779181200000,"agent_id":"rl-qlearn","symbol":"BTCUSDT","side":"sell","price":76757.067505602,"quantity":0.02605623253981183,"notional_usd":2000.0,"fee_usd":1.2,"balance_before_usd":9953.76184051365,"balance_after_usd":9951.961700483644,"decision":"ALLOW_CAPPED","cert_hash":"0d458534c39712bab893dfdefea2099905deacde91a64adc2892e7af1b719f8a","prev_hash":"d7fb18edef5165b558ef1a655010a2d1f223183d7ab91ea6abad5523ebcd359c","record_hash":"915a6fc3d4ed9754ba7dab4abc50a2f51a5713e67d38f0d178d7ff5532192e2c","signature_hex":"28732e2b98edb370b8a30cad1db1f15b1b968604e871764c9f779587898f2912d2e328444e7e4b18d0b7b22b4ef6a7c8feb95b9dca2a807c0daf2a7fc7605503","public_key_hex":"c2f8243b0d573587f285c830a868acd19249d17d59ecbf9329e796dfed6fb630"}
{"seq":97,"ts":1779184800000,"agent_id":"rl-qlearn","symbol":"BTCUSDT","side":"sell","price":76985.299020168,"quantity":0.025978985929197417,"notional_usd":2000.0,"fee_usd":1.2,"balance_before_usd":9946.011288522768,"balance_after_usd":9944.211148492761,"decision":"ALLOW_CAPPED","cert_hash":"b7f4572ed2b127d1e7ceb9c258e82c094e8e1d00fd3ad810592510a9a12418c9","prev_hash":"915a6fc3d4ed9754ba7dab4abc50a2f51a5713e67d38f0d178d7ff5532192e2c","record_hash":"e89d13f676fd8434c2cd72c4e9db7936ed6ffd023a5ae40a40878bef96fb398a","signature_hex":"6e3773c9be440fb8cf9d9c67ab5aee139b44d53146ad7d06e5cbb355052baa8e88517d53b9d11a0af7ea310eebecb84200b52d33c83de2bde4a40d4099ad5809","public_key_hex":"c2f8243b0d573587f285c830a868acd19249d17d59ecbf9329e796dfed6fb630"}
{"seq":98,"ts":1779188400000,"agent_id":"rl-qlearn","symbol":"BTCUSDT","side":"buy","price":76703.105563602,"quantity":0.026074563543474854,"notional_usd":2000.0,"fee_usd":1.2,"balance_before_usd":9961.29686186747,"balance_after_usd":9959.497001837475,"decision":"ALLOW_CAPPED","cert_hash":"172c3c91488cf5d2bbc34837aa42688f8aef69b7bc58b7ae456e9a1a2dfd3d5c","prev_hash":"e89d13f676fd8434c2cd72c4e9db7936ed6ffd023a5ae40a40878bef96fb398a","record_hash":"59300758d20884e78aa189999c8d1f6bd8508360ef57e4aa45c7fbeaaf38df9e","signature_hex":"ef35c12533f344b2aeaf555433cd327a5f7436973526fe57b7a87f40e52f252b43561491a845e4fa8ff392cba32386f62df705191b074766ae3638ab9423c001","public_key_hex":"c2f8243b0d573587f285c830a868acd19249d17d59ecbf9329e796dfed6fb630"}
{"seq":99,"ts":1779192000000,"agent_id":"rl-qlearn","symbol":"BTCUSDT","side":"sell","price":76882.829768118,"quantity":0.026013610659650382,"notional_usd":2000.0,"fee_usd":1.2,"balance_before_usd":9953.633331310237,"balance_after_usd":9951.83319128023,"decision":"ALLOW_CAPPED","cert_hash":"d2b4b41950d8ed1c11268b286616a7253d04a304d8438cea42e74581cede7e16","prev_hash":"59300758d20884e78aa189999c8d1f6bd8508360ef57e4aa45c7fbeaaf38df9e","record_hash":"4a43040df9168f57831833a8f74aef306a78ef731fedcf637c1ac067d5ecb80f","signature_hex":"9daa7c99a7b87cd902f821374015ae8e61b3b5eb1082779776ca42fa3727faa99b404937e55975d62f2b2d546599ec7cab777c7fe56d9ad6342403b48ce2ab06","public_key_hex":"c2f8243b0d573587f285c830a868acd19249d17d59ecbf9329e796dfed6fb630"}
{"seq":100,"ts":1779195600000,"agent_id":"rl-qlearn","symbol":"BTCUSDT","side":"sell","price":76824.7553899626,"quantity":0.012795688428035471,"notional_usd":983.02563353,"fee_usd":0.589815380118,"balance_before_usd":9955.056077535675,"balance_after_usd":9954.221293690443,"decision":"ALLOW","cert_hash":"1a5480102ce19c93853e2078a5cb002724a966d8d010bc84404473f91a4b4e70","prev_hash":"4a43040df9168f57831833a8f74aef306a78ef731fedcf637c1ac067d5ecb80f","record_hash":"a3e930ef2aecbcd35cb93254df8e689a97c6b17d172b049ab8a56b1bac1f5f6c","signature_hex":"0a8413f9c88759bbe6dd41e0d2203daaaa84cf7f3e28b5262787a0fd5bf196d983fde3801cf11b2e6c9a7e1cb094fc0cc07461a0dbf6d674b2594aab5260d204","public_key_hex":"c2f8243b0d573587f285c830a868acd19249d17d59ecbf9329e796dfed6fb630"}
{"seq":101,"ts":1779220800000,"agent_id":"rl-qlearn","symbol":"BTCUSDT","side":"buy","price":77007.49685968799,"quantity":0.025971497341929096,"notional_usd":2000.0,"fee_usd":1.2,"balance_before_usd":9945.617974907977,"balance_after_usd":9943.818114877982,"decision":"ALLOW_CAPPED","cert_hash":"f2a4262f34c0bc1b4e99842a506c69c24b9953b4b0c311e9ff939dd2b74c4c50","prev_hash":"a3e930ef2aecbcd35cb93254df8e689a97c6b17d172b049ab8a56b1bac1f5f6c","record_hash":"b17c16a8a57f4d580e0a3ca8945acf6cfcc021a04d03d89ebe9331226eb35148","signature_hex":"c39f0be888bf22f9c73c50798cf7f421ccb93999abd349dabb36717229ae59e8a17d02baf486490c4dbe4d2a94dc7844a850faf1273354f60554e1cc0589990f","public_key_hex":"c2f8243b0d573587f285c830a868acd19249d17d59ecbf9329e796dfed6fb630"}
{"seq":102,"ts":1779224400000,"agent_id":"rl-qlearn","symbol":"BTCUSDT","side":"buy","price":76968.68521891201,"quantity":0.02598459353062431,"notional_usd":2000.0,"fee_usd":1.2,"balance_before_usd":9945.323796503595,"balance_after_usd":9943.5239364736,"decision":"ALLOW_CAPPED","cert_hash":"5c79f0a97d69e57ab21bdccd5761d9292e932beed3a71649e62352f3222dcf45","prev_hash":"b17c16a8a57f4d580e0a3ca8945acf6cfcc021a04d03d89ebe9331226eb35148","record_hash":"d50f12ef8020495b0c03926b518b238e3c23421923a6359904b99ba95d1cf14c","signature_hex":"877a0f5cd272aa8ac3845b0bf217d6a6363710b407d81732cd151aaa8d5642cb9a5672fb6e70e2aa10a86eca3e051c299c887ff33c86d79b70f6441e9e500102","public_key_hex":"c2f8243b0d573587f285c830a868acd19249d17d59ecbf9329e796dfed6fb630"}
{"seq":103,"ts":1779228000000,"agent_id":"rl-qlearn","symbol":"BTCUSDT","side":"buy","price":76710.40775374799,"quantity":0.0260720814627958,"notional_usd":2000.0,"fee_usd":1.2,"balance_before_usd":9946.834482355267,"balance_after_usd":9945.034622325273,"decision":"ALLOW_CAPPED","cert_hash":"82f7a164fbfcdf6620ee1d2ad04d92fdd5d1907a5ca13ec213dd94182c0eb89d","prev_hash":"d50f12ef8020495b0c03926b518b238e3c23421923a6359904b99ba95d1cf14c","record_hash":"e778f7abc875ee54536dc6c90673c78bc704fb043191c68cc77e604f5cb561d1","signature_hex":"29f19749c3278ad91a9af15c39007fc468f2d75277d9b27a17fc8b9d6cfd95b463518c4ec01bd70a2afe2612e84fea5b02ae48d73f39cc74bda8cae034a69c00","public_key_hex":"c2f8243b0d573587f285c830a868acd19249d17d59ecbf9329e796dfed6fb630"}
{"seq":104,"ts":1779231600000,"agent_id":"rl-qlearn","symbol":"BTCUSDT","side":"sell","price":76780.760396076,"quantity":0.026048192147133425,"notional_usd":2000.0,"fee_usd":1.2,"balance_before_usd":9946.576974417665,"balance_after_usd":9944.77683438766,"decision":"ALLOW_CAPPED","cert_hash":"816b967103a5db6127536df0369552f1e002c59bd6c197f50731299411a025e3","prev_hash":"e778f7abc875ee54536dc6c90673c78bc704fb043191c68cc77e604f5cb561d1","record_hash":"b8c2da043351fbf284ff52ccdfc1399b38a49284bfd320a4ffe116c529a08887","signature_hex":"1b78476281b2c787f8c6603726751a31a884ee94c39d0dfc321a7530adf1d2ccc3934cdcbcdb3b47612ccfee7d9d8f04669b00232fcb4e899b2012cc47d8a609","public_key_hex":"c2f8243b0d573587f285c830a868acd19249d17d59ecbf9329e796dfed6fb630"}
{"seq":105,"ts":1779235200000,"agent_id":"rl-qlearn","symbol":"BTCUSDT","side":"buy","price":76786.130465262,"quantity":0.026046370456247938,"notional_usd":2000.0,"fee_usd":1.2,"balance_before_usd":9945.384153314,"balance_after_usd":9943.584293284006,"decision":"ALLOW_CAPPED","cert_hash":"81a62f25967b67209b24f1a650c4bffa5a357850a06c730495627ae932852589","prev_hash":"b8c2da043351fbf284ff52ccdfc1399b38a49284bfd320a4ffe116c529a08887","record_hash":"d1b6f80923c09cc9773402fe8dc93f941de7563678b0c5a9023bc9b40262e555","signature_hex":"4267316d72c3b116f237d3d9a398a9ae49289ea795456e24ba4fefe1db15ad96045cc9e114163cc5e04ad2258b89b7a992dbdd9b3871a711f87f6768c015ac02","public_key_hex":"c2f8243b0d573587f285c830a868acd19249d17d59ecbf9329e796dfed6fb630"}
{"seq":106,"ts":1779238800000,"agent_id":"rl-qlearn","symbol":"BTCUSDT","side":"buy","price":76809.937605738,"quantity":0.02603829741752833,"notional_usd":2000.0,"fee_usd":1.2,"balance_before_usd":9943.899610578956,"balance_after_usd":9942.099750548963,"decision":"ALLOW_CAPPED","cert_hash":"a21a609abe088d135914e79c5e0b3212d0d6b462067adb6c4d23a44c210e34ae","prev_hash":"d1b6f80923c09cc9773402fe8dc93f941de7563678b0c5a9023bc9b40262e555","record_hash":"dd2b333f542a377453f38c98d32ae7c6265b952d18af6743a36ca8cfb232e428","signature_hex":"b6f78d58c192e8520a52a3e4446ecaacff3c791d5f067c7bfe852e18053c626941559aff62a30eabca7f4597c6d43a0eac5477c52b99375bc876fe0e340f040a","public_key_hex":"c2f8243b0d573587f285c830a868acd19249d17d59ecbf9329e796dfed6fb630"}
{"seq":107,"ts":1779242400000,"agent_id":"rl-qlearn","symbol":"BTCUSDT","side":"buy","price":76682.23388024181,"quantity":0.025518731918218202,"notional_usd":1956.83336928,"fee_usd":1.174100021568,"balance_before_usd":9937.090667833849,"balance_after_usd":9935.333876143737,"decision":"ALLOW","cert_hash":"fbbbba0f0d0764434d5c1c801debcbd661ff5754883513a2bd2761718235972c","prev_hash":"dd2b333f542a377453f38c98d32ae7c6265b952d18af6743a36ca8cfb232e428","record_hash":"3729d081a217e82e39efd4281e1bbbe9be39e479474cf6dfd765fd32c40edce4","signature_hex":"79f3ea2f24a53da432d4a2ea9ffa61af55513d2efcf7002dedd41c96427e90338af0dce783cd8d485871108d5190ff3f44986e981b9bb4f83bb65c1f22e5fc0c","public_key_hex":"c2f8243b0d573587f285c830a868acd19249d17d59ecbf9329e796dfed6fb630"}
{"seq":108,"ts":1779249600000,"agent_id":"rl-qlearn","symbol":"BTCUSDT","side":"sell","price":76729.67572505401,"quantity":0.026065534372471666,"notional_usd":2000.0,"fee_usd":1.2,"balance_before_usd":9941.380243771473,"balance_after_usd":9939.580103741468,"decision":"ALLOW_CAPPED","cert_hash":"ffbb4c07799978b6ed1d4de515c774faf086429277990d579f574bd6cc96ef93","prev_hash":"3729d081a217e82e39efd4281e1bbbe9be39e479474cf6dfd765fd32c40edce4","record_hash":"4b3b367c88718c83f887c3056097c9b43307eec98288ea2bb226c560fc1389aa","signature_hex":"54cadf2bc4db9fdba46ddef416a726d636bb0b5cee651a9a61ae61593f7f3f57ce7e5cad4f2e7ba7740057d97a7c469ae26a20b62d2fd20e1765b0929551e109","public_key_hex":"c2f8243b0d573587f285c830a868acd19249d17d59ecbf9329e796dfed6fb630"}
{"seq":109,"ts":1779253200000,"agent_id":"rl-qlearn","symbol":"BTCUSDT","side":"sell","price":77137.85324322,"quantity":0.025927607729682174,"notional_usd":2000.0,"fee_usd":1.2,"balance_before_usd":9955.397695064737,"balance_after_usd":9953.59755503473,"decision":"ALLOW_CAPPED","cert_hash":"dc3c99ac0c987515bf09980bdc87c81a52a7ebad5087991e57eb372904a4856f","prev_hash":"4b3b367c88718c83f887c3056097c9b43307eec98288ea2bb226c560fc1389aa","record_hash":"bab47ae8d4ab7ee1f057b80581e921531cc97e19d5cc121716582914e56dea31","signature_hex":"e0ac93bf65c16f698f3910605a35fe60151d350ef04705874e50f05b203a8a61d5e74013667d7adb65c0ff15d360762bc1710e13d2acb9de791eadaf5b494c04","public_key_hex":"c2f8243b0d573587f285c830a868acd19249d17d59ecbf9329e796dfed6fb630"}
{"seq":110,"ts":1779256800000,"agent_id":"rl-qlearn","symbol":"BTCUSDT","side":"sell","price":77346.690577398,"quantity":0.02585760276321937,"notional_usd":2000.0,"fee_usd":1.2,"balance_before_usd":9956.274089015442,"balance_after_usd":9954.473948985436,"decision":"ALLOW_CAPPED","cert_hash":"543ba40d6b74f150849cb742fc108881ed63de43128d0b9a2715fd6e40215ce4","prev_hash":"bab47ae8d4ab7ee1f057b80581e921531cc97e19d5cc121716582914e56dea31","record_hash":"972527b800db69c34e9c072977622d71eea1e128d2d307bc5c92f9918605571c","signature_hex":"1432d3b3f0a2a42d9cf3793f2187eb422191c2063ac8818f5e0a66e855e0ab563446cee9b08ba2bb93bc16c0acc9aa5a9754eed551d518256dc15e5984beef0d","public_key_hex":"c2f8243b0d573587f285c830a868acd19249d17d59ecbf9329e796dfed6fb630"}
{"seq":111,"ts":1779260400000,"agent_id":"rl-qlearn","symbol":"BTCUSDT","side":"buy","price":77259.84067366115,"quantity":0.013041824077350274,"notional_usd":1007.60925031,"fee_usd":0.604565550186,"balance_before_usd":9956.161983591497,"balance_after_usd":9955.305180377885,"decision":"ALLOW","cert_hash":"89d76b1bef2ee06ad8284a831900d1cd31605cb31c657c5fc35ec75ce85d3f58","prev_hash":"972527b800db69c34e9c072977622d71eea1e128d2d307bc5c92f9918605571c","record_hash":"7fabfdefffdee9f9cafa6a81288daa4593ecbb2eb11518a5ad1f7855cc12edde","signature_hex":"58aa0935b75ed007ea78a92d97ba77d9a7bd3622268706b30f3cd368f6de14cddf61734efa4224c43b1d917546e71b35c7b98ea4b380f7c7a84317dc7dea6e0b","public_key_hex":"c2f8243b0d573587f285c830a868acd19249d17d59ecbf9329e796dfed6fb630"}
{"seq":112,"ts":1779264000000,"agent_id":"rl-qlearn","symbol":"BTCUSDT","side":"sell","price":77393.37656833201,"quantity":0.02584200468672101,"notional_usd":2000.0,"fee_usd":1.2,"balance_before_usd":9955.304620219209,"balance_after_usd":9953.504480189204,"decision":"ALLOW_CAPPED","cert_hash":"4240e4c7e3c77d78f2f5fa40756d38c817e10d9f00aa02ed0fd0f95576de5cc0","prev_hash":"7fabfdefffdee9f9cafa6a81288daa4593ecbb2eb11518a5ad1f7855cc12edde","record_hash":"2cda40f5e89f507789a76abee1de37b7820d9e6878226b99bb5dc1f23c980969","signature_hex":"67aeb79febbb2e764041e9215ae4bcb748e52d9549315e7b1630151c9ebe5473dbd4959901b580224064c0935ff1c3b9638d3d87b7166bbcf2fcc11cfb77d106","public_key_hex":"c2f8243b0d573587f285c830a868acd19249d17d59ecbf9329e796dfed6fb630"}
{"seq":113,"ts":1779267600000,"agent_id":"rl-qlearn","symbol":"BTCUSDT","side":"buy","price":77469.135318918,"quantity":0.025816733228873397,"notional_usd":2000.0,"fee_usd":1.2,"balance_before_usd":9952.747213769391,"balance_after_usd":9950.947353739397,"decision":"ALLOW_CAPPED","cert_hash":"e58b457251cb0b8bee8610ce7f3d675b3d2ce16ca6a8c037cae58b161ba49001","prev_hash":"2cda40f5e89f507789a76abee1de37b7820d9e6878226b99bb5dc1f23c980969","record_hash":"3dec48322c3c7180a8900ba799b178774f50079b29b688665780e6a6b01d9c79","signature_hex":"f9f77da78a24f75f998d0fff7f4a3945e5fd96abb624a12ad32400d0853117c1e42cdd8bb7ab57d9428782d0e4f034e15c087f06a8d5cd3ebc172dbfd1cb430e","public_key_hex":"c2f8243b0d573587f285c830a868acd19249d17d59ecbf9329e796dfed6fb630"}
{"seq":114,"ts":1779307200000,"agent_id":"rl-qlearn","symbol":"BTCUSDT","side":"buy","price":77703.405583602,"quantity":0.025738897606594306,"notional_usd":2000.0,"fee_usd":1.2,"balance_before_usd":9950.940853475406,"balance_after_usd":9949.140993445413,"decision":"ALLOW_CAPPED","cert_hash":"71cc87adff6d723b15d022cf4ed3a76109eb16f0fda1f4bf80cc20ca6f2fd9dd","prev_hash":"3dec48322c3c7180a8900ba799b178774f50079b29b688665780e6a6b01d9c79","record_hash":"0369b70d832529a36ea687e05ea2032cb0ef51daeef342f845f03bc06319cd77","signature_hex":"63622d760992d05d523ff562c1b806c6a59b20c54e7e50a060dd14df744042ac52f26f38edff23cf67f4247ac32401e12249b9aca59a7f052e76bdf93972030b","public_key_hex":"c2f8243b0d573587f285c830a868acd19249d17d59ecbf9329e796dfed6fb630"}
{"seq":115,"ts":1779310800000,"agent_id":"rl-qlearn","symbol":"BTCUSDT","side":"buy","price":77498.344079502,"quantity":0.02580700302381031,"notional_usd":2000.0,"fee_usd":1.2,"balance_before_usd":9943.87036953579,"balance_after_usd":9942.070509505798,"decision":"ALLOW_CAPPED","cert_hash":"a9b434ef6ab5b64ca2a6322dd3447ed835ab779202a9957064b5f672b4707eb3","prev_hash":"0369b70d832529a36ea687e05ea2032cb0ef51daeef342f845f03bc06319cd77","record_hash":"18df5ef84b7b7ebcf56b19e62e4441e656d3ac6481c12e3b037f59d2a9f1e847","signature_hex":"9058839687f2edd1cdd5a725e2aa68f1b78edfce5cf34e23135f7c92426345b1de5c7729f5a1685f31446e2d4d5332038d05d30e40e1f470cb0aad0071b34a05","public_key_hex":"c2f8243b0d573587f285c830a868acd19249d17d59ecbf9329e796dfed6fb630"}
{"seq":116,"ts":1779314400000,"agent_id":"rl-qlearn","symbol":"BTCUSDT","side":"buy","price":77498.29196055965,"quantity":0.012640561200478432,"notional_usd":979.62190246,"fee_usd":0.587773141476,"balance_before_usd":9942.271427223677,"balance_after_usd":9941.43979287407,"decision":"ALLOW","cert_hash":"673350ab5ab4248d60c1759ee64d03d1ae9cb1fb439cf4fee7d9f012d107777a","prev_hash":"18df5ef84b7b7ebcf56b19e62e4441e656d3ac6481c12e3b037f59d2a9f1e847","record_hash":"b63f3212a07f82ac9ad0850a8a9394b45a6e2a28bde3149b4faf3692c9bf8732","signature_hex":"4f78f61e44c8e38e28751944cc3aee51f75bf18c1f290db1820f7212e48e2b36453e8d4976f7f0b1abbb61964179ece78bbffe0211c4c86a1ba22c617172b209","public_key_hex":"c2f8243b0d573587f285c830a868acd19249d17d59ecbf9329e796dfed6fb630"}
{"seq":117,"ts":1779321600000,"agent_id":"rl-qlearn","symbol":"BTCUSDT","side":"sell","price":77900.52438847799,"quantity":0.025673768125440415,"notional_usd":2000.0,"fee_usd":1.2,"balance_before_usd":9969.483710028047,"balance_after_usd":9967.683569998042,"decision":"ALLOW_CAPPED","cert_hash":"d8ba2885fe4679033ac8539da903aae0200a3f5d6016a75a7f91bdb2709385a1","prev_hash":"b63f3212a07f82ac9ad0850a8a9394b45a6e2a28bde3149b4faf3692c9bf8732","record_hash":"a65394309c121f6c02a34617fb75a1a8ca59584d138f2e4953308576cfe1a9a2","signature_hex":"e285d14bb2057f129ac1df0c941283ef4029aa1f9066b1fe4425692317350ce4f9f044ba2060b5d50fa0da1d5cca1872a5f8203dbf5cc9638beb545813037406","public_key_hex":"c2f8243b0d573587f285c830a868acd19249d17d59ecbf9329e796dfed6fb630"}
{"seq":118,"ts":1779325200000,"agent_id":"rl-qlearn","symbol":"BTCUSDT","side":"sell","price":77793.056636328,"quantity":0.02570923532867116,"notional_usd":2000.0,"fee_usd":1.2,"balance_before_usd":9963.54652315993,"balance_after_usd":9961.746383129925,"decision":"ALLOW_CAPPED","cert_hash":"d11140b9de38d8fa3c89a9967d2084a27bf878834187b7ad150a6331bc60af2a","prev_hash":"a65394309c121f6c02a34617fb75a1a8ca59584d138f2e4953308576cfe1a9a2","record_hash":"4c2e1467be5626ddde699cb9698f2f0e4de1ee1a6ec028b3285cb7571bd81193","signature_hex":"68616b597708a6011d726276341783a7d9bb9f2df758b470fa0f8a7f5f971eade6d69c05b9447690be14d3451adaf22e59ac5f88f63f5dcc044dc6b3a97cd80f","public_key_hex":"c2f8243b0d573587f285c830a868acd19249d17d59ecbf9329e796dfed6fb630"}
{"seq":119,"ts":1779328800000,"agent_id":"rl-qlearn","symbol":"BTCUSDT","side":"sell","price":77886.82849820399,"quantity":0.02567828268994312,"notional_usd":2000.0,"fee_usd":1.2,"balance_before_usd":9962.944670748326,"balance_after_usd":9961.144530718318,"decision":"ALLOW_CAPPED","cert_hash":"2f0b0085d2ceef67ceb388a27ceaa76d8ebc53de7a5bf40be2878b61f95f9bb6","prev_hash":"4c2e1467be5626ddde699cb9698f2f0e4de1ee1a6ec028b3285cb7571bd81193","record_hash":"866656cac64a507431c28e258d1363f357f022c014ac897416a83974808ba188","signature_hex":"aee50bbe52f16737ab9631c1abb76672d11b5fa6107da8d6b2c853676acb15c50fcb5bc817406c428aeaab80aa2b0e0fe837f0969ef799745efd381b474a9f02","public_key_hex":"c2f8243b0d573587f285c830a868acd19249d17d59ecbf9329e796dfed6fb630"}
{"seq":120,"ts":1779332400000,"agent_id":"rl-qlearn","symbol":"BTCUSDT","side":"buy","price":78048.93521520002,"quantity":0.012900131745345293,"notional_usd":1006.84154686,"fee_usd":0.604104928116,"balance_before_usd":9959.606450041223,"balance_after_usd":9958.750338263353,"decision":"ALLOW","cert_hash":"071c77567557c73742cb22472adaeaf2ebdb21246bdf294c303f59291e754367","prev_hash":"866656cac64a507431c28e258d1363f357f022c014ac897416a83974808ba188","record_hash":"31a305c27550a101ebfadb3038f39b7b5f34919fa50b92921ba2a95754da0548","signature_hex":"14196679c2642c45f3d954f77998c8c4d6da85a21474294a8ce27a1e6058d1635d1770d13ad6dbf837d5d383200831430b382f5265ee2e13931cfaedd433f001","public_key_hex":"c2f8243b0d573587f285c830a868acd19249d17d59ecbf9329e796dfed6fb630"}
{"seq":121,"ts":1779343200000,"agent_id":"rl-qlearn","symbol":"BTCUSDT","side":"sell","price":77564.625181758,"quantity":0.02578495023102837,"notional_usd":2000.0,"fee_usd":1.2,"balance_before_usd":9958.751764149272,"balance_after_usd":9956.951624119267,"decision":"ALLOW_CAPPED","cert_hash":"4c57e396b1d72d01c4f05977571168e331ad4a94c2bd2a8ed5ae785cdafe61ae","prev_hash":"31a305c27550a101ebfadb3038f39b7b5f34919fa50b92921ba2a95754da0548","record_hash":"64b69a063ec5af46496b9d446012be1cf8f51bcd0d97d39f46a1ca72dfce2dc2","signature_hex":"5c4d648d4b73bcf958bde7b01adc764dbb185d6fbeda7c82c1cf5cc24ef9bbfd386b52ade6ec21d6afecf2d3ea21d878ae21a3e9c644109e49d3a1744865f60b","public_key_hex":"c2f8243b0d573587f285c830a868acd19249d17d59ecbf9329e796dfed6fb630"}
{"seq":122,"ts":1779346800000,"agent_id":"rl-qlearn","symbol":"BTCUSDT","side":"buy","price":77876.85760707001,"quantity":0.02568157038501809,"notional_usd":2000.0,"fee_usd":1.2,"balance_before_usd":9950.102283545606,"balance_after_usd":9948.30242351561,"decision":"ALLOW_CAPPED","cert_hash":"05393c9ac3870d6005d110e1579b38c6245056ad60e0ada810f75909c14aca4c","prev_hash":"64b69a063ec5af46496b9d446012be1cf8f51bcd0d97d39f46a1ca72dfce2dc2","record_hash":"25df6a53c3e094f42f9527722d21cb1636436813e97cd49fe474f8a610f2b6c7","signature_hex":"cd0d5f0515063e12b2fd3d30fc3c1c41ce372133fea267e69bd295b1a14219cd393eab2055e1c6cdd816d6bbbecd4d8a4c784ae38512b9f501522554f95be803","public_key_hex":"c2f8243b0d573587f285c830a868acd19249d17d59ecbf9329e796dfed6fb630"}
{"seq":123,"ts":1779354000000,"agent_id":"rl-qlearn","symbol":"BTCUSDT","side":"buy","price":77626.78260207,"quantity":0.025764303671483968,"notional_usd":2000.0,"fee_usd":1.2,"balance_before_usd":9948.329001152719,"balance_after_usd":9946.529141122724,"decision":"ALLOW_CAPPED","cert_hash":"f146a0d006be0a381c4e331245caea507f86bb183266649837e98954e7a77e64","prev_hash":"25df6a53c3e094f42f9527722d21cb1636436813e97cd49fe474f8a610f2b6c7","record_hash":"852c3013e77f11965a3191ad6aaf844b4033d39a29485e7c71af44107e30b62b","signature_hex":"8d4ab6b7bcd4a62deb7f822742be160d6d4f6caffd5768b0bc4700b99012973b55e9dcb122b80813971e474c83129cf27a114b1aa1d0a5444931c49144f9b90f","public_key_hex":"c2f8243b0d573587f285c830a868acd19249d17d59ecbf9329e796dfed6fb630"}
{"seq":124,"ts":1779357600000,"agent_id":"rl-qlearn","symbol":"BTCUSDT","side":"buy","price":77203.65569361,"quantity":0.025905509033629044,"notional_usd":2000.0,"fee_usd":1.2,"balance_before_usd":9935.675936482136,"balance_after_usd":9933.876076452143,"decision":"ALLOW_CAPPED","cert_hash":"30aa96d5df72072a8b9045c9e30bcf5bff1da85f3ead980f07727ed4d96e3e8f","prev_hash":"852c3013e77f11965a3191ad6aaf844b4033d39a29485e7c71af44107e30b62b","record_hash":"84a8757c3805a30f54ccc65bb6a19e0a69d4c777634a6199a3c4f3e0230a418a","signature_hex":"148b98fbf1fb63710db1ac8610211542c754ac3a801ebffae55be41147011889c9b6966c23b33f631411e4de8bfebd8a8a268d0a69180dcfc551369b4d2b1603","public_key_hex":"c2f8243b0d573587f285c830a868acd19249d17d59ecbf9329e796dfed6fb630"}
{"seq":125,"ts":1779361200000,"agent_id":"rl-qlearn","symbol":"BTCUSDT","side":"buy","price":77179.1440421462,"quantity":0.01279873397663729,"notional_usd":987.79533314,"fee_usd":0.592677199884,"balance_before_usd":9932.813874465823,"balance_after_usd":9931.974897889873,"decision":"ALLOW","cert_hash":"279addc7d31c94a6475d3c264cefddca503e456ca8f5c070f88ffa77ef5292a8","prev_hash":"84a8757c3805a30f54ccc65bb6a19e0a69d4c777634a6199a3c4f3e0230a418a","record_hash":"9df606325682d8a4691c8be7398e1889528c0b1da3c1fdfea497f847b8f2f626","signature_hex":"3c6f78116351b11671540a3e3ddc7bade43659813cd5a4fa758f26511e4bdd4afa118dff0116c37989908d43f6794e9402e301e7c1d28dc6fa03fd16cfd58101","public_key_hex":"c2f8243b0d573587f285c830a868acd19249d17d59ecbf9329e796dfed6fb630"}
{"seq":126,"ts":1779375600000,"agent_id":"rl-qlearn","symbol":"BTCUSDT","side":"sell","price":77206.83254460001,"quantity":0.0259044430924512,"notional_usd":2000.0,"fee_usd":1.2,"balance_before_usd":9936.486669687318,"balance_after_usd":9934.686529657312,"decision":"ALLOW_CAPPED","cert_hash":"7be0d183e0db81a2188d7e3eed61eb09909d380abb57f6b8920824adb9614090","prev_hash":"9df606325682d8a4691c8be7398e1889528c0b1da3c1fdfea497f847b8f2f626","record_hash":"38e5ad863130eec6813e565a623b305c498ade86d1f9938c37337f753aeaef67","signature_hex":"c562de2cac07d65958321b36394951d5cdb1947ccd4c15642126088d830cce80629751926f2c56611e5c6142cfea44a83f460492ffab949e1f2038488bcf710f","public_key_hex":"c2f8243b0d573587f285c830a868acd19249d17d59ecbf9329e796dfed6fb630"}
{"seq":127,"ts":1779379200000,"agent_id":"rl-qlearn","symbol":"BTCUSDT","side":"buy","price":77193.04586938866,"quantity":0.025886765217699857,"notional_usd":1998.27825486,"fee_usd":1.198966952916,"balance_before_usd":9932.078458164262,"balance_after_usd":9930.280319524722,"decision":"ALLOW","cert_hash":"af4a493a27d2a4d7738b3e41a7b27cb7d912d177c2e80623114ea3ff19cdb3c5","prev_hash":"38e5ad863130eec6813e565a623b305c498ade86d1f9938c37337f753aeaef67","record_hash":"0eae9e37ea7876387bb33f8ff2e02f9a22a1f125c964684794c95069cde1e4f1","signature_hex":"13c9a2c55f5e4a3d7b3a8bf828fefc40a51a8dc41213943106f417a9f0c20b073328a9ec6ebefde782f1cd582deac0b4032110b98a350df33e31b287c281450a","public_key_hex":"c2f8243b0d573587f285c830a868acd19249d17d59ecbf9329e796dfed6fb630"}
{"seq":128,"ts":1779390000000,"agent_id":"rl-qlearn","symbol":"BTCUSDT","side":"sell","price":77632.90469312399,"quantity":0.025762271911708358,"notional_usd":2000.0,"fee_usd":1.2,"balance_before_usd":9961.570932832674,"balance_after_usd":9959.770792802667,"decision":"ALLOW_CAPPED","cert_hash":"e98b3516e87d5e8b2e8758352e0fc3563c7247bff886e4741660315f8e7e4b6d","prev_hash":"0eae9e37ea7876387bb33f8ff2e02f9a22a1f125c964684794c95069cde1e4f1","record_hash":"4ca81bef7b8a8f657d0527fbf24ed75241b721d2863322e028db253908ce118a","signature_hex":"d3481638ef5e102e686f8ef472a60ad0e80da4e54495240ac719df2156992bcaa3db247eb040379872721b35a3329fc8cedbe1216c79ddd2e9d15d8aea6acf0b","public_key_hex":"c2f8243b0d573587f285c830a868acd19249d17d59ecbf9329e796dfed6fb630"}
{"seq":129,"ts":1779393600000,"agent_id":"rl-qlearn","symbol":"BTCUSDT","side":"sell","price":77651.19920349,"quantity":0.025756202357659286,"notional_usd":2000.0,"fee_usd":1.2,"balance_before_usd":9960.476843172262,"balance_after_usd":9958.676703142257,"decision":"ALLOW_CAPPED","cert_hash":"e207be3762fd0a9311615f84f5dd53cf8d2492b713e6b45c0e43996c95b3eb66","prev_hash":"4ca81bef7b8a8f657d0527fbf24ed75241b721d2863322e028db253908ce118a","record_hash":"8d95f104e619231fce1ff35001029ed4134a7b622a207937f02244a0d666f8e8","signature_hex":"4ab732d6517908de941c70a5ddaa0d165423ed75031409c1d84106bcbfe7df81e08a7e12a7906fc6188b1d8bcd171d71d19489a341a5a57b4462fe6540072509","public_key_hex":"c2f8243b0d573587f285c830a868acd19249d17d59ecbf9329e796dfed6fb630"}
{"seq":130,"ts":1779397200000,"agent_id":"rl-qlearn","symbol":"BTCUSDT","side":"sell","price":77616.609582798,"quantity":0.025767680535781295,"notional_usd":2000.0,"fee_usd":1.2,"balance_before_usd":9958.23293097946,"balance_after_usd":9956.432790949453,"decision":"ALLOW_CAPPED","cert_hash":"b67733cb69f8ba8b91bb0d64be1593b0b960ab8a708ff946a85e5b6da7eadf3e","prev_hash":"8d95f104e619231fce1ff35001029ed4134a7b622a207937f02244a0d666f8e8","record_hash":"4e476eeed0c28cb7fd78fb3fab98bf04b433a3e980e8667654676f86d220a1f7","signature_hex":"17e0f3978c24b77e5e78ba06199892bb454eb6e6f8d274d8d845cc36bb86748b8a6557cca7e768a2e735ecbe8fe316ba58b13d11c927cdf708e5d88b5d109600","public_key_hex":"c2f8243b0d573587f285c830a868acd19249d17d59ecbf9329e796dfed6fb630"}
{"seq":131,"ts":1779400800000,"agent_id":"rl-qlearn","symbol":"BTCUSDT","side":"buy","price":77614.41631286281,"quantity":0.012938657890848203,"notional_usd":1004.22638007,"fee_usd":0.602535828042,"balance_before_usd":9957.013882056677,"balance_after_usd":9956.160125199001,"decision":"ALLOW","cert_hash":"e5af66460fd8055d88b48b0eb06739df6a6061fb3dc63feb7342712d1b49cb42","prev_hash":"4e476eeed0c28cb7fd78fb3fab98bf04b433a3e980e8667654676f86d220a1f7","record_hash":"731fd2581fa05f99d381df8a79efea2ca18b3befa696151126bf6b723a03451f","signature_hex":"7526a7e081bb72def89c0783f5a012007b16721c5a0f37a21727a459276b2c5fcc9f3e9445113fc4ff4df96364ff817a4f8d1c095fc2ce469b0f5e10ee3cc80f","public_key_hex":"c2f8243b0d573587f285c830a868acd19249d17d59ecbf9329e796dfed6fb630"}
