{"seq":0,"ts":1778468400000,"agent_id":"rl-qlearn","symbol":"BTCUSDT","side":"sell","price":80691.886784322,"quantity":0.024785639296621195,"notional_usd":2000.0,"fee_usd":1.2,"balance_before_usd":10000.0,"balance_after_usd":9998.199859969993,"decision":"ALLOW_CAPPED","cert_hash":"8f4452d769809022483cad9ee0781a2875c9369887862393ee6bb72a2bb92e85","prev_hash":"0000000000000000000000000000000000000000000000000000000000000000","record_hash":"ae6c8b50a528b91c654edfb29cb0b66023273f5d3072ee219db15fbc2359ec38","signature_hex":"daa0fc92ebfa0388b1931da0c5b8ca2d2a137c3643f692a3377e674b104c790cf869456986acf7e31de40088752c3fd13c189306938a5abc96007b56318c3d08","public_key_hex":"c2f8243b0d573587f285c830a868acd19249d17d59ecbf9329e796dfed6fb630"}
{"seq":1,"ts":1778472000000,"agent_id":"rl-qlearn","symbol":"BTCUSDT","side":"buy","price":80824.34164600201,"quantity":0.02474502061222704,"notional_usd":2000.0,"fee_usd":1.2,"balance_before_usd":9996.117866269076,"balance_after_usd":9994.318006239082,"decision":"ALLOW_CAPPED","cert_hash":"32202135d5728f17cada1365c00ea067b399b188d5d76889f7b611517a3dd22e","prev_hash":"ae6c8b50a528b91c654edfb29cb0b66023273f5d3072ee219db15fbc2359ec38","record_hash":"db3e9cb5b363a50726b9a382fe0d7b57d23e0a514de49560833388cae61d1e02","signature_hex":"92eae06ca6e409be2bafb999f5b36d2d4c60f78e0fa7f4cf23e9f4e9ae93802f5e222c0d4a4f568f2faffb2d438a2f28f7cf169934f8b1944d83e8c281df9e0d","public_key_hex":"c2f8243b0d573587f285c830a868acd19249d17d59ecbf9329e796dfed6fb630"}
{"seq":2,"ts":1778475600000,"agent_id":"rl-qlearn","symbol":"BTCUSDT","side":"buy","price":80837.845696272,"quantity":0.02474088692955154,"notional_usd":2000.0,"fee_usd":1.2,"balance_before_usd":9994.317457886844,"balance_after_usd":9992.51759785685,"decision":"ALLOW_CAPPED","cert_hash":"441749abd99c6b34ecc03535188303b4b60878e4a436922b8339f0e6e5fdccfd","prev_hash":"db3e9cb5b363a50726b9a382fe0d7b57d23e0a514de49560833388cae61d1e02","record_hash":"b975e670fd20c28f8aff0fe927d2769e8ea39e9f3788c5197181ab1f80ee1de3","signature_hex":"7a17af22a9b4ac40c5f88c9e804f5cc3c9368404497113017b3f44f94f1ca55ab5b6d449127af534efc101190ce5753f815f092b8a4ebc399201cba7403b280a","public_key_hex":"c2f8243b0d573587f285c830a868acd19249d17d59ecbf9329e796dfed6fb630"}
{"seq":3,"ts":1778479200000,"agent_id":"rl-qlearn","symbol":"BTCUSDT","side":"sell","price":80769.88101362342,"quantity":0.024707674662704987,"notional_usd":1995.63594263,"fee_usd":1.197381565578,"balance_before_usd":9992.03594262607,"balance_after_usd":9990.240166224437,"decision":"ALLOW","cert_hash":"33e8ed2a9001fdc88293c46c504ea3e28fc1ff50c075f316d63a773bf54ef002","prev_hash":"b975e670fd20c28f8aff0fe927d2769e8ea39e9f3788c5197181ab1f80ee1de3","record_hash":"78a695d38fe27ac08d92873cb4bfbc85b691702f082c19046966d5208898212f","signature_hex":"fd819a383a21639331ad6691d7f568467dbeb92d033c1ff292bf59dec473551825b6fa45d10171876711f0d2f4ee77cfcbbb0780b1f95a41dc018fb302f7e203","public_key_hex":"c2f8243b0d573587f285c830a868acd19249d17d59ecbf9329e796dfed6fb630"}
{"seq":4,"ts":1778490000000,"agent_id":"rl-qlearn","symbol":"BTCUSDT","side":"sell","price":80901.323938512,"quantity":0.0247214742928073,"notional_usd":2000.0,"fee_usd":1.2,"balance_before_usd":9990.239252065725,"balance_after_usd":9988.439112035718,"decision":"ALLOW_CAPPED","cert_hash":"9c91c9a4b4401d94e66f7475bceea235f829763bec32bda472abac70389eebf3","prev_hash":"78a695d38fe27ac08d92873cb4bfbc85b691702f082c19046966d5208898212f","record_hash":"fb9f8209021922612c4e84992a9154696b5390b30178ce739d7db8ee873c7e76","signature_hex":"c220a1df7e7e9694e6512ad643b7c60dcac60c80f2816d4331b4ed3b9a0bb3295e487101faaba262e408627704f780c255bcca17932eff229d579d5eb328560d","public_key_hex":"c2f8243b0d573587f285c830a868acd19249d17d59ecbf9329e796dfed6fb630"}
{"seq":5,"ts":1778493600000,"agent_id":"rl-qlearn","symbol":"BTCUSDT","side":"sell","price":80876.831288022,"quantity":0.024728960916847932,"notional_usd":2000.0,"fee_usd":1.2,"balance_before_usd":9989.044969613122,"balance_after_usd":9987.244829583115,"decision":"ALLOW_CAPPED","cert_hash":"6fbca2bd050899bd78496522473f7e80505bad04c704527236321d5c6ed06f97","prev_hash":"fb9f8209021922612c4e84992a9154696b5390b30178ce739d7db8ee873c7e76","record_hash":"4aa31a0fd884c5a02e1fd8f976840aca7b4bbf223c0599c5c3e64927573347f1","signature_hex":"b75619690d88399f16ebd4b5c3ba85e1c4f01611af451181033bde97851cbe83c5daf41e54f097ded47d1379d1188439caea74a1e4721ce93643c1966a39cb02","public_key_hex":"c2f8243b0d573587f285c830a868acd19249d17d59ecbf9329e796dfed6fb630"}
{"seq":6,"ts":1778497200000,"agent_id":"rl-qlearn","symbol":"BTCUSDT","side":"buy","price":81183.84947318998,"quantity":0.024635441814821513,"notional_usd":2000.0,"fee_usd":1.2,"balance_before_usd":9974.464923306647,"balance_after_usd":9972.665063276652,"decision":"ALLOW_CAPPED","cert_hash":"230b2771d45a6a3d3f7bec0ffa98d98335a6cee03a49405c43641d733919b81c","prev_hash":"4aa31a0fd884c5a02e1fd8f976840aca7b4bbf223c0599c5c3e64927573347f1","record_hash":"909c50d02dfe914c52b07c4f81d88a71e418aa2f0711c5a2d5e33b1bb0ee8ca1","signature_hex":"f5d5240ac9a66cb77ee5f919f178a629e590d9c3a4d9455ea21048b811d42992ea7f61fb9ef31cffc860136e44d00c92bb8c21e85d29aa2e6c1892a8a6d6ad0d","public_key_hex":"c2f8243b0d573587f285c830a868acd19249d17d59ecbf9329e796dfed6fb630"}
{"seq":7,"ts":1778500800000,"agent_id":"rl-qlearn","symbol":"BTCUSDT","side":"buy","price":81041.80687035,"quantity":0.02467862054457378,"notional_usd":2000.0,"fee_usd":1.2,"balance_before_usd":9976.18984405001,"balance_after_usd":9974.389984020016,"decision":"ALLOW_CAPPED","cert_hash":"f9d4bde96ef14183e0d2f91ff986d6fa79459ecabcf8e75044ceb12807be2b8d","prev_hash":"909c50d02dfe914c52b07c4f81d88a71e418aa2f0711c5a2d5e33b1bb0ee8ca1","record_hash":"68532877b3cd0c52c19c5cb38cd951a1def88c0f384f9048b40073c433c64653","signature_hex":"8460862e36852ce57c5f1b7ebe8690147bf8a878f438b285009f22cde39509f32a3fc364d4025ce02ceb5bdeb40a7e383522cbd3b5ce8b531b3522cb6b40da0f","public_key_hex":"c2f8243b0d573587f285c830a868acd19249d17d59ecbf9329e796dfed6fb630"}
{"seq":8,"ts":1778518800000,"agent_id":"rl-qlearn","symbol":"BTCUSDT","side":"buy","price":81913.16821777199,"quantity":0.024416098699574867,"notional_usd":2000.0,"fee_usd":1.2,"balance_before_usd":9974.264796504258,"balance_after_usd":9972.464936474265,"decision":"ALLOW_CAPPED","cert_hash":"7c061ff164ba9cbfe08452fb0001e6e91d00203473f018a4eb0bd6356034f23c","prev_hash":"68532877b3cd0c52c19c5cb38cd951a1def88c0f384f9048b40073c433c64653","record_hash":"2633b47bb3922fe341a37f09b1d4fe0e74f3ce9ab49e6f77eebbb3487b7da8c9","signature_hex":"2b8faf562b30ea026429a6b10a09908475894615b52a2270ff151345ba0c13f6c46bb4874b38d98f2352965a5c11f6f7384d72af89fb5e7f60d7e481353bf407","public_key_hex":"c2f8243b0d573587f285c830a868acd19249d17d59ecbf9329e796dfed6fb630"}
{"seq":9,"ts":1778522400000,"agent_id":"rl-qlearn","symbol":"BTCUSDT","side":"sell","price":81785.01724829803,"quantity":0.024279585471278033,"notional_usd":1985.70631655,"fee_usd":1.19142378993,"balance_before_usd":9970.544996007213,"balance_after_usd":9968.759141154762,"decision":"ALLOW","cert_hash":"de54ccad5905d5f650257a54002e2504125477feeac8869019c12d3f76e356a9","prev_hash":"2633b47bb3922fe341a37f09b1d4fe0e74f3ce9ab49e6f77eebbb3487b7da8c9","record_hash":"5bca91c48916176a8320179b0f49712bf483e816cd426c2fb8406a6f55f15133","signature_hex":"caafc63615e3b4b206369ef5cc7aecbd2df12cb3ac832a0548df65450349065201939a5d25354a3b827594657f0fe27d12a4a0cd250ccea95f103c4d0a934e0b","public_key_hex":"c2f8243b0d573587f285c830a868acd19249d17d59ecbf9329e796dfed6fb630"}
{"seq":10,"ts":1778526000000,"agent_id":"rl-qlearn","symbol":"BTCUSDT","side":"buy","price":81940.47640831799,"quantity":0.02440796157974223,"notional_usd":2000.0,"fee_usd":1.2,"balance_before_usd":9968.758368048158,"balance_after_usd":9966.958508018164,"decision":"ALLOW_CAPPED","cert_hash":"259eaa6c50488082a8319aade0b52b21ced5a538eda9304e0b22fd1100ebd2cf","prev_hash":"5bca91c48916176a8320179b0f49712bf483e816cd426c2fb8406a6f55f15133","record_hash":"96a6af571e381e118b82af68a44190eb0955a42233e65907e0b03b9f35b48371","signature_hex":"ff82237c42ab88b76d7adfcd243f27c89bd17650c4b5d62cb486eff19f1eb39bb4a9b3898a9de3cccf45d3f17180a4b8ffb65b7a964c23326bd1545c54415e02","public_key_hex":"c2f8243b0d573587f285c830a868acd19249d17d59ecbf9329e796dfed6fb630"}
{"seq":11,"ts":1778529600000,"agent_id":"rl-qlearn","symbol":"BTCUSDT","side":"buy","price":81795.73299542398,"quantity":0.024451153217392024,"notional_usd":2000.0,"fee_usd":1.2,"balance_before_usd":9963.427727373493,"balance_after_usd":9961.6278673435,"decision":"ALLOW_CAPPED","cert_hash":"56cf89f8a0308e116f00e6c39bb0fabb41c11a4f95ed4c7a82170ae52427d0de","prev_hash":"96a6af571e381e118b82af68a44190eb0955a42233e65907e0b03b9f35b48371","record_hash":"0c3702cf4136e985a976c7a0863594e64a9e2bee5cfa1519832949e5b807e98b","signature_hex":"93706851e63070285333bbd9b1964e265385e5e8e3b28b87fb622f40a34b76ff32e8989f22757afac507f2456d6678064fed8c571643886b67ecc4a0ec692905","public_key_hex":"c2f8243b0d573587f285c830a868acd19249d17d59ecbf9329e796dfed6fb630"}
{"seq":12,"ts":1778533200000,"agent_id":"rl-qlearn","symbol":"BTCUSDT","side":"sell","price":81752.06865553201,"quantity":0.024464212745822226,"notional_usd":2000.0,"fee_usd":1.2,"balance_before_usd":9961.891667326792,"balance_after_usd":9960.091527296787,"decision":"ALLOW_CAPPED","cert_hash":"5d6468f74d5018eb3b57fcd5d59e3d8b3a7886f6194f96c75649b88385016647","prev_hash":"0c3702cf4136e985a976c7a0863594e64a9e2bee5cfa1519832949e5b807e98b","record_hash":"e4f558ce73b3225383a6fdb2c8637f662e786c6ee22f89bf13d7479e6dec72a5","signature_hex":"8d4ea044f5775008f12f221b3f791eb2cb4214bcfe86af91ef10b16271081a5da91713c0910b0fe3bb170ea53ebd32fb0d51e985cc2aae6beaea10597429530b","public_key_hex":"c2f8243b0d573587f285c830a868acd19249d17d59ecbf9329e796dfed6fb630"}
{"seq":13,"ts":1778536800000,"agent_id":"rl-qlearn","symbol":"BTCUSDT","side":"buy","price":81806.03608563,"quantity":0.024448073708234826,"notional_usd":2000.0,"fee_usd":1.2,"balance_before_usd":9960.211026713245,"balance_after_usd":9958.41116668325,"decision":"ALLOW_CAPPED","cert_hash":"9853c85e1b53dc6f35590d3221a234ba848cf2566caf490aadea15f583175559","prev_hash":"e4f558ce73b3225383a6fdb2c8637f662e786c6ee22f89bf13d7479e6dec72a5","record_hash":"7784ae46e4f1b3fef5d21942324ebbe3d55c86c2605896ef64eb5d30e5f529a3","signature_hex":"0a70fbb7411d608360e72cc8008c43949105d5be0941aeedbc7c7c6b8418f6a7e6b5e97b999d4e5e36a16e268633c3e66560cc5ce5404f01054007e782498e03","public_key_hex":"c2f8243b0d573587f285c830a868acd19249d17d59ecbf9329e796dfed6fb630"}
{"seq":14,"ts":1778540400000,"agent_id":"rl-qlearn","symbol":"BTCUSDT","side":"sell","price":81664.794843786,"quantity":0.02449035724421688,"notional_usd":2000.0,"fee_usd":1.2,"balance_before_usd":9953.908514247063,"balance_after_usd":9952.108374217058,"decision":"ALLOW_CAPPED","cert_hash":"52dde82b3d931d4d51432d1ad11097faf4c2aab91e305ce7c9ef5fcda0a8bc79","prev_hash":"7784ae46e4f1b3fef5d21942324ebbe3d55c86c2605896ef64eb5d30e5f529a3","record_hash":"2c2689d502a72ded6b135f143ec779a48b50d62516834610ce3c4368bb8f27c6","signature_hex":"f26036c45dd439270b9eb3f2ec6a993751c91218ea6d54b578165ecaa3db8f51a694438838fa8833d75b61e77bc344fcba333f4ac7b0db95bf0bf001e8cf6800","public_key_hex":"c2f8243b0d573587f285c830a868acd19249d17d59ecbf9329e796dfed6fb630"}
{"seq":15,"ts":1778544000000,"agent_id":"rl-qlearn","symbol":"BTCUSDT","side":"buy","price":81528.45283008,"quantity":0.024531313064021475,"notional_usd":2000.0,"fee_usd":1.2,"balance_before_usd":9947.795604764106,"balance_after_usd":9945.995744734113,"decision":"ALLOW_CAPPED","cert_hash":"7cf9e6c1e71a2ee21f0a6d6c70223b0916cd176bac78222b39d978ad434999d7","prev_hash":"2c2689d502a72ded6b135f143ec779a48b50d62516834610ce3c4368bb8f27c6","record_hash":"b46fb3cd1f1e44d3bd46440a013cadb78b5cb77c43f2697db22308197341a306","signature_hex":"ce514d177e850f779da1415b01413e2a40f31391fd096df9b3ca47b1f6bf88095dc56308cbbcb8cfc62d796c87634d829f8f479f543e6074971f4bfab805db01","public_key_hex":"c2f8243b0d573587f285c830a868acd19249d17d59ecbf9329e796dfed6fb630"}
{"seq":16,"ts":1778547600000,"agent_id":"rl-qlearn","symbol":"BTCUSDT","side":"sell","price":81133.45428315601,"quantity":0.024650743859863204,"notional_usd":2000.0,"fee_usd":1.2,"balance_before_usd":9929.07464312422,"balance_after_usd":9927.274503094213,"decision":"ALLOW_CAPPED","cert_hash":"589b030117ec31b060ede20b4d8e1a71e9ea10c40760b0cb96c2f3852bf17240","prev_hash":"b46fb3cd1f1e44d3bd46440a013cadb78b5cb77c43f2697db22308197341a306","record_hash":"f3ba930397e8f3181450a81bc6d08c48dde256b51c322a285b7edf8142c654c7","signature_hex":"3c6c8bcf9b027da26e427340370873ced3f3252f866c320b0b6b0946e36ec39d03936331fa65bb0347de650cd115ff45f1626f393ff9f2a9a593b757c99c440a","public_key_hex":"c2f8243b0d573587f285c830a868acd19249d17d59ecbf9329e796dfed6fb630"}
{"seq":17,"ts":1778551200000,"agent_id":"rl-qlearn","symbol":"BTCUSDT","side":"sell","price":81199.934334486,"quantity":0.024630561790375618,"notional_usd":2000.0,"fee_usd":1.2,"balance_before_usd":9928.885526885933,"balance_after_usd":9927.085386855924,"decision":"ALLOW_CAPPED","cert_hash":"039191c24f45816849e7c356068da5b8398dd37bc72ec76c4f9f083970b77de7","prev_hash":"f3ba930397e8f3181450a81bc6d08c48dde256b51c322a285b7edf8142c654c7","record_hash":"abdd1b3bbb4a55865628123aad35b8c70a157eae3b1e1c50ff2ea88213e40de5","signature_hex":"e7040f9c7323df04603da837d07bfd931e72f64ced4e4b201ca53c9bd8eaf9cfd9d4820b0398a6ae392ed082c9bfefc94eec0aebd80ab58219c9f5475c014d0e","public_key_hex":"c2f8243b0d573587f285c830a868acd19249d17d59ecbf9329e796dfed6fb630"}
{"seq":18,"ts":1778554800000,"agent_id":"rl-qlearn","symbol":"BTCUSDT","side":"sell","price":81002.893460544,"quantity":0.02469047603804656,"notional_usd":2000.0,"fee_usd":1.2,"balance_before_usd":9927.165141421685,"balance_after_usd":9925.365001391678,"decision":"ALLOW_CAPPED","cert_hash":"223369e6f42f6c6fa3f96c13160712cb2a030b4aa887af2ba1bb8671f4609105","prev_hash":"abdd1b3bbb4a55865628123aad35b8c70a157eae3b1e1c50ff2ea88213e40de5","record_hash":"cb900ef421347e32cacc356caf0395b3dcd0e383f9db33d32505c873eba81aa8","signature_hex":"43a3adf8b20622975af2f6f06163f63c608f0fcf1eda5e04cd6cd525e7f7320edaaf41a4ef81218908611be87098c22b57bd8d7662d691cdca87a93f236e7e09","public_key_hex":"c2f8243b0d573587f285c830a868acd19249d17d59ecbf9329e796dfed6fb630"}
{"seq":19,"ts":1778558400000,"agent_id":"rl-qlearn","symbol":"BTCUSDT","side":"buy","price":81221.16066393601,"quantity":0.02462412484198892,"notional_usd":2000.0,"fee_usd":1.2,"balance_before_usd":9921.1088696929,"balance_after_usd":9919.309009662906,"decision":"ALLOW_CAPPED","cert_hash":"73981c7456a8cbcc672cff83b8dabcea87597c68986984e469b7bcce795ebd94","prev_hash":"cb900ef421347e32cacc356caf0395b3dcd0e383f9db33d32505c873eba81aa8","record_hash":"7e5f42bcf01fa44f7cccd245c1c59709d789133d4cf1e71caf7b3785378f8f1f","signature_hex":"cc6edf05cf4936e252ba01c8522833894eac2bfb8e70f5dd49f92f3bdb18a2732198013ec3a7daf6d0fad66ae5984c6da359d7709141c502e24ebf1ddd98e806","public_key_hex":"c2f8243b0d573587f285c830a868acd19249d17d59ecbf9329e796dfed6fb630"}
{"seq":20,"ts":1778590800000,"agent_id":"rl-qlearn","symbol":"BTCUSDT","side":"buy","price":80456.13120864,"quantity":0.024858267107245948,"notional_usd":2000.0,"fee_usd":1.2,"balance_before_usd":9919.672230803915,"balance_after_usd":9917.872370773921,"decision":"ALLOW_CAPPED","cert_hash":"2b026652a4a4cf405782ba3318b5c228252a14706ecd3013644982491796f6d4","prev_hash":"7e5f42bcf01fa44f7cccd245c1c59709d789133d4cf1e71caf7b3785378f8f1f","record_hash":"f738e75479a8e274f03be965b0177d41fecd89ca51c05e97902c92c56cb8a95d","signature_hex":"7a5b290f8cabc0256759bceb5d1f34915097f4844a3a713e88696b28913d752b3be631a2a9a424134c05e9cbeeea9812d1925ab66bd549910486ee83829c4b07","public_key_hex":"c2f8243b0d573587f285c830a868acd19249d17d59ecbf9329e796dfed6fb630"}
{"seq":21,"ts":1778594400000,"agent_id":"rl-qlearn","symbol":"BTCUSDT","side":"sell","price":80484.29652370396,"quantity":0.024394549013319045,"notional_usd":1963.37811635,"fee_usd":1.17802686981,"balance_before_usd":9919.73311991752,"balance_after_usd":9917.969539068717,"decision":"ALLOW","cert_hash":"ecbb3d2951a0dd1ae87a1d478482b7fde2d18b99e4841b96e9f59f0a1961d0e2","prev_hash":"f738e75479a8e274f03be965b0177d41fecd89ca51c05e97902c92c56cb8a95d","record_hash":"224bd3e73096e53e5a2279dbabea91a354c9d338277111156cbd44e84601d4db","signature_hex":"2e52d648b1c6f1a33c730cd9f55c7b98a9b3aee0fb5e226483796cac928f95f3e3f28c73e5e1d8b5e502c23895df62cea93fa197280da52568e3c54d2de9b801","public_key_hex":"c2f8243b0d573587f285c830a868acd19249d17d59ecbf9329e796dfed6fb630"}
{"seq":22,"ts":1778598000000,"agent_id":"rl-qlearn","symbol":"BTCUSDT","side":"buy","price":80324.19163600201,"quantity":0.0248990990044845,"notional_usd":2000.0,"fee_usd":1.2,"balance_before_usd":9917.971053351566,"balance_after_usd":9916.171193321572,"decision":"ALLOW_CAPPED","cert_hash":"389c9f7aa160e3db6896647f133c5dcf117656cb4563561d27f531fe0e7a914c","prev_hash":"224bd3e73096e53e5a2279dbabea91a354c9d338277111156cbd44e84601d4db","record_hash":"75a609c878963133bd09422748dd0d63c447ee14096970a4d4e4671ad11cde37","signature_hex":"a98cbfc341e5e25d74c9e917fbde5ff8046756e2b3ceec8cc0b5241321873120d5191c8339d9bef5581c82bf3645198b8c4b85008ec31406ac96bf5c6e22ff08","public_key_hex":"c2f8243b0d573587f285c830a868acd19249d17d59ecbf9329e796dfed6fb630"}
{"seq":23,"ts":1778601600000,"agent_id":"rl-qlearn","symbol":"BTCUSDT","side":"sell","price":79941.411979308,"quantity":0.02501832217471564,"notional_usd":2000.0,"fee_usd":1.2,"balance_before_usd":9907.662746081254,"balance_after_usd":9905.862606051247,"decision":"ALLOW_CAPPED","cert_hash":"23ed894dfa55752005c500b553e3b51ed116e8bbb2598579ea2fad5395950f63","prev_hash":"75a609c878963133bd09422748dd0d63c447ee14096970a4d4e4671ad11cde37","record_hash":"660b4fe9f88b1ba2e6f81f2e3afe3553debed8bcf06c0bbf6c6bae8afe230335","signature_hex":"9baa8a15587d80e7cc7ba0c07471c5cb881905e78e3a24310fa88d281599faac07a279d0f202d07ca51bac0ffd46fcbb53b5e2daa118f274e60f326d8d735306","public_key_hex":"c2f8243b0d573587f285c830a868acd19249d17d59ecbf9329e796dfed6fb630"}
{"seq":24,"ts":1778605200000,"agent_id":"rl-qlearn","symbol":"BTCUSDT","side":"sell","price":80461.35595971001,"quantity":0.024856652937858447,"notional_usd":2000.0,"fee_usd":1.2,"balance_before_usd":9905.796815282574,"balance_after_usd":9903.996675252567,"decision":"ALLOW_CAPPED","cert_hash":"c52f64ed6b021e24ccd8a0474c2ce5068aa234494f3bf87c9edb22f22988eba2","prev_hash":"660b4fe9f88b1ba2e6f81f2e3afe3553debed8bcf06c0bbf6c6bae8afe230335","record_hash":"625e56bf50cf8f05c0b0909722054279b832d41174133892bc3ad134014f2d7d","signature_hex":"711826853331aca881b2161231865f2164c78870ccc44dda58ed3de114eeefadb556a12e7f955ccbc647d09132239bd29863933767801f578a2d4ded47fdd800","public_key_hex":"c2f8243b0d573587f285c830a868acd19249d17d59ecbf9329e796dfed6fb630"}
{"seq":25,"ts":1778608800000,"agent_id":"rl-qlearn","symbol":"BTCUSDT","side":"buy","price":80656.39127264399,"quantity":0.024796547036667813,"notional_usd":2000.0,"fee_usd":1.2,"balance_before_usd":9900.331647247232,"balance_after_usd":9898.531787217238,"decision":"ALLOW_CAPPED","cert_hash":"570acd22c43b3acaf85e3c18f340402e6da447e46acf603b1e260d9a1974f615","prev_hash":"625e56bf50cf8f05c0b0909722054279b832d41174133892bc3ad134014f2d7d","record_hash":"3d2c30af20dd41e1dc92adff2d8b19a504c540a60118a1e66d5accb7376c2811","signature_hex":"967fe924a26d9e02a4753470a5c6e42bf14c64314885edd76e049c175b204e33fc489606aa2722e0cfc38e9b66105d6350def6c2abde9b4ccfa335fed255e802","public_key_hex":"c2f8243b0d573587f285c830a868acd19249d17d59ecbf9329e796dfed6fb630"}
{"seq":26,"ts":1778612400000,"agent_id":"rl-qlearn","symbol":"BTCUSDT","side":"buy","price":80813.23831577999,"quantity":0.024748420452908274,"notional_usd":2000.0,"fee_usd":1.2,"balance_before_usd":9898.502527979115,"balance_after_usd":9896.702667949121,"decision":"ALLOW_CAPPED","cert_hash":"c1411879810e0ee91b7f18179102abb7ea9d04855afa3c37add8dc031ab56c15","prev_hash":"3d2c30af20dd41e1dc92adff2d8b19a504c540a60118a1e66d5accb7376c2811","record_hash":"1f7401fce03a2d23f803ff1d6c5c488c16e27ddb69c92fd9ba76feae0c4485a2","signature_hex":"d9aa89ed003a439f52025cd81027ab5d1212ad0f43d01d498361961a06ef0f19c25987c96cfd186b774c3cafcb162da2a07be9f74c7d1a054b7fcd8e459c970c","public_key_hex":"c2f8243b0d573587f285c830a868acd19249d17d59ecbf9329e796dfed6fb630"}
{"seq":27,"ts":1778616000000,"agent_id":"rl-qlearn","symbol":"BTCUSDT","side":"sell","price":80620.18585207453,"quantity":0.02456916480686866,"notional_usd":1980.77063296,"fee_usd":1.1884623797759999,"balance_before_usd":9893.148572860073,"balance_after_usd":9891.36764600574,"decision":"ALLOW","cert_hash":"7277ceebf624794f69452ba518fff562a153214f5cdf9cba950b9ea38f39cff5","prev_hash":"1f7401fce03a2d23f803ff1d6c5c488c16e27ddb69c92fd9ba76feae0c4485a2","record_hash":"6dc5aab507c620221ce359a26d8224bb1ca82a59d75b8a73afec9351a2cc3952","signature_hex":"fa3c8e885dab2aee6cba8d46d504c952a000763174f1860ffdae578def72872a8d36bc3e0a9212416f97833862334bb33e4e943ed938cbe0218f30bf4c0f4800","public_key_hex":"c2f8243b0d573587f285c830a868acd19249d17d59ecbf9329e796dfed6fb630"}
{"seq":28,"ts":1778626800000,"agent_id":"rl-qlearn","symbol":"BTCUSDT","side":"buy","price":80484.039579198,"quantity":0.02484964733948223,"notional_usd":2000.0,"fee_usd":1.2,"balance_before_usd":9891.36900072577,"balance_after_usd":9889.569140695776,"decision":"ALLOW_CAPPED","cert_hash":"9e31297c4289fa38b48d479a8d8581649617fc383de33a2829eee15269955004","prev_hash":"6dc5aab507c620221ce359a26d8224bb1ca82a59d75b8a73afec9351a2cc3952","record_hash":"28a1c6587f1fa0588efd26a45a6fee06b563124f276249852472259f9df4fc46","signature_hex":"ecf927ee2223bc9b79d9337835fe466879a7fd1dffa6662a254e36b3662cdd29e5a5e9695655b40bee8370a6bc3160c96e93c879d1c1bd15554b8c5a98d23d05","public_key_hex":"c2f8243b0d573587f285c830a868acd19249d17d59ecbf9329e796dfed6fb630"}
{"seq":29,"ts":1778630400000,"agent_id":"rl-qlearn","symbol":"BTCUSDT","side":"sell","price":80642.001753324,"quantity":0.024800971658885704,"notional_usd":2000.0,"fee_usd":1.2,"balance_before_usd":9894.748213548426,"balance_after_usd":9892.948073518419,"decision":"ALLOW_CAPPED","cert_hash":"b54fd6f784108d8f57656acaf400b2214bfa049ee21f44132a5529d99b7e471e","prev_hash":"28a1c6587f1fa0588efd26a45a6fee06b563124f276249852472259f9df4fc46","record_hash":"28f3636f8ffed9be6f9ef7a2d3d0747790ae3b70d5f73c583b8676fc8e94d2a4","signature_hex":"4fd4a7c5a9aa1e667664b516ca097e339f58edc1d283c9a5b2da8156ae6cbeef853193dcf7374d59ce4db4083200043586c5adf69e66ab415ff511e0c8077209","public_key_hex":"c2f8243b0d573587f285c830a868acd19249d17d59ecbf9329e796dfed6fb630"}
{"seq":30,"ts":1778634000000,"agent_id":"rl-qlearn","symbol":"BTCUSDT","side":"buy","price":80972.28601896,"quantity":0.024699809012823124,"notional_usd":2000.0,"fee_usd":1.2,"balance_before_usd":9892.959720042647,"balance_after_usd":9891.159860012654,"decision":"ALLOW_CAPPED","cert_hash":"3bee435de18c497ac17c2c0bbc46fc0637a835abb6872430bd246448f67d35a7","prev_hash":"28f3636f8ffed9be6f9ef7a2d3d0747790ae3b70d5f73c583b8676fc8e94d2a4","record_hash":"f5b595a8a9b527f901b81a6dfa8378f118ebf8ae2c8d7b24a797312b861cebf6","signature_hex":"2af9c7736f3204ffb7814a9ed87df8cc84567418fd6a1371c32a93965fcd1cbd075abf0e7fb97c96704158060b581907d758d75db6e2e156dab81079409a1201","public_key_hex":"c2f8243b0d573587f285c830a868acd19249d17d59ecbf9329e796dfed6fb630"}
{"seq":31,"ts":1778637600000,"agent_id":"rl-qlearn","symbol":"BTCUSDT","side":"sell","price":80975.70161999999,"quantity":0.024698767160864277,"notional_usd":2000.0,"fee_usd":1.2,"balance_before_usd":9892.44639919154,"balance_after_usd":9890.646259161535,"decision":"ALLOW_CAPPED","cert_hash":"d8c193bfe4af0511da37f58aaac747af7b9e9d305bb3b7a688f90008f1243917","prev_hash":"f5b595a8a9b527f901b81a6dfa8378f118ebf8ae2c8d7b24a797312b861cebf6","record_hash":"67209261206c83f995a9269083ecdfd9b30d06b9e5e09a2ad415f9ea2d2c8c24","signature_hex":"bc2b0ad73e0fc0587a2149faf0ff947524c7ecd1aa660a0b1933697f770b0615e9d4321d1cd4b9377ffb2258e60178d6e2a6efbb22f935d16200db122806bc0c","public_key_hex":"c2f8243b0d573587f285c830a868acd19249d17d59ecbf9329e796dfed6fb630"}
{"seq":32,"ts":1778796000000,"agent_id":"rl-qlearn","symbol":"BTCUSDT","side":"sell","price":81390.377188296,"quantity":0.024572929492303688,"notional_usd":2000.0,"fee_usd":1.2,"balance_before_usd":9890.66388310607,"balance_after_usd":9888.863743076063,"decision":"ALLOW_CAPPED","cert_hash":"87388a7cdee420c9b78ea472ae6efefed6baa273dcff3d93c0f57006cc824d94","prev_hash":"67209261206c83f995a9269083ecdfd9b30d06b9e5e09a2ad415f9ea2d2c8c24","record_hash":"8003558d9f8384216a1c5ac8ffd95a21698e1dc348be5978a105fb315609591c","signature_hex":"1c88b786c5b0186fcdad8bab5398c8c4e31c6505a3dc2d0f88d448ac01056ad58f19a92ef2a9fb0f1320e276029a89934a92dfdf12cb891d63fc0306def03907","public_key_hex":"c2f8243b0d573587f285c830a868acd19249d17d59ecbf9329e796dfed6fb630"}
{"seq":33,"ts":1778799600000,"agent_id":"rl-qlearn","symbol":"BTCUSDT","side":"buy","price":81080.87143637313,"quantity":0.024523215412038776,"notional_usd":1988.36367603,"fee_usd":1.193018205618,"balance_before_usd":9897.650589165743,"balance_after_usd":9895.862357297588,"decision":"ALLOW","cert_hash":"2c4bae91a00eec85d72fac66ff5de2a1763bc9d27977538862221a6c4b044bc2","prev_hash":"8003558d9f8384216a1c5ac8ffd95a21698e1dc348be5978a105fb315609591c","record_hash":"b91bb4b46721edffa04e30cc68ca28465637dd6885d616076ba1b90728f9d6a5","signature_hex":"ab917af12228b8d598313f201e4e8e1f57a669af5846f4d98780e3b6c7726439c201b7a2abd005fc99aa792d7eac5632eda65cecbdef9026899eb08c4307df0d","public_key_hex":"c2f8243b0d573587f285c830a868acd19249d17d59ecbf9329e796dfed6fb630"}
{"seq":34,"ts":1778803200000,"agent_id":"rl-qlearn","symbol":"BTCUSDT","side":"sell","price":81446.56032942,"quantity":0.024555978692172752,"notional_usd":2000.0,"fee_usd":1.2,"balance_before_usd":9895.859284368635,"balance_after_usd":9894.059144338627,"decision":"ALLOW_CAPPED","cert_hash":"ea9a72a0ac535ce05200bf5d3be21c92d831ad00588b45375678504ef8acb11c","prev_hash":"b91bb4b46721edffa04e30cc68ca28465637dd6885d616076ba1b90728f9d6a5","record_hash":"d5cdc1deafb4702853e6ec5487a0bb43e396ff711cbd2d2d4906775bad674bb8","signature_hex":"8a9ab35f98b7e9ac073d950cb92a90ee4dd15c45e816cd2400758d927cb16d51b5697e97f831c7f6c7e2591b56325490a8b3176133e4e72f7a7e234308cd7a01","public_key_hex":"c2f8243b0d573587f285c830a868acd19249d17d59ecbf9329e796dfed6fb630"}
{"seq":35,"ts":1778806800000,"agent_id":"rl-qlearn","symbol":"BTCUSDT","side":"sell","price":81072.57255193799,"quantity":0.024669255421970585,"notional_usd":2000.0,"fee_usd":1.2,"balance_before_usd":9903.24828305311,"balance_after_usd":9901.448143023103,"decision":"ALLOW_CAPPED","cert_hash":"db2cebdf2286d6ad036e26986ef90db651932c669fbfdbbaf98a09048db9e3b4","prev_hash":"d5cdc1deafb4702853e6ec5487a0bb43e396ff711cbd2d2d4906775bad674bb8","record_hash":"8b298111c5f0b820624c0dcfb985abbdc88d04b443f112edb56bc9228f252d4f","signature_hex":"73e89a54a185cd0effbf891c3c8f6f7e443718a986b454ff3cd6f9e738770575952c89746552052cd8acec1d982219b61b89f03368ef439923ad6480b16dca09","public_key_hex":"c2f8243b0d573587f285c830a868acd19249d17d59ecbf9329e796dfed6fb630"}
{"seq":36,"ts":1778810400000,"agent_id":"rl-qlearn","symbol":"BTCUSDT","side":"sell","price":81242.50545201002,"quantity":0.011642648280446378,"notional_usd":945.8779164,"fee_usd":0.5675267498400001,"balance_before_usd":9893.290304964532,"balance_after_usd":9892.488824460088,"decision":"ALLOW","cert_hash":"8b0414e5b4ae68558b68d41087da1690beb23e676ee15663a5f993e10918e205","prev_hash":"8b298111c5f0b820624c0dcfb985abbdc88d04b443f112edb56bc9228f252d4f","record_hash":"e636a213428a86e32df2d63555e377dafd65d09c701d3ceec614def273741b63","signature_hex":"2c7ade5123309a8edbf428e477de9254a7d679abc55560c4092681f2e7d70b97e46d2cfdecba3ce9ffa21624e899044b3d09865cea51825c8fcc5efa5deb3805","public_key_hex":"c2f8243b0d573587f285c830a868acd19249d17d59ecbf9329e796dfed6fb630"}
{"seq":37,"ts":1778824800000,"agent_id":"rl-qlearn","symbol":"BTCUSDT","side":"buy","price":80577.567631068,"quantity":0.024820803839068324,"notional_usd":2000.0,"fee_usd":1.2,"balance_before_usd":9935.661534441575,"balance_after_usd":9933.86167441158,"decision":"ALLOW_CAPPED","cert_hash":"818db3c7fdb95c7bde3fd4cb328bd24dd034fe82267a287f155d4c92e0eaf2a3","prev_hash":"e636a213428a86e32df2d63555e377dafd65d09c701d3ceec614def273741b63","record_hash":"1439ce9e54ca561eb4b195c8edfbdd819dfc75d8ab5ca653367d42036f718ee4","signature_hex":"1ec2586dd30cd7081aa0c39ce2e875899f37c2f075d4121f33600ed68590d9809bb2e096b976ae2adb98e6cc99585a0523958b4ee31d9f2f020ba22a4eba7e00","public_key_hex":"c2f8243b0d573587f285c830a868acd19249d17d59ecbf9329e796dfed6fb630"}
{"seq":38,"ts":1778828400000,"agent_id":"rl-qlearn","symbol":"BTCUSDT","side":"sell","price":80761.36593571202,"quantity":0.0247643161656286,"notional_usd":2000.0,"fee_usd":1.2,"balance_before_usd":9925.489837683286,"balance_after_usd":9923.68969765328,"decision":"ALLOW_CAPPED","cert_hash":"64a9700193f4fcebd12a085f2fec61e3b720ebbd4703afc010b25a1e0643eccd","prev_hash":"1439ce9e54ca561eb4b195c8edfbdd819dfc75d8ab5ca653367d42036f718ee4","record_hash":"b691916e135a7d04cc177560dab2f969fd35a42355376b2aa889778f7dffd870","signature_hex":"aeb598ca41fefe0196f99be371a6f53815fd8ae8987526a1c9cfea1e00c6c3ccccd1c3c48e0786dd5ebe61df24b5d41fa04a6965b04da88391ff1b04accc9603","public_key_hex":"c2f8243b0d573587f285c830a868acd19249d17d59ecbf9329e796dfed6fb630"}
{"seq":39,"ts":1778850000000,"agent_id":"rl-qlearn","symbol":"BTCUSDT","side":"buy","price":78755.12102463,"quantity":0.025395173976997847,"notional_usd":2000.0,"fee_usd":1.2,"balance_before_usd":10049.10775136134,"balance_after_usd":10047.307891331346,"decision":"ALLOW_CAPPED","cert_hash":"8fb11552e590588d2f5b20e47d42937ca38abbae7cd6d68f2fd55ad27c547d32","prev_hash":"b691916e135a7d04cc177560dab2f969fd35a42355376b2aa889778f7dffd870","record_hash":"65cebee8ee1c46b6dae30635e48cc2f2f6b69669cc8f4653166a01225bfa7575","signature_hex":"a8a5a077d97ce2f713d6ff81f90772116e0ea0dc9ce9155c79cc21cef5fee32ed3bfe0eef4abe7eec44ca7daa75c535ddcbe7ade0545fc97ce922871690a440d","public_key_hex":"c2f8243b0d573587f285c830a868acd19249d17d59ecbf9329e796dfed6fb630"}
{"seq":40,"ts":1778853600000,"agent_id":"rl-qlearn","symbol":"BTCUSDT","side":"buy","price":79146.138302448,"quantity":0.025269710473519585,"notional_usd":2000.0,"fee_usd":1.2,"balance_before_usd":10033.460820191198,"balance_after_usd":10031.660960161204,"decision":"ALLOW_CAPPED","cert_hash":"0b88221377c26f07ed222cd94a9198d75dd49f32911ba3da6e51d73cc8082579","prev_hash":"65cebee8ee1c46b6dae30635e48cc2f2f6b69669cc8f4653166a01225bfa7575","record_hash":"abbc6b6bb08b9af48a5fa40d6ed4f7dc65ca4ee265626c470b714ae6be97ab37","signature_hex":"cd4a9a246feeb97f8a5a7c93149e27c365c9a757d3414c5512c4d2bcddd9cd5f6c1505f950254f669cc77873d9bbfecf383a52779781b8d0f0e1d97d99ff3d05","public_key_hex":"c2f8243b0d573587f285c830a868acd19249d17d59ecbf9329e796dfed6fb630"}
{"seq":41,"ts":1778857200000,"agent_id":"rl-qlearn","symbol":"BTCUSDT","side":"buy","price":79154.440792614,"quantity":0.025267059939694785,"notional_usd":2000.0,"fee_usd":1.2,"balance_before_usd":10031.576683177516,"balance_after_usd":10029.776823147522,"decision":"ALLOW_CAPPED","cert_hash":"9bea99b562d9c8c4e3ea2e67c515debeb1f7b8c85ff509f8a322e709688e6731","prev_hash":"abbc6b6bb08b9af48a5fa40d6ed4f7dc65ca4ee265626c470b714ae6be97ab37","record_hash":"488d54a1bedf9aa0c21b71ec18bc890e38fe0432180658de22053dc62108d2d4","signature_hex":"f8d70437d5a2fedd1328d9a875649abd785d8e0afc98f223a1c26d745f9fe19b14e5e614609d9fd1427efb8168ba58d0ad4390e410417ccef7cdd602f28ab60c","public_key_hex":"c2f8243b0d573587f285c830a868acd19249d17d59ecbf9329e796dfed6fb630"}
{"seq":42,"ts":1778860800000,"agent_id":"rl-qlearn","symbol":"BTCUSDT","side":"sell","price":79255.29701316584,"quantity":0.015117135270604945,"notional_usd":1198.11304586,"fee_usd":0.718867827516,"balance_before_usd":10031.85144942433,"balance_after_usd":10030.821123457865,"decision":"ALLOW","cert_hash":"53809989e5bfd28909c9ceeec2fe7d1da3192c98575b198c47156a7cd942fe92","prev_hash":"488d54a1bedf9aa0c21b71ec18bc890e38fe0432180658de22053dc62108d2d4","record_hash":"eebc4ae31a27ed321af1d80861652545cffe25dbf77bcb24945fab66c00c18fd","signature_hex":"9d2e7d10069345a1f5b61879ab0620822e2530a479b867bf66f51edf59ba7277d2431aa58ee3f706f682210505b787f11f680010aa5aca3cb7f7c6df4a149f08","public_key_hex":"c2f8243b0d573587f285c830a868acd19249d17d59ecbf9329e796dfed6fb630"}
{"seq":43,"ts":1778922000000,"agent_id":"rl-qlearn","symbol":"BTCUSDT","side":"sell","price":78045.980741388,"quantity":0.025625919246593493,"notional_usd":2000.0,"fee_usd":1.2,"balance_before_usd":10030.82592541601,"balance_after_usd":10029.025785386004,"decision":"ALLOW_CAPPED","cert_hash":"adf3514f84eb8b895b0bed40d86b76b1dbe63f8ac4d01c80a203a45aa3d79be1","prev_hash":"eebc4ae31a27ed321af1d80861652545cffe25dbf77bcb24945fab66c00c18fd","record_hash":"5232652ed17127ef69dfa1595ee695c77a4037dd42fa8de1f4942dbf88e5ca12","signature_hex":"1f1b0cdba2a62c6110e8d24612a92b9358e831bda354416599d2609b96403b2151d173022a5656f8e50ccfb2b48020702b26eecf6fa78535c96ee77f3e521e0b","public_key_hex":"c2f8243b0d573587f285c830a868acd19249d17d59ecbf9329e796dfed6fb630"}
{"seq":44,"ts":1778925600000,"agent_id":"rl-qlearn","symbol":"BTCUSDT","side":"buy","price":77985.090069234,"quantity":0.02564592793602508,"notional_usd":2000.0,"fee_usd":1.2,"balance_before_usd":10031.786120019238,"balance_after_usd":10029.986259989244,"decision":"ALLOW_CAPPED","cert_hash":"7b04f84df2e099b6af4a25f46aaf9975c6df4c9c2d4a085109655db2dbf2e9aa","prev_hash":"5232652ed17127ef69dfa1595ee695c77a4037dd42fa8de1f4942dbf88e5ca12","record_hash":"9207edaf87d80d93d2ee1121a79a00a4a9dda7491f00571b5179eb6bc0cb6919","signature_hex":"efe8ccfcd532cc40eb00d0022e5121429ccb9323804c3fb64da5e7d580b1920c36f6464e5157983a78c77c603045b0f1be2e7898afe7de3613f30e1eff8fd401","public_key_hex":"c2f8243b0d573587f285c830a868acd19249d17d59ecbf9329e796dfed6fb630"}
{"seq":45,"ts":1778929200000,"agent_id":"rl-qlearn","symbol":"BTCUSDT","side":"sell","price":78046.5805614,"quantity":0.0256257223008839,"notional_usd":2000.0,"fee_usd":1.2,"balance_before_usd":10029.98800144266,"balance_after_usd":10028.187861412653,"decision":"ALLOW_CAPPED","cert_hash":"b8c5ceb3a2fa1a31493bbacfc010d7f985d3ed9c9db2c9bb66a8bc0d06545cd4","prev_hash":"9207edaf87d80d93d2ee1121a79a00a4a9dda7491f00571b5179eb6bc0cb6919","record_hash":"9b4f775538405ac9b0233a410e326283193fd814db626a606d2e815a45180671","signature_hex":"5067caa23592f2006f7f577c748eaa2dd3b10593c53f110f2befa0e669e4828abf67f9c98a05983d2160dfd487647d838a56173e84b9119635e55cb4a8c80608","public_key_hex":"c2f8243b0d573587f285c830a868acd19249d17d59ecbf9329e796dfed6fb630"}
{"seq":46,"ts":1778932800000,"agent_id":"rl-qlearn","symbol":"BTCUSDT","side":"sell","price":77969.70362986201,"quantity":0.02565098886991293,"notional_usd":2000.0,"fee_usd":1.2,"balance_before_usd":10030.157242913107,"balance_after_usd":10028.3571028831,"decision":"ALLOW_CAPPED","cert_hash":"686420905947d156717b0c4da479e7ff2367ca0de79ccde99903735d6542b682","prev_hash":"9b4f775538405ac9b0233a410e326283193fd814db626a606d2e815a45180671","record_hash":"68dc4e9aa7e2cc161e33f06b5a2931e5a0cd2099728b0c0d86f5b2f244fce283","signature_hex":"6d6de7531ae6e1f0101e4e81cb65754841617b4051a96aab6690b06982f4c808dd3d7feb422ba9db6cafd01c9b9b9cf690cff7cdcc2e024ce2d1483ed2243b07","public_key_hex":"c2f8243b0d573587f285c830a868acd19249d17d59ecbf9329e796dfed6fb630"}
{"seq":47,"ts":1778936400000,"agent_id":"rl-qlearn","symbol":"BTCUSDT","side":"sell","price":77991.64060364054,"quantity":0.01301179558290546,"notional_usd":1014.81128471,"fee_usd":0.608886770826,"balance_before_usd":10027.42928545714,"balance_after_usd":10026.56589581916,"decision":"ALLOW","cert_hash":"a33c34d451b933ec6372562faa1c36104df1664ade72d6bc80bf5efd3c0f074d","prev_hash":"68dc4e9aa7e2cc161e33f06b5a2931e5a0cd2099728b0c0d86f5b2f244fce283","record_hash":"6a7f34dcb99d9789f2e788c7aa74c5264689f65cb2b00492bd59aead61dccea4","signature_hex":"b3fe79b4e8118fcb5743b0eb1aaa1a4e684ab4b3cb5620bfb672b4521b8511f2e29c72a6d4066c221f6df19d3550ae21bf1c0b3f13967b127e381efcafa69609","public_key_hex":"c2f8243b0d573587f285c830a868acd19249d17d59ecbf9329e796dfed6fb630"}
{"seq":48,"ts":1778940000000,"agent_id":"rl-qlearn","symbol":"BTCUSDT","side":"buy","price":78138.33603229799,"quantity":0.02559563079476523,"notional_usd":2000.0,"fee_usd":1.2,"balance_before_usd":10019.900845154665,"balance_after_usd":10018.10098512467,"decision":"ALLOW_CAPPED","cert_hash":"be19eb4dc9a474fef36c2c87e3b7dce7f4ae0d182a2aa76b3e8f3804f87b1aa5","prev_hash":"6a7f34dcb99d9789f2e788c7aa74c5264689f65cb2b00492bd59aead61dccea4","record_hash":"d0e0d09d59fe3907d1fda23e0dadb595af210c5c599ef96d799bfda62b55cdf5","signature_hex":"cf1c7afe8904395b9e355052c6b01f4c3c0e15854a5be6f31dbd5a64269e4fee86588f4d4f5b537b8cb1d5727f48f22543671ec17fcb3bf2ac116102c4139801","public_key_hex":"c2f8243b0d573587f285c830a868acd19249d17d59ecbf9329e796dfed6fb630"}
{"seq":49,"ts":1778943600000,"agent_id":"rl-qlearn","symbol":"BTCUSDT","side":"buy","price":78241.767054366,"quantity":0.025561794873706103,"notional_usd":2000.0,"fee_usd":1.2,"balance_before_usd":10014.101804412412,"balance_after_usd":10012.301944382418,"decision":"ALLOW_CAPPED","cert_hash":"11f2da306a2446ba2804371133b469c02ed3d2a9c03e5c4e798325595b00e8ab","prev_hash":"d0e0d09d59fe3907d1fda23e0dadb595af210c5c599ef96d799bfda62b55cdf5","record_hash":"fa0b267fe45403ff7c71891a20e2b2b509b7d42a70d880246f2ba2fda2e36c2b","signature_hex":"7e2bea8e471d4e04efcaf08c1eabd4c8231cce6ddb996e4abe500f4c434d1d061a4c0d4bb891087e3442454741d0776644c61005e8360b4b1098a55d8cdcf50f","public_key_hex":"c2f8243b0d573587f285c830a868acd19249d17d59ecbf9329e796dfed6fb630"}
{"seq":50,"ts":1778947200000,"agent_id":"rl-qlearn","symbol":"BTCUSDT","side":"buy","price":78211.157873754,"quantity":0.025571798888699964,"notional_usd":2000.0,"fee_usd":1.2,"balance_before_usd":10012.805806596416,"balance_after_usd":10011.005946566422,"decision":"ALLOW_CAPPED","cert_hash":"5432e87972897f67d926ec9df11485237b0ba29aac1e1dab73cc26c3768ecca4","prev_hash":"fa0b267fe45403ff7c71891a20e2b2b509b7d42a70d880246f2ba2fda2e36c2b","record_hash":"bd2da37026590f9ef20ff2edadf417ddada1f52445add738e7a0f3295f2284f5","signature_hex":"06e36b79712bd0f788f730ae1c16ad047016ad0610b1789731f7d58fa628ce4de3aa0fb4b9ebe201c249590f72abc16709df8fc0ce5f4fffafc62d9de27a3904","public_key_hex":"c2f8243b0d573587f285c830a868acd19249d17d59ecbf9329e796dfed6fb630"}
{"seq":51,"ts":1778950800000,"agent_id":"rl-qlearn","symbol":"BTCUSDT","side":"sell","price":78159.446693658,"quantity":0.02558871748208376,"notional_usd":2000.0,"fee_usd":1.2,"balance_before_usd":10010.946153937433,"balance_after_usd":10009.146013907426,"decision":"ALLOW_CAPPED","cert_hash":"cc59459b9db3f87c829e7f7467e9d0373baadbdeaf70465cfea807a67b78edc4","prev_hash":"bd2da37026590f9ef20ff2edadf417ddada1f52445add738e7a0f3295f2284f5","record_hash":"3ff8a1c52c772c55724ccbd9b5184119728d89235607017e8b97d09a90d1f410","signature_hex":"12f2fb7ebbb73f06d3023848c29d7e27300a56a758d375d6263a9412fa2af9adf452279283abbd4f9c792dd4528a6edb454744e9fdd1449b96cd7f2ad226dd04","public_key_hex":"c2f8243b0d573587f285c830a868acd19249d17d59ecbf9329e796dfed6fb630"}
{"seq":52,"ts":1778954400000,"agent_id":"rl-qlearn","symbol":"BTCUSDT","side":"buy","price":78242.66732438399,"quantity":0.02556150075646397,"notional_usd":2000.0,"fee_usd":1.2,"balance_before_usd":10008.669325219545,"balance_after_usd":10006.869465189551,"decision":"ALLOW_CAPPED","cert_hash":"f8f1e89b11583bb9e5924f7cd443d7271c18a0a1fc3ddde76877c095f956be1a","prev_hash":"3ff8a1c52c772c55724ccbd9b5184119728d89235607017e8b97d09a90d1f410","record_hash":"d11a8ae62ebb7ca812d2d00b456032236a24b61a67311fd4b2bb48b8a13f98f4","signature_hex":"e8c5ebc94c1c7a19201481b76b779eae962bcfc97cd3efa7cbbbaccd0a167c30b107e63fe2bacebc33b3e06a3ab712c8469f6d833e24d20fd9c937b0dfd73901","public_key_hex":"c2f8243b0d573587f285c830a868acd19249d17d59ecbf9329e796dfed6fb630"}
{"seq":53,"ts":1778958000000,"agent_id":"rl-qlearn","symbol":"BTCUSDT","side":"sell","price":78218.428994838,"quantity":0.025569421755223302,"notional_usd":2000.0,"fee_usd":1.2,"balance_before_usd":10007.1516166778,"balance_after_usd":10005.351476647793,"decision":"ALLOW_CAPPED","cert_hash":"1777049866347ba04555ffe87db76f1192d42880bbfab823c4bcc20cab424794","prev_hash":"d11a8ae62ebb7ca812d2d00b456032236a24b61a67311fd4b2bb48b8a13f98f4","record_hash":"eb1b76eb6c16c691294e1badb2277592afc6b2e2e369240643bf59faf82679a8","signature_hex":"0ccde916c4f89c373a2d16c50336eb56ec3f10009b37eb6f6cbb3b2e5fb0c39b280d64fe5e4aaec9af725313fc8c7b07549db6d5b6792ab54341683d7119e70b","public_key_hex":"c2f8243b0d573587f285c830a868acd19249d17d59ecbf9329e796dfed6fb630"}
{"seq":54,"ts":1778961600000,"agent_id":"rl-qlearn","symbol":"BTCUSDT","side":"buy","price":78259.47236472,"quantity":0.025556011810036378,"notional_usd":2000.0,"fee_usd":1.2,"balance_before_usd":10005.429001708366,"balance_after_usd":10003.629141678372,"decision":"ALLOW_CAPPED","cert_hash":"c9edd525ac0228ed84f9892cbcf9d0e42108d16fd2d77da52e3959c254320715","prev_hash":"eb1b76eb6c16c691294e1badb2277592afc6b2e2e369240643bf59faf82679a8","record_hash":"6e1c321844d856db8d9a75a40fdcd07b4f60bb9d6fee9ae4d3b41f239bdf740b","signature_hex":"2bd5755fa2d279489d8aea2f909a263b493eee980a5c2de91a11f152fee64c85263c70ccc07f3741fb6b6baca4b05dad932bce758df1a8d269fe4ca5dfd4ba0c","public_key_hex":"c2f8243b0d573587f285c830a868acd19249d17d59ecbf9329e796dfed6fb630"}
{"seq":55,"ts":1778965200000,"agent_id":"rl-qlearn","symbol":"BTCUSDT","side":"buy","price":78272.076144972,"quantity":0.025551896646968844,"notional_usd":2000.0,"fee_usd":1.2,"balance_before_usd":10003.785585433412,"balance_after_usd":10001.985725403418,"decision":"ALLOW_CAPPED","cert_hash":"1b3c8e444ca21a33e51edda1a633153b1c27057390ea88b673279e278d766582","prev_hash":"6e1c321844d856db8d9a75a40fdcd07b4f60bb9d6fee9ae4d3b41f239bdf740b","record_hash":"d4f2cc7364e85e92ac9c3f0e357116a88a8bfd1290a6bd24e3dc6aea73a9fb28","signature_hex":"3b2c7468477f089ef67c980351f4635421bde66daf9586b89dac26471cdf5226bf728682b735aee05679b34bb05a95da22b5c8ad7c0d2ac3807eff5274181f06","public_key_hex":"c2f8243b0d573587f285c830a868acd19249d17d59ecbf9329e796dfed6fb630"}
{"seq":56,"ts":1778968800000,"agent_id":"rl-qlearn","symbol":"BTCUSDT","side":"sell","price":78137.55326322,"quantity":0.025595887207558836,"notional_usd":2000.0,"fee_usd":1.2,"balance_before_usd":9998.659722674483,"balance_after_usd":9996.859582644476,"decision":"ALLOW_CAPPED","cert_hash":"257748ac58d47a8fc7d5b736506f72b6cdab4f1ee51b5c238a9dcb500840042b","prev_hash":"d4f2cc7364e85e92ac9c3f0e357116a88a8bfd1290a6bd24e3dc6aea73a9fb28","record_hash":"e3b1fa3e7448401e6d3f3a18264d0d6b6f0348f396314b2084b13056647a2226","signature_hex":"e220cd19c5895d377283064d910cbc61891558beb4f49a6194e2cf88b0de6c104b7d5f7a874b7e9a60a120d53e75d081ae2ec905ce00d5f546f33eab46709c03","public_key_hex":"c2f8243b0d573587f285c830a868acd19249d17d59ecbf9329e796dfed6fb630"}
{"seq":57,"ts":1778972400000,"agent_id":"rl-qlearn","symbol":"BTCUSDT","side":"sell","price":78102.30144787561,"quantity":0.012375253397687039,"notional_usd":966.53577136,"fee_usd":0.579921462816,"balance_before_usd":9996.373355951835,"balance_after_usd":9995.553372490931,"decision":"ALLOW","cert_hash":"9197412ea199e9cb56cd1a7006a2abbf3937ffe3d3cba07195d1b17728812ea6","prev_hash":"e3b1fa3e7448401e6d3f3a18264d0d6b6f0348f396314b2084b13056647a2226","record_hash":"526cae0fe5de3dbd041090977db6c56b226e8408505ebaab6276dfc1ac4068cf","signature_hex":"1d6f57808c735d82e68cee78a7dd45f8e3b1024e391009f79e34d5ae73a8f825b1dbf4b5e0ec0a8d62fbf8c207b48230412a0c7c2e93912d44f821e979faa103","public_key_hex":"c2f8243b0d573587f285c830a868acd19249d17d59ecbf9329e796dfed6fb630"}
{"seq":58,"ts":1778979600000,"agent_id":"rl-qlearn","symbol":"BTCUSDT","side":"sell","price":77679.19080405,"quantity":0.025746921141919583,"notional_usd":2000.0,"fee_usd":1.2,"balance_before_usd":9995.554684607045,"balance_after_usd":9993.754544577037,"decision":"ALLOW_CAPPED","cert_hash":"f05762c6344a14f3159a0801f986f2b8338f84440ec4057bdd7e5d9339ac5146","prev_hash":"526cae0fe5de3dbd041090977db6c56b226e8408505ebaab6276dfc1ac4068cf","record_hash":"e22a3def9a8ad4e82760e3d12870d316fa2c983d6ee88d11132fd8456f05ae5d","signature_hex":"8303b7ff4b7c4d5c94fd9dc695a61420f92a04e8d4bc34761ad932a0d337c9c4ea4d21ee1bc0aa5fb174d8b6209491d0d816ea9e4e65bd15e7a3ab65aebcf70f","public_key_hex":"c2f8243b0d573587f285c830a868acd19249d17d59ecbf9329e796dfed6fb630"}
{"seq":59,"ts":1778983200000,"agent_id":"rl-qlearn","symbol":"BTCUSDT","side":"buy","price":77893.462587402,"quantity":0.025676095702586825,"notional_usd":2000.0,"fee_usd":1.2,"balance_before_usd":9989.438845571698,"balance_after_usd":9987.638985541704,"decision":"ALLOW_CAPPED","cert_hash":"ec07b92e55d0060d5ba98f4edc6fe6b76d794a00faf329f4a4edb9f7e2602d16","prev_hash":"e22a3def9a8ad4e82760e3d12870d316fa2c983d6ee88d11132fd8456f05ae5d","record_hash":"28e2563c7601b383a05ad504602480ab36e08fc989e987fc43c6d8eff12ad8b3","signature_hex":"f0a8b50746650038b543424cb6aaabf979d5544d32ba41cad23130a988fd826662ed8a1cb7cc9b0e3ae9ddb0765550d3b2503f9e62a1e69adb6b95cb4760a704","public_key_hex":"c2f8243b0d573587f285c830a868acd19249d17d59ecbf9329e796dfed6fb630"}
{"seq":60,"ts":1778986800000,"agent_id":"rl-qlearn","symbol":"BTCUSDT","side":"buy","price":78015.999339852,"quantity":0.025635767239071478,"notional_usd":2000.0,"fee_usd":1.2,"balance_before_usd":9987.629932992275,"balance_after_usd":9985.830072962282,"decision":"ALLOW_CAPPED","cert_hash":"c39b64436711dca0fb3ffc740e77b764d4754d8adff09156c28a7f906103b47c","prev_hash":"28e2563c7601b383a05ad504602480ab36e08fc989e987fc43c6d8eff12ad8b3","record_hash":"8491833fbfec8a3fb0ca8a4810a83894e1cffc18062890c3176d2ecfb1dd985d","signature_hex":"373169c6bd47681043d0e75e54ba4717344c5ea89186dedcec072b342cae39d01bad13af223708a7dc5556c144c0d8f122923a5a548970a14abf1381494da603","public_key_hex":"c2f8243b0d573587f285c830a868acd19249d17d59ecbf9329e796dfed6fb630"}
{"seq":61,"ts":1778990400000,"agent_id":"rl-qlearn","symbol":"BTCUSDT","side":"sell","price":78102.17545822803,"quantity":0.025569535437051812,"notional_usd":1997.03634309,"fee_usd":1.198221805854,"balance_before_usd":9989.229801522843,"balance_after_usd":9987.432625066052,"decision":"ALLOW","cert_hash":"1795657a3f8cf8da4ba6d3ca9bea78cbf56e9714e42479a4f982f7595212f62d","prev_hash":"8491833fbfec8a3fb0ca8a4810a83894e1cffc18062890c3176d2ecfb1dd985d","record_hash":"93547368ecf8f0fdc5dbd5a539df17b07a68bfc4aaf59c8affd9eb126ca449a6","signature_hex":"7eed3a8f1a3ce996407ee1e5b5b932bf8d39bfafcd94722e3c3526b0c22db22d563adb09007b6ef2d7011a12c8be6236cb881812ebcd9f821c2391b73e189a02","public_key_hex":"c2f8243b0d573587f285c830a868acd19249d17d59ecbf9329e796dfed6fb630"}
{"seq":62,"ts":1779026400000,"agent_id":"rl-qlearn","symbol":"BTCUSDT","side":"sell","price":77992.796700324,"quantity":0.02564339380833732,"notional_usd":2000.0,"fee_usd":1.2,"balance_before_usd":9987.433523634649,"balance_after_usd":9985.633383604641,"decision":"ALLOW_CAPPED","cert_hash":"7fd307af6e9f698752b670a18ad2d23d19c44b847d1b18578be7993fda34b5f8","prev_hash":"93547368ecf8f0fdc5dbd5a539df17b07a68bfc4aaf59c8affd9eb126ca449a6","record_hash":"2e9a579f308fad8b0ee5a098c70223aa729894f2add3e9ba4981fa6bb54b71c5","signature_hex":"df050912c88c41243440ac3dfc2e6c864ef3a608e315f31e3e29b770928afbe20e626025c92cb963bec5d21fb3c2644d6ce84223840a9795b423d50cf962cc0a","public_key_hex":"c2f8243b0d573587f285c830a868acd19249d17d59ecbf9329e796dfed6fb630"}
{"seq":63,"ts":1779030000000,"agent_id":"rl-qlearn","symbol":"BTCUSDT","side":"buy","price":78036.605520264,"quantity":0.0256289979127892,"notional_usd":2000.0,"fee_usd":1.2,"balance_before_usd":9985.710336785749,"balance_after_usd":9983.910476755755,"decision":"ALLOW_CAPPED","cert_hash":"f41c5e7e1702183f0a387f0790d0333903573a7f46caf1bd451bb12e2049a57f","prev_hash":"2e9a579f308fad8b0ee5a098c70223aa729894f2add3e9ba4981fa6bb54b71c5","record_hash":"70d54aab2bff6cb15229ff5cc4bcac91d77522ab84df5837bffcf9d8e0262f87","signature_hex":"2ef41dde1cd2820fd5e9d635115f82f2c102cc77461dcb8b04f9d0f33bc9aaa384eae3a974f3b8b53d629770bfdf5917fa303bd309a44ab7e85a0c5dd3091e01","public_key_hex":"c2f8243b0d573587f285c830a868acd19249d17d59ecbf9329e796dfed6fb630"}
{"seq":64,"ts":1779033600000,"agent_id":"rl-qlearn","symbol":"BTCUSDT","side":"sell","price":77976.50158999799,"quantity":0.02564875262699063,"notional_usd":2000.0,"fee_usd":1.2,"balance_before_usd":9983.910869996846,"balance_after_usd":9982.11072996684,"decision":"ALLOW_CAPPED","cert_hash":"bc8252b39da4d64b03e037347046bf35d684e4b3bbcc33ec143811cfb71ac69f","prev_hash":"70d54aab2bff6cb15229ff5cc4bcac91d77522ab84df5837bffcf9d8e0262f87","record_hash":"551c6701ae859218e9ce1b627714fd2dd08237deb9cd1156945a836c926b0e8b","signature_hex":"84f69ce9b060e30ebdfa0dbacff1e56d02e431cf6115a0b1a18d8bfd07b208ad2d4ff9793f2a3bbd90da29bd6b14f0eb218ac6467f3185828f1cac95c6c6b60f","public_key_hex":"c2f8243b0d573587f285c830a868acd19249d17d59ecbf9329e796dfed6fb630"}
{"seq":65,"ts":1779037200000,"agent_id":"rl-qlearn","symbol":"BTCUSDT","side":"buy","price":78077.91791109,"quantity":0.02561543716211117,"notional_usd":2000.0,"fee_usd":1.2,"balance_before_usd":9980.709103463296,"balance_after_usd":9978.909243433302,"decision":"ALLOW_CAPPED","cert_hash":"cf54a384af05ec423e435aadd54d734dc97ae86b0706f991afe3fe7f778012c5","prev_hash":"551c6701ae859218e9ce1b627714fd2dd08237deb9cd1156945a836c926b0e8b","record_hash":"58a4ca832210f19d6f58c30e894bed596c1141ae3ddc5f388034db1b4268a6ac","signature_hex":"95ca9e1192a877f8a6277120c9577f42a53abc638ca38eaf4b21f440cfea4d8f645fc01d0278580eed5449f61ad7ef9985bf45b186cedce0818a3d2643ed2c03","public_key_hex":"c2f8243b0d573587f285c830a868acd19249d17d59ecbf9329e796dfed6fb630"}
{"seq":66,"ts":1779040800000,"agent_id":"rl-qlearn","symbol":"BTCUSDT","side":"buy","price":78256.47146466,"quantity":0.025556991806143264,"notional_usd":2000.0,"fee_usd":1.2,"balance_before_usd":9978.899358474388,"balance_after_usd":9977.099498444393,"decision":"ALLOW_CAPPED","cert_hash":"bef1a498410fbd1a5ade1745dbcbecaf77d2c0c80b3d60c3ac03b38a4e779f09","prev_hash":"58a4ca832210f19d6f58c30e894bed596c1141ae3ddc5f388034db1b4268a6ac","record_hash":"d9a7d3b6a81636cdf533f46599badad420fe4dc73a3696fe107ca223b00c93ee","signature_hex":"2f8f0f7b979459ac807003660fb73115188057393452edb09b100e3ce59afaa6fd2e88091461e14681692f50c02cd77142fc635a89d526d4d8d04852e4732a04","public_key_hex":"c2f8243b0d573587f285c830a868acd19249d17d59ecbf9329e796dfed6fb630"}
{"seq":67,"ts":1779044400000,"agent_id":"rl-qlearn","symbol":"BTCUSDT","side":"sell","price":78355.7924851827,"quantity":0.025509264622114294,"notional_usd":1998.79864518,"fee_usd":1.199279187108,"balance_before_usd":9980.830384555778,"balance_after_usd":9979.031445952587,"decision":"ALLOW","cert_hash":"f1b3a0d7c2bf0443dbf2a98915e474364de00caf3c670614c73e3aa5a78aa174","prev_hash":"d9a7d3b6a81636cdf533f46599badad420fe4dc73a3696fe107ca223b00c93ee","record_hash":"c9d8c56dd3f55b7af0ea39c219282018c99ef50f37ac56defe1253df0c8021c8","signature_hex":"33b7eb150075ed9f68f21d561fc51bf89052610144634fb511b442545fb9da754df00f8b8877ead795591e51a0a928df13ebcc3a41c7302a393c57be6f87060a","public_key_hex":"c2f8243b0d573587f285c830a868acd19249d17d59ecbf9329e796dfed6fb630"}
{"seq":68,"ts":1779055200000,"agent_id":"rl-qlearn","symbol":"BTCUSDT","side":"sell","price":77950.30944947399,"quantity":0.02565737088313119,"notional_usd":2000.0,"fee_usd":1.2,"balance_before_usd":9979.034549091539,"balance_after_usd":9977.234409061532,"decision":"ALLOW_CAPPED","cert_hash":"666eccd3fb4ce846ad5f9e82cdbcf46c9675e7da433cdb8ad79efbc2e1b345c3","prev_hash":"c9d8c56dd3f55b7af0ea39c219282018c99ef50f37ac56defe1253df0c8021c8","record_hash":"f391f2a206b4d237d38d9fafc12d6eb9cd30c011b9f77fe2a86a3f55a20c5aa0","signature_hex":"46cb552469d0d434218f3f84f09325fabed7ee36cbd6877446f6ee2d4bf12cf9f531ca1c1852ef2a782c8fb65a389ba116a1e6c6bd453eb85ea4a18be4990907","public_key_hex":"c2f8243b0d573587f285c830a868acd19249d17d59ecbf9329e796dfed6fb630"}
{"seq":69,"ts":1779058800000,"agent_id":"rl-qlearn","symbol":"BTCUSDT","side":"sell","price":77401.07425848601,"quantity":0.02583943464816609,"notional_usd":2000.0,"fee_usd":1.2,"balance_before_usd":9991.334771939662,"balance_after_usd":9989.534631909657,"decision":"ALLOW_CAPPED","cert_hash":"83c389b7df984d62ccf495c9bfa459c8ca4c48ab123da43645cb4f6e30f6fc28","prev_hash":"f391f2a206b4d237d38d9fafc12d6eb9cd30c011b9f77fe2a86a3f55a20c5aa0","record_hash":"471d9480118ed6477a5173fa472f2caba36b7b984304ea5ef1c5fcaecd5e7796","signature_hex":"25e1a05aa9220aab59683f5589aa9c91b5e88647499456a47350ff7d78b948d91621489e507f8dc47b1bebfe83a18bfa988338ed57edb7c84bd57c5d8456490a","public_key_hex":"c2f8243b0d573587f285c830a868acd19249d17d59ecbf9329e796dfed6fb630"}
{"seq":70,"ts":1779062400000,"agent_id":"rl-qlearn","symbol":"BTCUSDT","side":"sell","price":77160.80534342951,"quantity":0.013298384301109124,"notional_usd":1026.11404244,"fee_usd":0.615668425464,"balance_before_usd":10002.476556238682,"balance_after_usd":10001.602970216754,"decision":"ALLOW","cert_hash":"d19313496c41c2575ee195519a37294d871276ec73dc406b21c2a0f4f87c7b7a","prev_hash":"471d9480118ed6477a5173fa472f2caba36b7b984304ea5ef1c5fcaecd5e7796","record_hash":"606a740943e8c3b504dd368e31b845f06e73aeca32de4f77d4169ba5c7017444","signature_hex":"5732fdf1c3fb442514370acf5a1ad4a1a4d7fa7aadfb86ee823012ec72a05d8a6a42bb2ab8c51a74411ef7682d8be14a8cfdadb04af419f9e300fb9f75923a04","public_key_hex":"c2f8243b0d573587f285c830a868acd19249d17d59ecbf9329e796dfed6fb630"}
{"seq":71,"ts":1779080400000,"agent_id":"rl-qlearn","symbol":"BTCUSDT","side":"buy","price":76916.16946786201,"quantity":0.026002334929532116,"notional_usd":2000.0,"fee_usd":1.2,"balance_before_usd":10020.207865744247,"balance_after_usd":10018.408005714253,"decision":"ALLOW_CAPPED","cert_hash":"3b35d9f97d9e55658c69616b2a9aca058b75d084bac119ef49ad014918b221cf","prev_hash":"606a740943e8c3b504dd368e31b845f06e73aeca32de4f77d4169ba5c7017444","record_hash":"af5d07b0f0b1ce90bf00abf14f728e3ae3942d860f4accf16e78f478bb827fd3","signature_hex":"5c5464177cecb63350959f3325d0377412d8c9f7177d866c0e1bd5c0724c4a56883221973c7446a30ed3863d93833a4127ce3f85c880c2e2142126ca53c1ef09","public_key_hex":"c2f8243b0d573587f285c830a868acd19249d17d59ecbf9329e796dfed6fb630"}
{"seq":72,"ts":1779084000000,"agent_id":"rl-qlearn","symbol":"BTCUSDT","side":"buy","price":76919.770547934,"quantity":0.026001117602836094,"notional_usd":2000.0,"fee_usd":1.2,"balance_before_usd":10018.26832389395,"balance_after_usd":10016.468463863956,"decision":"ALLOW_CAPPED","cert_hash":"04c6f5b02d39cef6070c62081d4baa2aec9bfe69ca354dd54eb5c0cb761d8fe8","prev_hash":"af5d07b0f0b1ce90bf00abf14f728e3ae3942d860f4accf16e78f478bb827fd3","record_hash":"3a2be45972d98b48edd903f544e306cb7e5cecb5fd5434245df2b90417b53157","signature_hex":"eb51c3ba4069cdae881ae95be54c170466effd0edb58fe40d55e35658ae938c8eceb58d592237594f6aee2f38f26e9f36385d6b6d4006bc3d1369cf70090af0e","public_key_hex":"c2f8243b0d573587f285c830a868acd19249d17d59ecbf9329e796dfed6fb630"}
{"seq":73,"ts":1779087600000,"agent_id":"rl-qlearn","symbol":"BTCUSDT","side":"buy","price":77067.814950894,"quantity":0.02595117042405261,"notional_usd":2000.0,"fee_usd":1.2,"balance_before_usd":10014.574154434466,"balance_after_usd":10012.774294404471,"decision":"ALLOW_CAPPED","cert_hash":"9e93c4ef297ca11965f243985fa25aad09c30bcc3562a9d4cf8b25620bfcadcd","prev_hash":"3a2be45972d98b48edd903f544e306cb7e5cecb5fd5434245df2b90417b53157","record_hash":"e442b686082c4b5be8737263d07d1fbcd8e4c5781cf4c892e408e0496b220d8c","signature_hex":"e6ab566825397dd344a1bacd25d67902766d6ea0b407f81ce5d81476b28fd94d740457f0fe29d9419225cbe4530d046b9bc6c3ff3f6f4da4e89e1c8d4a351b08","public_key_hex":"c2f8243b0d573587f285c830a868acd19249d17d59ecbf9329e796dfed6fb630"}
{"seq":74,"ts":1779091200000,"agent_id":"rl-qlearn","symbol":"BTCUSDT","side":"sell","price":76990.69930144424,"quantity":0.01315507939023228,"notional_usd":1012.81876162,"fee_usd":0.607691256972,"balance_before_usd":10012.21664567948,"balance_after_usd":10011.35505220072,"decision":"ALLOW","cert_hash":"d00cc9609a736edf065b81f565ab20ab7f23b64b550137d2531e2ec6dd8b8322","prev_hash":"e442b686082c4b5be8737263d07d1fbcd8e4c5781cf4c892e408e0496b220d8c","record_hash":"d49dd044eb9f1ca3f4bda611e61d58938723c2f9941d8db223950f4d04b73002","signature_hex":"1e477b89410b09b870346a1f1a74d5a57fab19b6a106bc1f5b2beaf49f37de0db237ba855b011f294f9a46a9c9e74c91828352ce603cf317fc812675e836920c","public_key_hex":"c2f8243b0d573587f285c830a868acd19249d17d59ecbf9329e796dfed6fb630"}
{"seq":75,"ts":1779094800000,"agent_id":"rl-qlearn","symbol":"BTCUSDT","side":"sell","price":76887.328418208,"quantity":0.026012088612593437,"notional_usd":2000.0,"fee_usd":1.2,"balance_before_usd":10011.355380582247,"balance_after_usd":10009.55524055224,"decision":"ALLOW_CAPPED","cert_hash":"c6946111690f9d72c2f82911c8fbe937c22e7b10b0e2ab878c8d2d871ec27f98","prev_hash":"d49dd044eb9f1ca3f4bda611e61d58938723c2f9941d8db223950f4d04b73002","record_hash":"1e11813236061d413c83254b915dc16e3ac3b81893f19001fd352912cb475ad7","signature_hex":"f0d2ad0fd408c4b3a4965e5438c5a5438edea477deab429a835e644038a24cc1b791574734d3d6a5e40dd3aeb1f5ccbee2236b23e5a93304d3061ee8257a670b","public_key_hex":"c2f8243b0d573587f285c830a868acd19249d17d59ecbf9329e796dfed6fb630"}
{"seq":76,"ts":1779098400000,"agent_id":"rl-qlearn","symbol":"BTCUSDT","side":"sell","price":76724.87716495799,"quantity":0.026067164574275083,"notional_usd":2000.0,"fee_usd":1.2,"balance_before_usd":10013.782740714818,"balance_after_usd":10011.982600684812,"decision":"ALLOW_CAPPED","cert_hash":"be8b4521c54ca0dc94e0f8bd7f48350ef9d42b5983ebdb67a2f805028af0a474","prev_hash":"1e11813236061d413c83254b915dc16e3ac3b81893f19001fd352912cb475ad7","record_hash":"3c3a723c38c976f06ba891397030931299494df370b3becd074452ef3a379392","signature_hex":"ea6688c807a424b0a7b9fa1387135167aabcf743a7f1cab3b6f5d28362cab0ded65d526fa70dc8a94f81dccb454dea50eb2d52fa547b7ff02864c02e1f03d500","public_key_hex":"c2f8243b0d573587f285c830a868acd19249d17d59ecbf9329e796dfed6fb630"}
{"seq":77,"ts":1779102000000,"agent_id":"rl-qlearn","symbol":"BTCUSDT","side":"buy","price":77288.1810453,"quantity":0.02587717776444711,"notional_usd":2000.0,"fee_usd":1.2,"balance_before_usd":9985.050713981487,"balance_after_usd":9983.250853951493,"decision":"ALLOW_CAPPED","cert_hash":"145410a194c4e2861490ab45cc65506163e147b5cffa1b6a69e38aec27d8624c","prev_hash":"3c3a723c38c976f06ba891397030931299494df370b3becd074452ef3a379392","record_hash":"b2feaf5ebf602ceec8f825947b662cafab335e041a53e675e3682faa0e15fa66","signature_hex":"cdc2a30e4dd231fb3e2e3d22f7bc2f8233cbcfb2933fa4598f643d193b47d2cbf2702a1b63e199ae86da22390876b8d8778062a40e2db3ee0269eb2664e95d0a","public_key_hex":"c2f8243b0d573587f285c830a868acd19249d17d59ecbf9329e796dfed6fb630"}
{"seq":78,"ts":1779105600000,"agent_id":"rl-qlearn","symbol":"BTCUSDT","side":"buy","price":77637.885932292,"quantity":0.02576061900686219,"notional_usd":2000.0,"fee_usd":1.2,"balance_before_usd":9974.08945575147,"balance_after_usd":9972.289595721475,"decision":"ALLOW_CAPPED","cert_hash":"48a9b045f7ebaafbb407a970bca56a8a7f4eed3bf8c257d56bfadfbeed49955d","prev_hash":"b2feaf5ebf602ceec8f825947b662cafab335e041a53e675e3682faa0e15fa66","record_hash":"85336da6cf157df8326301accbcba033a93495cae54ffdcc27dcd0d7c30c9005","signature_hex":"f8ee7200393a1c59ea4b55d652928d1cd62fa1db266a5d97efc2a1a4153b1c50bfb6fef087914b360cafeb1742085d00886c998be18ad28af9653338fb7d7e0d","public_key_hex":"c2f8243b0d573587f285c830a868acd19249d17d59ecbf9329e796dfed6fb630"}
{"seq":79,"ts":1779109200000,"agent_id":"rl-qlearn","symbol":"BTCUSDT","side":"buy","price":76943.0775384,"quantity":0.02599324154927205,"notional_usd":2000.0,"fee_usd":1.2,"balance_before_usd":9972.598521446198,"balance_after_usd":9970.798661416204,"decision":"ALLOW_CAPPED","cert_hash":"a05e01d7a60cd930ea26547c7085d7f3978c9ff79c1141acef86aacfb01b3924","prev_hash":"85336da6cf157df8326301accbcba033a93495cae54ffdcc27dcd0d7c30c9005","record_hash":"fb8a676271921779545d0607a228a54e52e5bff9a0a9e1c335126427c1e25f03","signature_hex":"59f3e188f5079f2d129c8dcf7fab2861d39d0923bee39c5101d509a95aade5b9f05083d5c6975578fc7b890c7d26fe9e74ccc9822930a923a9894f9f64f2da01","public_key_hex":"c2f8243b0d573587f285c830a868acd19249d17d59ecbf9329e796dfed6fb630"}
{"seq":80,"ts":1779112800000,"agent_id":"rl-qlearn","symbol":"BTCUSDT","side":"sell","price":76350.47582385916,"quantity":0.025556092121566756,"notional_usd":1951.21979368,"fee_usd":1.170731876208,"balance_before_usd":9956.828748106482,"balance_after_usd":9955.077275091431,"decision":"ALLOW","cert_hash":"f7d4257226da6cc513f63b89cf7a25b2432f1f9f1d57ffbd6441c0504a404be5","prev_hash":"fb8a676271921779545d0607a228a54e52e5bff9a0a9e1c335126427c1e25f03","record_hash":"d8c4518505de620729f66fedaed86ef654241fc2238c0beb0d1d4031156eb828","signature_hex":"32db0ce3f0370fc4bceffb902899d3ce4f71312982d8315955b4cc5939aa344708d71efd5d00634cf88e28be084231656c06286eadc0290beac1d9ae620b9b0d","public_key_hex":"c2f8243b0d573587f285c830a868acd19249d17d59ecbf9329e796dfed6fb630"}
{"seq":81,"ts":1779134400000,"agent_id":"rl-qlearn","symbol":"BTCUSDT","side":"buy","price":76895.963407458,"quantity":0.026009167599635324,"notional_usd":2000.0,"fee_usd":1.2,"balance_before_usd":9955.073533466004,"balance_after_usd":9953.273673436011,"decision":"ALLOW_CAPPED","cert_hash":"b55f59e3c35c056d5cf371d0b353617547b23482e5264ccaf586088e5654ada3","prev_hash":"d8c4518505de620729f66fedaed86ef654241fc2238c0beb0d1d4031156eb828","record_hash":"a87646b520e31df6a0d388a8c46eb422ec2b17cf0cae2e71815f852b7325cbb3","signature_hex":"cf55a1622d1ea0a134d00266136f5173fc4907e9e6a4dd20cc11a8a185275da035049643cab77a2ccda2cc29f8ccc3c6aaaf730a48239f71dbe6715b8f44f603","public_key_hex":"c2f8243b0d573587f285c830a868acd19249d17d59ecbf9329e796dfed6fb630"}
{"seq":82,"ts":1779138000000,"agent_id":"rl-qlearn","symbol":"BTCUSDT","side":"sell","price":77037.083481204,"quantity":0.02596152280982928,"notional_usd":2000.0,"fee_usd":1.2,"balance_before_usd":9958.143766299883,"balance_after_usd":9956.343626269878,"decision":"ALLOW_CAPPED","cert_hash":"c411751b8c1052505c711571c71afd686cf0f712c4c42bb32390785b0fb53a64","prev_hash":"a87646b520e31df6a0d388a8c46eb422ec2b17cf0cae2e71815f852b7325cbb3","record_hash":"a514e26af7c07857c7738becc33f6e85207a35740dbc5739b45dcea03fe6aeda","signature_hex":"ca3a3a1a43c8fe1cd2f44320a628b57aced65b175a00fa6545da3924c5e730c3c773046b45062143dba41c796e85ecef165e2ca47c24e7122c975384d6245e07","public_key_hex":"c2f8243b0d573587f285c830a868acd19249d17d59ecbf9329e796dfed6fb630"}
{"seq":83,"ts":1779148800000,"agent_id":"rl-qlearn","symbol":"BTCUSDT","side":"buy","price":77125.032112038,"quantity":0.025931917890090986,"notional_usd":2000.0,"fee_usd":1.2,"balance_before_usd":9956.345169395096,"balance_after_usd":9954.545309365101,"decision":"ALLOW_CAPPED","cert_hash":"26f0ca157d0498e1024f134cda2350b641571ac60c4d53ae11fc1ad18757ada6","prev_hash":"a514e26af7c07857c7738becc33f6e85207a35740dbc5739b45dcea03fe6aeda","record_hash":"f9d305baddf90a142cbf4d2d293eff240545f61bfa67e60fcf40ac822d13e6c4","signature_hex":"512451b9d98f8ac93734915e732825a0340807dbffad98271dc1dd30037ee6284ce8933704128eb11ba5237a912d639742f14b247c0caef0821f7366d5107b0c","public_key_hex":"c2f8243b0d573587f285c830a868acd19249d17d59ecbf9329e796dfed6fb630"}
{"seq":84,"ts":1779152400000,"agent_id":"rl-qlearn","symbol":"BTCUSDT","side":"sell","price":76605.812892576,"quantity":0.02610767935854413,"notional_usd":2000.0,"fee_usd":1.2,"balance_before_usd":9942.257975709446,"balance_after_usd":9940.457835679439,"decision":"ALLOW_CAPPED","cert_hash":"7e30c7fe50f078957371488c0bcc2901ae9c774fedd1c57df55af7501fe8476d","prev_hash":"f9d305baddf90a142cbf4d2d293eff240545f61bfa67e60fcf40ac822d13e6c4","record_hash":"ff0e10a9bc3558fe5268f76bc17dab7318acbc527a261a665c5196d227e01976","signature_hex":"2e02e1850f2cb80feeb28fcf7da487f03fc57c024ebd1a14ca7a6382119b1414c6a16ff346c6142442493a04245d9f8ca653f91a8dbb4fb69eca74bb6559f801","public_key_hex":"c2f8243b0d573587f285c830a868acd19249d17d59ecbf9329e796dfed6fb630"}
{"seq":85,"ts":1779181200000,"agent_id":"rl-qlearn","symbol":"BTCUSDT","side":"buy","price":76803.135565602,"quantity":0.02604060348931567,"notional_usd":2000.0,"fee_usd":1.2,"balance_before_usd":9940.437781922776,"balance_after_usd":9938.637921892783,"decision":"ALLOW_CAPPED","cert_hash":"034a1dc04c03ea7fa7ff216d71dfb5ee781c2ded5e63c3cd67bce2f66876a1a3","prev_hash":"ff0e10a9bc3558fe5268f76bc17dab7318acbc527a261a665c5196d227e01976","record_hash":"57c2a342c39dae50740087bb05019ef0403b8427085d365cf81c5fbd7f44a4dd","signature_hex":"8a04fd2a771b9b1b8176134aea9c27d16e4656b0abe9bae680b225eb26360ff7a6bab4b666ff1d1cd1db7d6f6da4754beb7b31f176458ece83be931fdc632d04","public_key_hex":"c2f8243b0d573587f285c830a868acd19249d17d59ecbf9329e796dfed6fb630"}
{"seq":86,"ts":1779184800000,"agent_id":"rl-qlearn","symbol":"BTCUSDT","side":"sell","price":76985.31868007073,"quantity":0.0259126494807434,"notional_usd":1994.89357812,"fee_usd":1.1969361468720001,"balance_before_usd":9944.552006640482,"balance_after_usd":9942.756972340732,"decision":"ALLOW","cert_hash":"46f4f00133cab4dd2cd71e724e2693f58620eb9deaaf1c3fb51807afe05dbb3d","prev_hash":"57c2a342c39dae50740087bb05019ef0403b8427085d365cf81c5fbd7f44a4dd","record_hash":"8c546614a00d1e2ea5d190cca75f3d7c1fe123cceb4cb7337d48324ffa0f99c3","signature_hex":"85e5dec94d86c390d1105aa20020ce4451841c27f3910fbf661f57dcb290205387f4206d3326edd8daecb0a53cd0e27c25634d485c7fc02b42de735d88a3c904","public_key_hex":"c2f8243b0d573587f285c830a868acd19249d17d59ecbf9329e796dfed6fb630"}
{"seq":87,"ts":1779188400000,"agent_id":"rl-qlearn","symbol":"BTCUSDT","side":"sell","price":76657.09750360201,"quantity":0.02609021297611774,"notional_usd":2000.0,"fee_usd":1.2,"balance_before_usd":9942.759522135604,"balance_after_usd":9940.959382105599,"decision":"ALLOW_CAPPED","cert_hash":"3ba71a4de2797a08455614e3c16a501c9d909fdf21a121515d6e5084ddc2e41c","prev_hash":"8c546614a00d1e2ea5d190cca75f3d7c1fe123cceb4cb7337d48324ffa0f99c3","record_hash":"99355e1543f42853fbe3a82c0f781feb57507e2cea400e2656152f09033a23aa","signature_hex":"1afd12a80894bfd32f6543cf2af1ba09bfc40c9db72ed6b82b89e9a4277e612cc095a0ff36a5cc51a2bd589736529e8d9b77cc2d6202a44b124e17699fca530b","public_key_hex":"c2f8243b0d573587f285c830a868acd19249d17d59ecbf9329e796dfed6fb630"}
{"seq":88,"ts":1779192000000,"agent_id":"rl-qlearn","symbol":"BTCUSDT","side":"sell","price":76882.829768118,"quantity":0.026013610659650382,"notional_usd":2000.0,"fee_usd":1.2,"balance_before_usd":9935.06645830349,"balance_after_usd":9933.266318273483,"decision":"ALLOW_CAPPED","cert_hash":"736ff7844d7499f13dccc716681f0142148c7ef27e6a56a4dd5346374a34cd77","prev_hash":"99355e1543f42853fbe3a82c0f781feb57507e2cea400e2656152f09033a23aa","record_hash":"870942dd2cc3bd6c9864c97b8bb92d251b0812935b80bdb08d6d8c380148329d","signature_hex":"e63988d55dd82f48c9c9d80736aefdc1ccea5d498bdc6ab404e0045fa9cea34f421444541a8454fabff7f4e69066b334c7f331ccaac6dab0e12b7ace4920e507","public_key_hex":"c2f8243b0d573587f285c830a868acd19249d17d59ecbf9329e796dfed6fb630"}
{"seq":89,"ts":1779195600000,"agent_id":"rl-qlearn","symbol":"BTCUSDT","side":"sell","price":76824.82928661177,"quantity":0.012545303305710818,"notional_usd":963.79078481,"fee_usd":0.578274470886,"balance_before_usd":9936.497236871895,"balance_after_usd":9935.679714517299,"decision":"ALLOW","cert_hash":"09f38392f2481854d91c5ef025dbfe55bfd9abbce2f65230df37694c64080f72","prev_hash":"870942dd2cc3bd6c9864c97b8bb92d251b0812935b80bdb08d6d8c380148329d","record_hash":"1a17a1be62256b8769b87b3d39c904bdf60651b8d53917cedd1c4397e3985e8b","signature_hex":"23823509f1873b803a6a750ef6a0a397bfcca10ba6007a07566e3c493720b38c074143c6f27b3ae35149b5a83bfe36b9134565767313a3bf7267a67f62f22a08","public_key_hex":"c2f8243b0d573587f285c830a868acd19249d17d59ecbf9329e796dfed6fb630"}
{"seq":90,"ts":1779206400000,"agent_id":"rl-qlearn","symbol":"BTCUSDT","side":"buy","price":76893.862777416,"quantity":0.026009878132789124,"notional_usd":2000.0,"fee_usd":1.2,"balance_before_usd":9934.43746679306,"balance_after_usd":9932.637606763066,"decision":"ALLOW_CAPPED","cert_hash":"e4fe0db17f86e69363405211b52ea9f6f4656d8c254e8e6bbe2b1e8ce6f9b9b1","prev_hash":"1a17a1be62256b8769b87b3d39c904bdf60651b8d53917cedd1c4397e3985e8b","record_hash":"d016bace96bb1555dd2841ccee6803e0de67651bc45f0b4b1717b269c7a6d01f","signature_hex":"6ed1d43cd6f8c91ca1c0d69504cec1bef33e0feb9f0add3b91bf3119df0779732eaf87827a9e8d67d901c050ef80116d327f7f096ff2475e553059b3042f3807","public_key_hex":"c2f8243b0d573587f285c830a868acd19249d17d59ecbf9329e796dfed6fb630"}
{"seq":91,"ts":1779210000000,"agent_id":"rl-qlearn","symbol":"BTCUSDT","side":"buy","price":76848.24909650399,"quantity":0.026025316432238463,"notional_usd":2000.0,"fee_usd":1.2,"balance_before_usd":9934.399910668493,"balance_after_usd":9932.600050638499,"decision":"ALLOW_CAPPED","cert_hash":"3da5659d1ee7e79bac5cc1895184792e6516b7b32ac9c1a44f0c7db9e0bf2fcc","prev_hash":"d016bace96bb1555dd2841ccee6803e0de67651bc45f0b4b1717b269c7a6d01f","record_hash":"594dd64560eca0cdb041d6f96780873333419c7d282e3a26649ef3804ff25226","signature_hex":"f9cd58ebea10e66021720d144f1b520fdbb8f41fafe10822259063aa4970af149470d10638d87db9fbdbef78f54f5d5d20904ac25dd35d68ac078bdf9431ef07","public_key_hex":"c2f8243b0d573587f285c830a868acd19249d17d59ecbf9329e796dfed6fb630"}
{"seq":92,"ts":1779213600000,"agent_id":"rl-qlearn","symbol":"BTCUSDT","side":"buy","price":76798.834275516,"quantity":0.026042061951422276,"notional_usd":2000.0,"fee_usd":1.2,"balance_before_usd":9933.22356257096,"balance_after_usd":9931.423702540966,"decision":"ALLOW_CAPPED","cert_hash":"ff25781f68e980c6c199ffbd6f5e763967c9b626f5f96e687f9892af9a6333e8","prev_hash":"594dd64560eca0cdb041d6f96780873333419c7d282e3a26649ef3804ff25226","record_hash":"8de447f7bc4f84c15404518b260e7c394da7480690f686d7af3054158cceabd4","signature_hex":"0eaf319fcbf61a6a9a2e3eabb7912c1928e90777101595fdb3c114d1f0eaa79a983e6f1d3ef13eb8b3c8d3a2988affadba28d4ab28e0a312be7589c5ba2ae80a","public_key_hex":"c2f8243b0d573587f285c830a868acd19249d17d59ecbf9329e796dfed6fb630"}
{"seq":93,"ts":1779217200000,"agent_id":"rl-qlearn","symbol":"BTCUSDT","side":"sell","price":76768.78694389212,"quantity":0.013423739132587539,"notional_usd":1030.52416946,"fee_usd":0.618314501676,"balance_before_usd":9931.588773004805,"balance_after_usd":9930.711205076084,"decision":"ALLOW","cert_hash":"d0d0526b997c40b2d932cfff76bcc77a4b1816311e1d1f6a0a764a7fd2c14519","prev_hash":"8de447f7bc4f84c15404518b260e7c394da7480690f686d7af3054158cceabd4","record_hash":"db9f821af98b8e4ee2c3666ef3c031f0b8f7ee620666bfa7bfdabaf496f7751a","signature_hex":"47c8bb02c91e29e54c5d7cb1429a1c795e7466be6d22fec743c082e48eaef60abd1db56be044bbdf989f550a4f513d887e3ab197dea0f31ba4541ddef713af05","public_key_hex":"c2f8243b0d573587f285c830a868acd19249d17d59ecbf9329e796dfed6fb630"}
{"seq":94,"ts":1779220800000,"agent_id":"rl-qlearn","symbol":"BTCUSDT","side":"sell","price":76961.306219688,"quantity":0.025987084916294808,"notional_usd":2000.0,"fee_usd":1.2,"balance_before_usd":9930.710542324328,"balance_after_usd":9928.910402294323,"decision":"ALLOW_CAPPED","cert_hash":"6af97bb54e7e7c3649523c12fa60efc96c2ab194a84ff7d3060b097edc9d33a0","prev_hash":"db9f821af98b8e4ee2c3666ef3c031f0b8f7ee620666bfa7bfdabaf496f7751a","record_hash":"d1ae3f80a2cdec97d838ee98515ada52ccb6f6e4d4edf531e1b75e36bd80c134","signature_hex":"ae99f264e9280fc4b7a2d8cb6040aadc5bb1b51860134a21791c7f88ebfe0e2ddb597c771e2d76fb0e38dace9323f365d41119f7a80a0da9838240758c8a2b0a","public_key_hex":"c2f8243b0d573587f285c830a868acd19249d17d59ecbf9329e796dfed6fb630"}
{"seq":95,"ts":1779224400000,"agent_id":"rl-qlearn","symbol":"BTCUSDT","side":"buy","price":76968.68521891201,"quantity":0.02598459353062431,"notional_usd":2000.0,"fee_usd":1.2,"balance_before_usd":9929.918832186364,"balance_after_usd":9928.11897215637,"decision":"ALLOW_CAPPED","cert_hash":"4667df7b8b3843d9b908b16432e9c11f40266238524354f61cf632f0a30744b5","prev_hash":"d1ae3f80a2cdec97d838ee98515ada52ccb6f6e4d4edf531e1b75e36bd80c134","record_hash":"fb8cb7c131005fa4b3610a70428ab1065a409da4c48739cbd5f5b454511c92b5","signature_hex":"ffedc5fae8f186670f96791a13ef6ad64790fc5d47ab58049891c38ae39432aa258359a9281f76f273746b55aa35c6e8bc4962f75307a17e0638643820872f04","public_key_hex":"c2f8243b0d573587f285c830a868acd19249d17d59ecbf9329e796dfed6fb630"}
{"seq":96,"ts":1779228000000,"agent_id":"rl-qlearn","symbol":"BTCUSDT","side":"sell","price":76664.395313748,"quantity":0.026087729405743398,"notional_usd":2000.0,"fee_usd":1.2,"balance_before_usd":9928.12048717185,"balance_after_usd":9926.320347141842,"decision":"ALLOW_CAPPED","cert_hash":"6ff2e756ac91eb442da74838f99b928c378a344e193f0827cd180977807cb9ee","prev_hash":"fb8cb7c131005fa4b3610a70428ab1065a409da4c48739cbd5f5b454511c92b5","record_hash":"2cda7ea029d2e0e53b59eea91afac14b726928b93f45ebb209ffec72252fc8db","signature_hex":"fb2b93e7f2be5cb939bc730508592ef5534e4edd9a24e41ad0a53b1d7271aa78eb6db77d14bc8ee4ff71b603b5f007bef64b87ce4b97daf8eec69f116a3b110c","public_key_hex":"c2f8243b0d573587f285c830a868acd19249d17d59ecbf9329e796dfed6fb630"}
{"seq":97,"ts":1779231600000,"agent_id":"rl-qlearn","symbol":"BTCUSDT","side":"buy","price":76826.842676076,"quantity":0.02603256791942594,"notional_usd":2000.0,"fee_usd":1.2,"balance_before_usd":9923.283052449851,"balance_after_usd":9921.483192419857,"decision":"ALLOW_CAPPED","cert_hash":"e378e3a89e8b24c45eda9971bbc3ad36dfc3fc14173917ea5fbc19b73a06764a","prev_hash":"2cda7ea029d2e0e53b59eea91afac14b726928b93f45ebb209ffec72252fc8db","record_hash":"59565f43102fa27c9333b9bfa1480be57709f3f214414c93485885583737d101","signature_hex":"33cca3f4ab54aa73c6e2de9a43d502b0a44ac709ee7f5bcfb9ef92f919ff35e48dae750338702b6528b97eb6f0c9c52b54c0ac70c375bdebb38bfd355cbd020e","public_key_hex":"c2f8243b0d573587f285c830a868acd19249d17d59ecbf9329e796dfed6fb630"}
{"seq":98,"ts":1779235200000,"agent_id":"rl-qlearn","symbol":"BTCUSDT","side":"sell","price":76740.07260526202,"quantity":0.026062002967962548,"notional_usd":2000.0,"fee_usd":1.2,"balance_before_usd":9921.486088564687,"balance_after_usd":9919.68594853468,"decision":"ALLOW_CAPPED","cert_hash":"cf187b20c2b2c0f87ce98ca6992b6cbdc09479d171232dd2502b92fd31073d84","prev_hash":"59565f43102fa27c9333b9bfa1480be57709f3f214414c93485885583737d101","record_hash":"18140166271e224a5ab80279eec6b85d5f784e3ed403a5a400434b835511f479","signature_hex":"b391a97f96d7e5e3811972ac5162ae09e8fba09d8b365d6f52ce218ad343a9fadefe393cb6ad092e2b0ecde4372f21eb1070671344295b1fcb00507bbe281006","public_key_hex":"c2f8243b0d573587f285c830a868acd19249d17d59ecbf9329e796dfed6fb630"}
{"seq":99,"ts":1779238800000,"agent_id":"rl-qlearn","symbol":"BTCUSDT","side":"sell","price":76763.865465738,"quantity":0.02605392508396623,"notional_usd":2000.0,"fee_usd":1.2,"balance_before_usd":9919.064220371682,"balance_after_usd":9917.264080341673,"decision":"ALLOW_CAPPED","cert_hash":"7e7febbce2a57cc603cd15912abd0ce02d6ff6e513d8ce3c4fbcf1f1617db218","prev_hash":"18140166271e224a5ab80279eec6b85d5f784e3ed403a5a400434b835511f479","record_hash":"9c97207cda1ceb8dd75796c370a7962b1164ef6de31fe4115f3f43f9464db5e8","signature_hex":"43f6325f72d0b5179fe65c5d9393904c5019023033bc43728336ba306e5a228ee99852dc3b77bc0ae5495a8b028bcd7c09617117cf5ea7ef2b9d2340c81b070f","public_key_hex":"c2f8243b0d573587f285c830a868acd19249d17d59ecbf9329e796dfed6fb630"}
{"seq":100,"ts":1779242400000,"agent_id":"rl-qlearn","symbol":"BTCUSDT","side":"sell","price":76640.38153924102,"quantity":0.012553487775989063,"notional_usd":962.1040928,"fee_usd":0.5772624556799999,"balance_before_usd":9923.916642377373,"balance_after_usd":9923.100631907037,"decision":"ALLOW","cert_hash":"32ef22cba2b9fd2990e5f071af261ef4899b68e870db60e0ca03164214f1fde6","prev_hash":"9c97207cda1ceb8dd75796c370a7962b1164ef6de31fe4115f3f43f9464db5e8","record_hash":"8b4a99327151933200be6d1cfc1287746e21388eaff493516d5c923b000486e9","signature_hex":"3f294e499658cab38cbf8ea25362a43660a6fb20c3d7ad684dc348c56e4bb8d7c7dad4c766c047ec75c7cd139a7f69851e6b2d0a416bb3b40424246d07781106","public_key_hex":"c2f8243b0d573587f285c830a868acd19249d17d59ecbf9329e796dfed6fb630"}
{"seq":101,"ts":1779249600000,"agent_id":"rl-qlearn","symbol":"BTCUSDT","side":"buy","price":76775.727345054,"quantity":0.026049899742549856,"notional_usd":2000.0,"fee_usd":1.2,"balance_before_usd":9917.06128139612,"balance_after_usd":9915.261421366125,"decision":"ALLOW_CAPPED","cert_hash":"5e2063d391c168245cca8ee0ae348698667cd6e2d9e1c8268cb2cad2fd9573ec","prev_hash":"8b4a99327151933200be6d1cfc1287746e21388eaff493516d5c923b000486e9","record_hash":"d0d7e4fa85e506634e086d669c5ed7c9526538b7eefa160f40a87923693506d2","signature_hex":"3b110471eecf6adcf12636d2ca12e37aebd64459ab166c285914b943168c15753cd9d0ee941d2dfd1e1681c4f00cc49327a2e84f845b6e38806ed535349d1e05","public_key_hex":"c2f8243b0d573587f285c830a868acd19249d17d59ecbf9329e796dfed6fb630"}
{"seq":102,"ts":1779253200000,"agent_id":"rl-qlearn","symbol":"BTCUSDT","side":"buy","price":77184.14984322,"quantity":0.02591205583092503,"notional_usd":2000.0,"fee_usd":1.2,"balance_before_usd":9899.468154770693,"balance_after_usd":9897.668294740697,"decision":"ALLOW_CAPPED","cert_hash":"39598dda55f19cafbe1271fc0fd47612cbe16dd02fde8167cfbef1cbb488c1b6","prev_hash":"d0d7e4fa85e506634e086d669c5ed7c9526538b7eefa160f40a87923693506d2","record_hash":"9c5bfd13b2cc75eb976eaa68eaea4d7061ff1e91aa584cd40bf5252915b37105","signature_hex":"9bb33c500eb1ae2db9d107be9b505cd9225a2ebc7068ae0051708c0566681bed544cd864757c5b04db71cd32a28368d3fc5b198a3c1859c5f028972cd910e809","public_key_hex":"c2f8243b0d573587f285c830a868acd19249d17d59ecbf9329e796dfed6fb630"}
{"seq":103,"ts":1779256800000,"agent_id":"rl-qlearn","symbol":"BTCUSDT","side":"buy","price":77393.112517398,"quantity":0.025842092854844147,"notional_usd":2000.0,"fee_usd":1.2,"balance_before_usd":9895.000957316475,"balance_after_usd":9893.20109728648,"decision":"ALLOW_CAPPED","cert_hash":"15d12e4d474e6bd23522ea81c7d7f1d9f7322276ffbea0c90fc48851d522467c","prev_hash":"9c5bfd13b2cc75eb976eaa68eaea4d7061ff1e91aa584cd40bf5252915b37105","record_hash":"3d7c01518a059789dae66eb217571f5b6497eccb839f62b572193f49d6a8c5ad","signature_hex":"0f473df63a7b52b9bcda43f7e8e78d6f168247d0dd3c9767d7f41f36e3434e33ae646f3d9242a4fbde7dee2242fb199dbfcdc465028f1c5b540b9fff9ecde90a","public_key_hex":"c2f8243b0d573587f285c830a868acd19249d17d59ecbf9329e796dfed6fb630"}
{"seq":104,"ts":1779260400000,"agent_id":"rl-qlearn","symbol":"BTCUSDT","side":"sell","price":77221.1531444747,"quantity":0.01307687894780232,"notional_usd":1009.81167188,"fee_usd":0.6058870031279999,"balance_before_usd":9891.50937299234,"balance_after_usd":9890.650489501484,"decision":"ALLOW","cert_hash":"712d6f304babcca17620193c7e5dfa05fe7da0cbcdb29e57995f610fa5d4bea5","prev_hash":"3d7c01518a059789dae66eb217571f5b6497eccb839f62b572193f49d6a8c5ad","record_hash":"cc34b9126e92119db91fb8fceda91d8dd7bcb1019f4feb5978e51bd60c93a397","signature_hex":"1e41b9926ee8859a9defacdb08e8f2226227f66aab1d7802347050e75f590105381e785620fd5d9c5525cfedf8f0789924f5f3e40d256137f7b15058689ad202","public_key_hex":"c2f8243b0d573587f285c830a868acd19249d17d59ecbf9329e796dfed6fb630"}
{"seq":105,"ts":1779271200000,"agent_id":"rl-qlearn","symbol":"BTCUSDT","side":"buy","price":77495.043089436,"quantity":0.025808102302644395,"notional_usd":2000.0,"fee_usd":1.2,"balance_before_usd":9890.64974685345,"balance_after_usd":9888.849886823456,"decision":"ALLOW_CAPPED","cert_hash":"c6d2b6743806361895ea4e8c7a3ef55d739a8db6f1e457b96456b06297c8fd13","prev_hash":"cc34b9126e92119db91fb8fceda91d8dd7bcb1019f4feb5978e51bd60c93a397","record_hash":"9cf3e83413aaf4affad69a330d138cb85f609c747c49f07b3ab9d7f357cc65f4","signature_hex":"234a1a5494afb74903bfbde94f80cde6e9e152f2d9dca35e5d9772d621ab2ac4654490fff461040e1d44856549adc2953cb62fa54428e72baabdae6d303bd90c","public_key_hex":"c2f8243b0d573587f285c830a868acd19249d17d59ecbf9329e796dfed6fb630"}
{"seq":106,"ts":1779274800000,"agent_id":"rl-qlearn","symbol":"BTCUSDT","side":"sell","price":77321.71404024272,"quantity":0.02581256479016014,"notional_usd":1995.87175335,"fee_usd":1.19752305201,"balance_before_usd":9885.57525429436,"balance_after_usd":9883.779242153892,"decision":"ALLOW","cert_hash":"e59c24bb74108f241ecf29585dd618eba08c7f1b6603716100b3cfe998b1e5c9","prev_hash":"9cf3e83413aaf4affad69a330d138cb85f609c747c49f07b3ab9d7f357cc65f4","record_hash":"d54133d243bc3423b5a56e921c56fe09f4c0a7227acc77b99708caf9b3d260b0","signature_hex":"fc691dd1998cfec7615f97d357aa9b4b4ddac256ac5247336e2f17813504743a56790ae3620a8160f31e757442b8b3a50182b99fc3cdeca2b0bb3b06dbb2a304","public_key_hex":"c2f8243b0d573587f285c830a868acd19249d17d59ecbf9329e796dfed6fb630"}
{"seq":107,"ts":1779300000000,"agent_id":"rl-qlearn","symbol":"BTCUSDT","side":"sell","price":77360.28649767001,"quantity":0.025853058339697817,"notional_usd":2000.0,"fee_usd":1.2,"balance_before_usd":9883.778993123104,"balance_after_usd":9881.978853093096,"decision":"ALLOW_CAPPED","cert_hash":"3056e3b9a5991e8a40de0f38ce08e50bcc625bd2c658c896fb3d51a72e1a9846","prev_hash":"d54133d243bc3423b5a56e921c56fe09f4c0a7227acc77b99708caf9b3d260b0","record_hash":"46f33f29f384d52a111cb4ae2daf79364c06382ac3c84149cc63154c16d4412b","signature_hex":"086edeaebc49685499b044a6013721d654feb4412fb8a16af9453c817e9aceaa7aefd262f7ab78eaee036367ee0cf3f05ab5e0023b243480077590a989b1cf0c","public_key_hex":"c2f8243b0d573587f285c830a868acd19249d17d59ecbf9329e796dfed6fb630"}
{"seq":108,"ts":1779303600000,"agent_id":"rl-qlearn","symbol":"BTCUSDT","side":"buy","price":77661.192922758,"quantity":0.025752887957685697,"notional_usd":2000.0,"fee_usd":1.2,"balance_before_usd":9875.399866523172,"balance_after_usd":9873.600006493178,"decision":"ALLOW_CAPPED","cert_hash":"975808356568f9da07903279e57d6813bc88d1ad3efad16eba4015f051362c38","prev_hash":"46f33f29f384d52a111cb4ae2daf79364c06382ac3c84149cc63154c16d4412b","record_hash":"3424e64ef551bb0bac4bcb35311b042df95799eff0a1e623bf0de1cc8d8cc316","signature_hex":"7af99d8c8082558a65dd4bab2f9c430288800cf758c8a12a8bc2128542142e010f28d82d18dfe9b847a5b20b60fed0798c1b4734b853a659b836171a346bb30f","public_key_hex":"c2f8243b0d573587f285c830a868acd19249d17d59ecbf9329e796dfed6fb630"}
{"seq":109,"ts":1779307200000,"agent_id":"rl-qlearn","symbol":"BTCUSDT","side":"buy","price":77703.405583602,"quantity":0.025738897606594306,"notional_usd":2000.0,"fee_usd":1.2,"balance_before_usd":9873.59545276259,"balance_after_usd":9871.795592732598,"decision":"ALLOW_CAPPED","cert_hash":"2c9fe0d9b99e1af10b76698dc815485d5486385bf89af2767bb9c37a30834a90","prev_hash":"3424e64ef551bb0bac4bcb35311b042df95799eff0a1e623bf0de1cc8d8cc316","record_hash":"2ce2a5bb56644866179855ebfaf19c54f77b16192eb55f0b3d3ce2ba5bd2c423","signature_hex":"5a53bd3b77c525900df0a60991e64647e9ec56c62f3087de181e4395555c25937a8d08513896d322c08bf1124e361c9a0d50820b61d5e7b40299982cf508c00a","public_key_hex":"c2f8243b0d573587f285c830a868acd19249d17d59ecbf9329e796dfed6fb630"}
{"seq":110,"ts":1779310800000,"agent_id":"rl-qlearn","symbol":"BTCUSDT","side":"sell","price":77451.85901950201,"quantity":0.025822491871969264,"notional_usd":2000.0,"fee_usd":1.2,"balance_before_usd":9866.541239926333,"balance_after_usd":9864.741099896328,"decision":"ALLOW_CAPPED","cert_hash":"1f940ac3d655e7b87c8d855ffb460810492f72c53d9dd86e78debc41e452b9c6","prev_hash":"2ce2a5bb56644866179855ebfaf19c54f77b16192eb55f0b3d3ce2ba5bd2c423","record_hash":"b9cbb8ba1869c57dd3968206c5fe121bb368854a9d69204ffb74d4c73b5c9533","signature_hex":"539bdac810e2e732ea8ed970e74325836718d822f89d23e5005528c43d2db6b1d998f65daaf98e5b78badb97a898588a5af1a240928a2995aa82cc5c6a378806","public_key_hex":"c2f8243b0d573587f285c830a868acd19249d17d59ecbf9329e796dfed6fb630"}
{"seq":111,"ts":1779314400000,"agent_id":"rl-qlearn","symbol":"BTCUSDT","side":"sell","price":77455.75784958,"quantity":0.025821192065333915,"notional_usd":2000.0,"fee_usd":1.2,"balance_before_usd":9864.740353036292,"balance_after_usd":9862.940213006284,"decision":"ALLOW_CAPPED","cert_hash":"c7fd650fdcad83b68cbc58e8784d679e016128b3845cb985e9fdd80eb0c4b291","prev_hash":"b9cbb8ba1869c57dd3968206c5fe121bb368854a9d69204ffb74d4c73b5c9533","record_hash":"3bb30c5fdde27e829aa7b05dc5a89a8dec740569798d4a824af0bef0defab9e3","signature_hex":"662ea47623ef222c2414ebbaaebc81256306c4186a6a5c81e5aa87582c5012d758b79b5721e88832968269b665903d4b076614cb2dd1ed1d012134c6c04f3803","public_key_hex":"c2f8243b0d573587f285c830a868acd19249d17d59ecbf9329e796dfed6fb630"}
{"seq":112,"ts":1779318000000,"agent_id":"rl-qlearn","symbol":"BTCUSDT","side":"sell","price":77496.14573038799,"quantity":0.025807735096375958,"notional_usd":2000.0,"fee_usd":1.2,"balance_before_usd":9861.889300142891,"balance_after_usd":9860.089160112884,"decision":"ALLOW_CAPPED","cert_hash":"d357c9098756e1d172a6382002fd0ceb35316aff702246b75c47c821d79fd794","prev_hash":"3bb30c5fdde27e829aa7b05dc5a89a8dec740569798d4a824af0bef0defab9e3","record_hash":"26d8c1cf616feae72a1301b6d9b76b5eacd8680ae3e0b9082358cc69de77886a","signature_hex":"a0bf81c339bb82b808e7039441a3e3d37f71e38050ef2caecc452be110db0869df8f4f78915a8ca7d2ab878f790c4b9789bd2cd94107d4db52d534dd242f790d","public_key_hex":"c2f8243b0d573587f285c830a868acd19249d17d59ecbf9329e796dfed6fb630"}
{"seq":113,"ts":1779321600000,"agent_id":"rl-qlearn","symbol":"BTCUSDT","side":"buy","price":77947.27872847799,"quantity":0.025658368484765347,"notional_usd":2000.0,"fee_usd":1.2,"balance_before_usd":9839.53160128361,"balance_after_usd":9837.731741253616,"decision":"ALLOW_CAPPED","cert_hash":"83cd079fde35f123bfa5720d74c7d327d489542e16170a7355a2cbfb3bffc7b0","prev_hash":"26d8c1cf616feae72a1301b6d9b76b5eacd8680ae3e0b9082358cc69de77886a","record_hash":"407e656aaf84319d75429826d2638e6863eaa546feeee66b5636a650a12cdaf9","signature_hex":"2e2640c7299079664371ae2a24cc73f3aef936b43b81e2183c71295c08f479631e87590881c7c9ba12431d308f3623c58e98128ea1a4a1cfc6bdb9baea32190a","public_key_hex":"c2f8243b0d573587f285c830a868acd19249d17d59ecbf9329e796dfed6fb630"}
{"seq":114,"ts":1779325200000,"agent_id":"rl-qlearn","symbol":"BTCUSDT","side":"buy","price":77839.746476328,"quantity":0.025693814414056756,"notional_usd":2000.0,"fee_usd":1.2,"balance_before_usd":9840.544162837996,"balance_after_usd":9838.744302808002,"decision":"ALLOW_CAPPED","cert_hash":"616ffa9d58562484c5a557c0b3d0243de7771dbcd4f0745d1f9101cd3a4f542e","prev_hash":"407e656aaf84319d75429826d2638e6863eaa546feeee66b5636a650a12cdaf9","record_hash":"aeb8666ce8823c27b5f1e5529dd6216413e3d436aa16b7172e97f417c773020e","signature_hex":"15f3b84425aabeee4ceaf68d0b9a98c686580f62d9160e8a2a344f1deb527ed1a5b930f9a20f85f55bc3ba4bc6aa1de5a9eb6dcd46b22e946b3807d18db3ac0e","public_key_hex":"c2f8243b0d573587f285c830a868acd19249d17d59ecbf9329e796dfed6fb630"}
{"seq":115,"ts":1779328800000,"agent_id":"rl-qlearn","symbol":"BTCUSDT","side":"buy","price":77933.574618204,"quantity":0.025662880341341777,"notional_usd":2000.0,"fee_usd":1.2,"balance_before_usd":9838.700381254785,"balance_after_usd":9836.90052122479,"decision":"ALLOW_CAPPED","cert_hash":"3181d4049cb520c692917704e6fe882523e6e3544f40efae53905405b62b88ee","prev_hash":"aeb8666ce8823c27b5f1e5529dd6216413e3d436aa16b7172e97f417c773020e","record_hash":"74535f44c8d717ef58c8daf808b0ad5188489e5882ab21db00d7e83b3443bcfb","signature_hex":"7fb306dbd5a8044b31fd2c584f324b6c219db50bac48b5c0c079c3cc9dee4fb27089dfcf4889890592b90e05a0e4348f7f25c080138dd834bef526513f745803","public_key_hex":"c2f8243b0d573587f285c830a868acd19249d17d59ecbf9329e796dfed6fb630"}
{"seq":116,"ts":1779332400000,"agent_id":"rl-qlearn","symbol":"BTCUSDT","side":"sell","price":78006.12568105808,"quantity":0.025202150709009986,"notional_usd":1965.92213564,"fee_usd":1.179553281384,"balance_before_usd":9839.903721538627,"balance_after_usd":9838.13760536362,"decision":"ALLOW","cert_hash":"c393f78de3797b2b424354be5d93e9a91e437f66334dd511fbf3a64efadf93a0","prev_hash":"74535f44c8d717ef58c8daf808b0ad5188489e5882ab21db00d7e83b3443bcfb","record_hash":"dec5292495eb9214b2b276f80e8d708d7dd9ec9137194ac66506e849c1a1bf2d","signature_hex":"6e3421b34d562cbae7f61170ab0f4e77f0582fa034939df21bcfea8b263f82d98813316ddbeb2c870f5ae24910699bf418ce089d6ed1f2968fe5bb962af93d08","public_key_hex":"c2f8243b0d573587f285c830a868acd19249d17d59ecbf9329e796dfed6fb630"}
{"seq":117,"ts":1779343200000,"agent_id":"rl-qlearn","symbol":"BTCUSDT","side":"buy","price":77611.17792175799,"quantity":0.025769483901098063,"notional_usd":2000.0,"fee_usd":1.2,"balance_before_usd":9838.14092420904,"balance_after_usd":9836.341064179045,"decision":"ALLOW_CAPPED","cert_hash":"e3b4c30e783b5b63964d09093b74429e8bf57b49de37fd1173458992d8d3de6f","prev_hash":"dec5292495eb9214b2b276f80e8d708d7dd9ec9137194ac66506e849c1a1bf2d","record_hash":"065c7dd0bb6b7d73068daa023329d42a44df5804fa7e0bea58532e52e69fee02","signature_hex":"0c94a9db2b5872246b877bca1399a019bcba2bc67b93342e6d451c9abdb01816bc5ff66ef1ba1425ff4c181b1c213b7b564721269be596ad053cd8dc80d3d90c","public_key_hex":"c2f8243b0d573587f285c830a868acd19249d17d59ecbf9329e796dfed6fb630"}
{"seq":118,"ts":1779346800000,"agent_id":"rl-qlearn","symbol":"BTCUSDT","side":"sell","price":77830.14550707,"quantity":0.02569698395101063,"notional_usd":2000.0,"fee_usd":1.2,"balance_before_usd":9843.183442533884,"balance_after_usd":9841.383302503877,"decision":"ALLOW_CAPPED","cert_hash":"180ed5749abd79b67c247737c5ea469e534c67c8dc43df12932b3c2716c1ee1b","prev_hash":"065c7dd0bb6b7d73068daa023329d42a44df5804fa7e0bea58532e52e69fee02","record_hash":"17518370b30b8bd6c588e9467ea0487b0ae0428525797284c14ba6ad6849db0c","signature_hex":"2753bc01e9afe8d0ba2c2859433e10a5aae75a86232c9763ded9a64fb1a6fb3ad37d84d703e1efef7d54cfcb900ac9f7dcc217b6006dd9640ee98004ebabbe07","public_key_hex":"c2f8243b0d573587f285c830a868acd19249d17d59ecbf9329e796dfed6fb630"}
{"seq":119,"ts":1779354000000,"agent_id":"rl-qlearn","symbol":"BTCUSDT","side":"sell","price":77580.22050207,"quantity":0.02577976689234385,"notional_usd":2000.0,"fee_usd":1.2,"balance_before_usd":9841.367102370828,"balance_after_usd":9839.566962340821,"decision":"ALLOW_CAPPED","cert_hash":"6246323f78ad67e326c7249fcab234dc5f29d9864caff9da3d13529e13944781","prev_hash":"17518370b30b8bd6c588e9467ea0487b0ae0428525797284c14ba6ad6849db0c","record_hash":"efce0baff4b66469f8dd8ecd8436bee21850b052656dcfedb8b6648e6a83886c","signature_hex":"6218d4831b81772d2741bb3a2621eabea6844b96a9924f1ee1fbaa171d726b173e03ecdae0be0f7fdddd01811602598c074fcda5779b521172c8bec2a7c22801","public_key_hex":"c2f8243b0d573587f285c830a868acd19249d17d59ecbf9329e796dfed6fb630"}
{"seq":120,"ts":1779357600000,"agent_id":"rl-qlearn","symbol":"BTCUSDT","side":"buy","price":77203.59656704041,"quantity":0.025707091198097047,"notional_usd":1984.67989777,"fee_usd":1.190807938662,"balance_before_usd":9850.444316034547,"balance_after_usd":9848.659762540616,"decision":"ALLOW","cert_hash":"c2366d2ab3b0207df91952ac4472ef1773dd194e43d0e8c1f6af6968e018d9a3","prev_hash":"efce0baff4b66469f8dd8ecd8436bee21850b052656dcfedb8b6648e6a83886c","record_hash":"85d4249b587b29e525223c15996af4d09acdae1e2c09721ce6be721cac3f819e","signature_hex":"c87b86187f5e188d1790a982120b9eacdc66172bd38e43255b9625715319966c5cd647674ef9c3546b9f1490517fc764ae0f36e7dded5426e1ece5ee6b75c50d","public_key_hex":"c2f8243b0d573587f285c830a868acd19249d17d59ecbf9329e796dfed6fb630"}
{"seq":121,"ts":1779361200000,"agent_id":"rl-qlearn","symbol":"BTCUSDT","side":"sell","price":77136.753573198,"quantity":0.025927977356502614,"notional_usd":2000.0,"fee_usd":1.2,"balance_before_usd":9848.659921015342,"balance_after_usd":9846.859780985335,"decision":"ALLOW_CAPPED","cert_hash":"43ff6ca2c27076b2036258541c2a151495dfabf0e3265cf88ddca29ac744a597","prev_hash":"85d4249b587b29e525223c15996af4d09acdae1e2c09721ce6be721cac3f819e","record_hash":"7a61ed69e0740895c7bc45bdb18ce4676ef7025d190e8c97d82b11cc6b732739","signature_hex":"270e95a386c8ac59aa370cd64c555ede7749d97461b292a0f1aa0d043afe762b1cadb54a6e129e1f1b3c5aaf7c6d61b490af089ba03b1ea07df3cbebc1d7c103","public_key_hex":"c2f8243b0d573587f285c830a868acd19249d17d59ecbf9329e796dfed6fb630"}
{"seq":122,"ts":1779364800000,"agent_id":"rl-qlearn","symbol":"BTCUSDT","side":"buy","price":77276.077415058,"quantity":0.025881230866025822,"notional_usd":2000.0,"fee_usd":1.2,"balance_before_usd":9844.447763647031,"balance_after_usd":9842.647903617037,"decision":"ALLOW_CAPPED","cert_hash":"ea7081694d986637f8b36c3669d3b0238d5e5acc499a5012976daaa75ecb4d54","prev_hash":"7a61ed69e0740895c7bc45bdb18ce4676ef7025d190e8c97d82b11cc6b732739","record_hash":"7ad7516b5891275c52dd5f24771e4b8c06d2969a9189c6f6aab5b7ed66350704","signature_hex":"0ec9335b370b7fdaa59c813b38b37353ac3107c4aa27478a83481e7f5f9b40d01eb5b8ebeade442c920a4c765e1026150e9e4fd6d0872ebb021beb3e7a248809","public_key_hex":"c2f8243b0d573587f285c830a868acd19249d17d59ecbf9329e796dfed6fb630"}
{"seq":123,"ts":1779382800000,"agent_id":"rl-qlearn","symbol":"BTCUSDT","side":"buy","price":77858.35205670001,"quantity":0.025687674439134143,"notional_usd":2000.0,"fee_usd":1.2,"balance_before_usd":9842.6166345286,"balance_after_usd":9840.816774498608,"decision":"ALLOW_CAPPED","cert_hash":"930fabf396c8dec4a8e072f89202641fc60954b3e2746233ae642a05a0db36e8","prev_hash":"7ad7516b5891275c52dd5f24771e4b8c06d2969a9189c6f6aab5b7ed66350704","record_hash":"0381e9fdd891bdab86dcd1e36f4179e0bf720ea37ca3254ea9f0dabca29ddf1d","signature_hex":"1efbf206a2915a0add5c81603e99109caf7dd4809fb007e6e83129515f41c4c179c7489d641afcdb2cee52d377aaa32e250465ac2a47b06048b07c885db1c908","public_key_hex":"c2f8243b0d573587f285c830a868acd19249d17d59ecbf9329e796dfed6fb630"}
{"seq":124,"ts":1779386400000,"agent_id":"rl-qlearn","symbol":"BTCUSDT","side":"sell","price":77333.89441714202,"quantity":0.02586188132737662,"notional_usd":2000.0,"fee_usd":1.2,"balance_before_usd":9828.56665149171,"balance_after_usd":9826.766511461703,"decision":"ALLOW_CAPPED","cert_hash":"46a233a2e5b7069a2d87fc8407c3030b58bcd34515ace3238e1913d9dab141e2","prev_hash":"0381e9fdd891bdab86dcd1e36f4179e0bf720ea37ca3254ea9f0dabca29ddf1d","record_hash":"421877f94e3bf168a698b6d1f8004641b1531668a099206fbc2e3fb0e46fdb37","signature_hex":"43b86718c6d9b838a5cbf0494c873dcee225d800d839651c3192694a4ac0b39201806326604a78a52a1401b9af6cd989bb196f73170b41d6c178277b9d86210b","public_key_hex":"c2f8243b0d573587f285c830a868acd19249d17d59ecbf9329e796dfed6fb630"}
{"seq":125,"ts":1779411600000,"agent_id":"rl-qlearn","symbol":"BTCUSDT","side":"sell","price":77553.72845154,"quantity":0.025788573159957286,"notional_usd":2000.0,"fee_usd":1.2,"balance_before_usd":9826.717399292731,"balance_after_usd":9824.917259262726,"decision":"ALLOW_CAPPED","cert_hash":"d15d8ac349ac9af1b78d9c192423fc190aed59407f75b67792d2aa02addc2c86","prev_hash":"421877f94e3bf168a698b6d1f8004641b1531668a099206fbc2e3fb0e46fdb37","record_hash":"c8e5a7640e444d3985d4bf963e215af2da2f484d11414faff28494b0378a7858","signature_hex":"cb0d186659e8a12ba9e467d33853dd1f0a16436ecef0b46a2c5c6b2de771c6cc78da8a53fc20f6c878d00af77e6e6c5c138bd465c6229f55f0a72d1ce160be0e","public_key_hex":"c2f8243b0d573587f285c830a868acd19249d17d59ecbf9329e796dfed6fb630"}
{"seq":126,"ts":1779415200000,"agent_id":"rl-qlearn","symbol":"BTCUSDT","side":"buy","price":77664.39388282201,"quantity":0.025751826545090242,"notional_usd":2000.0,"fee_usd":1.2,"balance_before_usd":9823.24955549364,"balance_after_usd":9821.449695463645,"decision":"ALLOW_CAPPED","cert_hash":"1540efa46fd02422a25c85ee9b2d1dd775794a1a5fd930341260f889e5e573c4","prev_hash":"c8e5a7640e444d3985d4bf963e215af2da2f484d11414faff28494b0378a7858","record_hash":"5164a4c23b8782cbd2ff29b484f371c484b008907325b7a37603c9a251f22c83","signature_hex":"a2d8d78e72b4dadb00bcf2c98249186ae0da6068d5a50229f3a2a77d0050c73d9d560d00d196d82acaa423dfacaa174d12c8f3f881dbe704b58bd9ecf26cf50a","public_key_hex":"c2f8243b0d573587f285c830a868acd19249d17d59ecbf9329e796dfed6fb630"}
{"seq":127,"ts":1779418800000,"agent_id":"rl-qlearn","symbol":"BTCUSDT","side":"buy","price":77760.922834752,"quantity":0.0257198593726846,"notional_usd":2000.0,"fee_usd":1.2,"balance_before_usd":9821.424085044799,"balance_after_usd":9819.624225014804,"decision":"ALLOW_CAPPED","cert_hash":"c46d83294f7b25a116f05245ab0c02bc7ae30c1c38de8eeae9c3c3583b939b37","prev_hash":"5164a4c23b8782cbd2ff29b484f371c484b008907325b7a37603c9a251f22c83","record_hash":"18aeeff8d5d992d0324e5d13fe81f2d91f53fde843c6288880ddd968254816c5","signature_hex":"6ec6b1e904466cb22101b546ec08ef1abf728ff8689a75123961e1375a758e9b14a19ffcb41a72ce430dd31408be025524b2f22cf91602a215ac5cf9ae8a1b00","public_key_hex":"c2f8243b0d573587f285c830a868acd19249d17d59ecbf9329e796dfed6fb630"}
{"seq":128,"ts":1779422400000,"agent_id":"rl-qlearn","symbol":"BTCUSDT","side":"sell","price":77594.41051167481,"quantity":0.0254620736294238,"notional_usd":1975.71459368,"fee_usd":1.1854287562080001,"balance_before_usd":9816.569689043052,"balance_after_usd":9814.79380782768,"decision":"ALLOW","cert_hash":"f0cd063472256327433d08bccf2cfac664ef4f3e12963778a963cdb477644152","prev_hash":"18aeeff8d5d992d0324e5d13fe81f2d91f53fde843c6288880ddd968254816c5","record_hash":"d398bff4df73589119aeed19dfaee0e9d1ab772806d1b44fcb801da4f490608d","signature_hex":"d700f46ea4164e29eb61e592f3050288d176458ef48a5688dcd512adabcfc4f43ff9ee26ca97f82860fd0fb7632e975b2a0eac328c4143cd6c6ba9a3b703ce00","public_key_hex":"c2f8243b0d573587f285c830a868acd19249d17d59ecbf9329e796dfed6fb630"}
{"seq":129,"ts":1779426000000,"agent_id":"rl-qlearn","symbol":"BTCUSDT","side":"sell","price":77424.167328948,"quantity":0.025831727598731608,"notional_usd":2000.0,"fee_usd":1.2,"balance_before_usd":9814.795102572805,"balance_after_usd":9812.9949625428,"decision":"ALLOW_CAPPED","cert_hash":"0699c56c1431e4d63a1c596db37efcf4d3717e7718df202b857cc865ac81647e","prev_hash":"d398bff4df73589119aeed19dfaee0e9d1ab772806d1b44fcb801da4f490608d","record_hash":"c2cc9056976b9b3a7fa9d181e9bc802d5d6772f282f82a5f012521420626dcf7","signature_hex":"7bc4c3b0a18ae69d923458fa7176df0cb0009a88eeea0afdcec92e30268c5928dd84eedecb5c033d843781f8fdae4f39d57680e03caef8b384108ad438aa9b0b","public_key_hex":"c2f8243b0d573587f285c830a868acd19249d17d59ecbf9329e796dfed6fb630"}
{"seq":130,"ts":1779429600000,"agent_id":"rl-qlearn","symbol":"BTCUSDT","side":"buy","price":77408.117017698,"quantity":0.02583708372007984,"notional_usd":2000.0,"fee_usd":1.2,"balance_before_usd":9814.609920967605,"balance_after_usd":9812.81006093761,"decision":"ALLOW_CAPPED","cert_hash":"3addfd6fd5ab2c6d243c35e09976c2d5c70ec507c249789a2fbec6fa6016f829","prev_hash":"c2cc9056976b9b3a7fa9d181e9bc802d5d6772f282f82a5f012521420626dcf7","record_hash":"c5f8dd7d7a92ecfd278c03df035cf7a6ef4a68c569d7e3dab7196a8bb0198caa","signature_hex":"3661166c425510c701f4b8b3a421ae254355f5e13384e1d34b8b3a067ca5baaf8477fec73d79aa2a19765f876958018146586c1a777ee3f30f599c2dbace8802","public_key_hex":"c2f8243b0d573587f285c830a868acd19249d17d59ecbf9329e796dfed6fb630"}
{"seq":131,"ts":1779433200000,"agent_id":"rl-qlearn","symbol":"BTCUSDT","side":"sell","price":77343.39156733202,"quantity":0.025858705695093305,"notional_usd":2000.0,"fee_usd":1.2,"balance_before_usd":9812.810102132316,"balance_after_usd":9811.00996210231,"decision":"ALLOW_CAPPED","cert_hash":"1b202707a21bf1e31cfe28a6a8985d6fbf18390df3d4b10d07fd93c2ab495ff1","prev_hash":"c5f8dd7d7a92ecfd278c03df035cf7a6ef4a68c569d7e3dab7196a8bb0198caa","record_hash":"e256248248faf77857470cca9b525fe902145489c89da122573309dbb38f2570","signature_hex":"858d70378451ef2394496640f4536182b00ddcd156cd74d17448dae778e9c6382abb4c53c6a6fa056fe17162b47ca519953f07032b5a1030529db6746d7e0900","public_key_hex":"c2f8243b0d573587f285c830a868acd19249d17d59ecbf9329e796dfed6fb630"}
