{"seq":0,"ts":1780401600000,"agent_id":"swarm","symbol":"BTCUSDT","side":"sell","price":68978.09812367588,"quantity":0.012623661277218133,"notional_usd":870.75614626,"fee_usd":0.522453687756,"balance_before_usd":10000.0,"balance_after_usd":9999.265445116707,"decision":"ALLOW","cert_hash":"f8bfc7ad9b47e4f86312f865aea7653288c0934ab48d91c3dad4da57156c465f","prev_hash":"0000000000000000000000000000000000000000000000000000000000000000","record_hash":"c060191236cd62839137030d1c91ea9f3e8e77a92e664e8c6b7aa3f7c395f3c0","signature_hex":"3b58a02e1340ea7c49482276845bf6c9d21620637af9fc1269aefa66d587fe97f4b608f23938c84cda5789e33de1047f498622dac3b4c2530d64d85491b5c401","public_key_hex":"c2f8243b0d573587f285c830a868acd19249d17d59ecbf9329e796dfed6fb630"}
{"seq":1,"ts":1780423200000,"agent_id":"swarm","symbol":"BTCUSDT","side":"sell","price":67303.37206330319,"quantity":0.0033776950124606107,"notional_usd":227.33026414,"fee_usd":0.136398158484,"balance_before_usd":10020.524184923883,"balance_after_usd":10020.339729134581,"decision":"ALLOW","cert_hash":"6343ad1b61948b6d8185bccc84cc1f888b6381d34b67a877116df92524a4e611","prev_hash":"c060191236cd62839137030d1c91ea9f3e8e77a92e664e8c6b7aa3f7c395f3c0","record_hash":"c7a96dec518ea0e13bb1412d19a5adafb38d0b4ab06286133cb89c4dcfb8e786","signature_hex":"e252457e5eec69ca7690d7d6f34da928fb65cde6cb89d345a0cab36f29e859c1b0bf8cd6e82ff500cb6305dd00f8567da7e9668205dc18e225d2c4495286bd03","public_key_hex":"c2f8243b0d573587f285c830a868acd19249d17d59ecbf9329e796dfed6fb630"}
{"seq":2,"ts":1780462800000,"agent_id":"swarm","symbol":"BTCUSDT","side":"buy","price":67307.08169750641,"quantity":0.015997295345073485,"notional_usd":1076.73126473,"fee_usd":0.646038758838,"balance_before_usd":10020.860583119444,"balance_after_usd":10019.941283400602,"decision":"ALLOW","cert_hash":"4a3f1b4b7e02b405a17659bab502a28c15725e3aae86e0e53f2425f8639c43c8","prev_hash":"c7a96dec518ea0e13bb1412d19a5adafb38d0b4ab06286133cb89c4dcfb8e786","record_hash":"f20cc04c4deaa53751d0e3bc9a003da0956498d5a36c0f11b99be306d253c56a","signature_hex":"4c23ff34b7ba766bfcd4676fb1eb4eda276409828ae132fb67ee4f6c3037d1d4efc5309453830891057321e10a4133ffa2a1f69c6483490ccf06272c098d3a04","public_key_hex":"c2f8243b0d573587f285c830a868acd19249d17d59ecbf9329e796dfed6fb630"}
{"seq":3,"ts":1780531200000,"agent_id":"swarm","symbol":"BTCUSDT","side":"sell","price":63300.33504581065,"quantity":0.013985876287057532,"notional_usd":885.31065488,"fee_usd":0.531186392928,"balance_before_usd":10019.957473320881,"balance_after_usd":10019.209995991878,"decision":"ALLOW","cert_hash":"ca076976f38237087508bb18f1d7ac8e739f04f194ef5903b2a9c8fab60bbc2e","prev_hash":"f20cc04c4deaa53751d0e3bc9a003da0956498d5a36c0f11b99be306d253c56a","record_hash":"e0fb66526d5df6975c64ca5e3d6f90c55fc33d1cee4ba9c45820e8973da2ae98","signature_hex":"aca965a7734da016b57816b25a914ce2bbacdada610a5273a90943a75e3735ba4317946504ba59b4ce0070b7c2fb7703983e599be3ebc99a0e16ca042b2a8e01","public_key_hex":"c2f8243b0d573587f285c830a868acd19249d17d59ecbf9329e796dfed6fb630"}
{"seq":4,"ts":1780534800000,"agent_id":"swarm","symbol":"BTCUSDT","side":"sell","price":62130.036347715584,"quantity":0.0032930588742126608,"notional_usd":204.59786755,"fee_usd":0.12275872052999998,"balance_before_usd":10035.615995383449,"balance_after_usd":10035.450217286832,"decision":"ALLOW","cert_hash":"3c5be469c7bedbfd7ed185a3ac3276dece9ae550073e71518980b2d28941a5ac","prev_hash":"e0fb66526d5df6975c64ca5e3d6f90c55fc33d1cee4ba9c45820e8973da2ae98","record_hash":"480a18304e6d09d03b97f489c69fad2588cb7513b5144388ebe18c879ba06a7e","signature_hex":"d4fae02d98182272386d7b807ff80f32948d01069ee961c6076aaf68ff2050b78ae7836cfb3f43cdf949432fcec8bcc6649dac8129e1b79d97620ac580c7d00b","public_key_hex":"c2f8243b0d573587f285c830a868acd19249d17d59ecbf9329e796dfed6fb630"}
{"seq":5,"ts":1780542000000,"agent_id":"swarm","symbol":"BTCUSDT","side":"buy","price":64344.94268750951,"quantity":0.01727857961424244,"notional_usd":1111.789215,"fee_usd":0.667073529,"balance_before_usd":9997.679957597053,"balance_after_usd":9996.728777782846,"decision":"ALLOW","cert_hash":"8f95166265e98b2f9323223c3d444c56b4941436003f95aa6112245c0ce46db3","prev_hash":"480a18304e6d09d03b97f489c69fad2588cb7513b5144388ebe18c879ba06a7e","record_hash":"8fd0e92117d0a8030b0a2931022ef20045153f3f0fdbf16791f57c4a4863fc1f","signature_hex":"e0354302fcb19152abfe6b7162a9ee0bb3a1b0689925aae66aaef2c01a7df126b7e146b06816e1fa3b21f923d05f96625d666e2edf432a33939f9a9fb14dbe03","public_key_hex":"c2f8243b0d573587f285c830a868acd19249d17d59ecbf9329e796dfed6fb630"}
{"seq":6,"ts":1780567200000,"agent_id":"swarm","symbol":"BTCUSDT","side":"sell","price":62369.95934306227,"quantity":0.014209940709037592,"notional_usd":886.27342429,"fee_usd":0.531764054574,"balance_before_usd":9996.737347711016,"balance_after_usd":9995.98901482499,"decision":"ALLOW","cert_hash":"c5c50357fbb536a458d5ca1ddff0e6ffc818ac815f404b9045a573eb2b5f681b","prev_hash":"8fd0e92117d0a8030b0a2931022ef20045153f3f0fdbf16791f57c4a4863fc1f","record_hash":"0d782c8a0a4292752ed479858058d10a5eeda3e18d539b092e1f84a90425ee8d","signature_hex":"a1e102158fe1068327950bde7d0a23574bfd1302b34070a4f94e1882ff87aca420bc3391208c57b0b2e68809cef55300f97d692324f2b06ee87ddc35777f530c","public_key_hex":"c2f8243b0d573587f285c830a868acd19249d17d59ecbf9329e796dfed6fb630"}
{"seq":7,"ts":1780570800000,"agent_id":"swarm","symbol":"BTCUSDT","side":"buy","price":62535.282921721584,"quantity":0.014210883371270671,"notional_usd":888.68161219,"fee_usd":0.533208967314,"balance_before_usd":9994.07291947434,"balance_after_usd":9993.32252668887,"decision":"ALLOW","cert_hash":"402bfd810dad2130dcd0966958ecac21ab5868a3703c1d05142a9917a3a76f57","prev_hash":"0d782c8a0a4292752ed479858058d10a5eeda3e18d539b092e1f84a90425ee8d","record_hash":"b810eee75a64300ae07aa2b6ff03eee211742ce4c99767277386812bb7f34db3","signature_hex":"e4085254bbbcbe99cecda73782af772add4767ab8adb5adb2c950979779ff7bf54d8cecbf301c0dd9e5771c5b8395e6ced7cb39cf17b80c0ac2c36bca6fdbd04","public_key_hex":"c2f8243b0d573587f285c830a868acd19249d17d59ecbf9329e796dfed6fb630"}
{"seq":8,"ts":1780671600000,"agent_id":"swarm","symbol":"BTCUSDT","side":"sell","price":60390.39064122761,"quantity":0.015511313384194364,"notional_usd":936.73427463,"fee_usd":0.5620405647779999,"balance_before_usd":9993.32989074058,"balance_after_usd":9992.536586439526,"decision":"ALLOW","cert_hash":"23d3d202fd7f9cee657590b73d5dcaa9974627e5a51a9c58a145b00c4609c585","prev_hash":"b810eee75a64300ae07aa2b6ff03eee211742ce4c99767277386812bb7f34db3","record_hash":"90ac3ccd019152e2e5bebbe88eb1bc043131fd19af841fe84122f384ab7e28f4","signature_hex":"7648d9c16664d67a0c6657d6bd45606edbd50c26ee54710a4ed051a6e307628708c5555b9b9a11ddca68dfb1898149eafdc44cf6d5fc04dfdbe098e5847ecc06","public_key_hex":"c2f8243b0d573587f285c830a868acd19249d17d59ecbf9329e796dfed6fb630"}
{"seq":9,"ts":1780675200000,"agent_id":"swarm","symbol":"BTCUSDT","side":"buy","price":61375.593720926765,"quantity":0.015510946479290938,"notional_usd":951.99354934,"fee_usd":0.571196129604,"balance_before_usd":9977.747924971853,"balance_after_usd":9976.941059850133,"decision":"ALLOW","cert_hash":"3815d8bc355386df04a5cb8dde5b87b06ca824be37e7b9395221b91592ce5ed4","prev_hash":"90ac3ccd019152e2e5bebbe88eb1bc043131fd19af841fe84122f384ab7e28f4","record_hash":"b51a45be312099702cee6d290b93e6d744a935ac1d131ca406217681b0e68b5a","signature_hex":"52a621c4ea037310638e4588004832ac0b38890535f25cdc975b451b75a2ae3bd67b9fca5cdaf60abb65a4e7e9c984961e403cab37673babe6c21c7bfc730409","public_key_hex":"c2f8243b0d573587f285c830a868acd19249d17d59ecbf9329e796dfed6fb630"}
{"seq":10,"ts":1780678800000,"agent_id":"swarm","symbol":"BTCUSDT","side":"sell","price":60769.65694653279,"quantity":0.014548656162036195,"notional_usd":884.116844,"fee_usd":0.5304701064,"balance_before_usd":9976.943271729018,"balance_after_usd":9976.196855141328,"decision":"ALLOW","cert_hash":"22b3e7ac0b8333b0a433da124f663efe85836eb278bee517666af7d769179d4c","prev_hash":"b51a45be312099702cee6d290b93e6d744a935ac1d131ca406217681b0e68b5a","record_hash":"4c15ab843d20e1d4443d45ad583b57b5e14ca404ba744c94260caeff02ccbe22","signature_hex":"304092f0529ace6373b415717ad830c9fa051ce8adbf2110faa96770343e92b35dafb8463b4548571b40bf3407330ce12811b94e773bcd0bbc7e4efb7ac0d306","public_key_hex":"c2f8243b0d573587f285c830a868acd19249d17d59ecbf9329e796dfed6fb630"}
{"seq":11,"ts":1780682400000,"agent_id":"swarm","symbol":"BTCUSDT","side":"sell","price":59354.792983489424,"quantity":0.004167184070017776,"notional_usd":247.3423478,"fee_usd":0.14840540868000002,"balance_before_usd":9996.819198493133,"balance_after_usd":9996.61825732608,"decision":"ALLOW","cert_hash":"796d099ac950869910c7177f36a2d2322273f8cd917f2961bbd7ca92c7fc5391","prev_hash":"4c15ab843d20e1d4443d45ad583b57b5e14ca404ba744c94260caeff02ccbe22","record_hash":"3b34dda717d12168b9f72cbe3e1e8485af67408c03004bea2673e3305f5df729","signature_hex":"fce0f8338882ffaf1b7dec62f412714fee0792094b9b274720199f5879eb6ecf9619d846ca83dd393464b80abee9dba2f4dbee915ab610fd4e74242934dcf303","public_key_hex":"c2f8243b0d573587f285c830a868acd19249d17d59ecbf9329e796dfed6fb630"}
{"seq":12,"ts":1780689600000,"agent_id":"swarm","symbol":"BTCUSDT","side":"buy","price":61594.21253210635,"quantity":0.004195140929925995,"notional_usd":258.39640204,"fee_usd":0.155037841224,"balance_before_usd":9955.178499570855,"balance_after_usd":9954.968452809495,"decision":"ALLOW","cert_hash":"1d8043b6d72e645b19fb8ee2dfed4342e0f777412f02718e3de8e119ba7eeb73","prev_hash":"3b34dda717d12168b9f72cbe3e1e8485af67408c03004bea2673e3305f5df729","record_hash":"4f36aaf78775d77c4e6b9321d00d85f24f14e1e5fa83f06d0032961f457a9d7d","signature_hex":"7a7b45be8a6e1d594ddf162ecd783cbca08cce59d642a3fc70a7a306d49d4c8ce7fd9cba1415e04529217702448385ee35d675be469ae2278df5794cde4f0f01","public_key_hex":"c2f8243b0d573587f285c830a868acd19249d17d59ecbf9329e796dfed6fb630"}
{"seq":13,"ts":1780693200000,"agent_id":"swarm","symbol":"BTCUSDT","side":"buy","price":61651.08702608862,"quantity":0.014520985644765153,"notional_usd":895.23454969,"fee_usd":0.5371407298140001,"balance_before_usd":9954.171055561495,"balance_after_usd":9953.414836342426,"decision":"ALLOW","cert_hash":"52c2bc78a9d4fa4fa89da68a865e86babbbb7b2dbbaa4ac0d03ab23e04ff86e5","prev_hash":"4f36aaf78775d77c4e6b9321d00d85f24f14e1e5fa83f06d0032961f457a9d7d","record_hash":"2f30f342fc6b13c589c80c1c21c652455926e1788d27c9dee5b1ddb7bbe868cd","signature_hex":"5f9cf1563dd0a33e681febc65d995a573cb6b25b5f8cd6b63f10217b1902e36541efaa2b6a4771d5adfdee5dc4cefbb2c92175319dfe096d08f36bc40edea303","public_key_hex":"c2f8243b0d573587f285c830a868acd19249d17d59ecbf9329e796dfed6fb630"}
{"seq":14,"ts":1781535600000,"agent_id":"swarm","symbol":"BTCUSDT","side":"buy","price":67261.81742395772,"quantity":0.012678886529554921,"notional_usd":852.80495089,"fee_usd":0.511682970534,"balance_before_usd":9953.394856700706,"balance_after_usd":9952.676286963357,"decision":"ALLOW","cert_hash":"afe2d33af8578904ab3f154c017ff97e75b2e256367223464b53fd3a0b78c44e","prev_hash":"2f30f342fc6b13c589c80c1c21c652455926e1788d27c9dee5b1ddb7bbe868cd","record_hash":"ed43c0013d0f68fb68fe1e254f0b4717d7f94c553eb21e32176b87215953e904","signature_hex":"b8fef3dbc892fb9f05000c6d91e240dc92ab1f00d0964ca53511c0dfe93bacfb3061c00be7519d1a0819bddc68fab25e7e86a161ab258a19e40e741155afff05","public_key_hex":"c2f8243b0d573587f285c830a868acd19249d17d59ecbf9329e796dfed6fb630"}
{"seq":15,"ts":1781539200000,"agent_id":"swarm","symbol":"BTCUSDT","side":"sell","price":67101.92229142913,"quantity":0.012678406943472392,"notional_usd":850.7454775,"fee_usd":0.5104472864999999,"balance_before_usd":9951.16906036689,"balance_after_usd":9950.452237667023,"decision":"ALLOW","cert_hash":"511dca37ad2c15d2aaf998e549231d3b29f2a317d091469d60ab18bdbf73aa14","prev_hash":"ed43c0013d0f68fb68fe1e254f0b4717d7f94c553eb21e32176b87215953e904","record_hash":"00c5a81d03babfcfa3620c2f52c89e872e46841471f3c848b73536599b113fae","signature_hex":"18403806d506a09ffa1cd1e7ac683207b87f0fdd66391a19ef9e96b9dfd490797f1d5bcec1c14c3dcf082dbad9e93f6eadb89149001026f4e0aa76da84461f0d","public_key_hex":"c2f8243b0d573587f285c830a868acd19249d17d59ecbf9329e796dfed6fb630"}
