{"seq":0,"ts":1780401600000,"agent_id":"swarm","symbol":"BTCUSDT","side":"sell","price":68978.09812367588,"quantity":0.012623661277218133,"notional_usd":870.75614626,"fee_usd":0.522453687756,"balance_before_usd":10000.0,"balance_after_usd":9999.265445116707,"decision":"ALLOW","cert_hash":"8db60334c83c042adfc1759492d9a847ce599d64e1e2c799f4a6348df5118a1a","prev_hash":"0000000000000000000000000000000000000000000000000000000000000000","record_hash":"10722ddff2bd921b59ef0fae2446cfada5cffa6a2c5b85b95c95bce3fada610f","signature_hex":"2e42b242122582fac7f01046aec58a0410da8f55b01924329983df3165ab463f06c50cfecac213a784e32ba7856c783b6645ad1c574aa209de3caac537377605","public_key_hex":"c2f8243b0d573587f285c830a868acd19249d17d59ecbf9329e796dfed6fb630"}
{"seq":1,"ts":1780423200000,"agent_id":"swarm","symbol":"BTCUSDT","side":"sell","price":67303.37206330319,"quantity":0.0033776950124606107,"notional_usd":227.33026414,"fee_usd":0.136398158484,"balance_before_usd":10020.524184923883,"balance_after_usd":10020.339729134581,"decision":"ALLOW","cert_hash":"adb993663dba67b6c969c052cd036d65b4993042268a8fec63e3980770057efe","prev_hash":"10722ddff2bd921b59ef0fae2446cfada5cffa6a2c5b85b95c95bce3fada610f","record_hash":"e3cb3832c4cce57614f435ebb01cc61d9f474a527d868c05f71e938b47d38dcf","signature_hex":"bb2244366bc3d6277caddbe55eb1ad5249f264ef34b3853f706b05cdf7c7218d615e31440fae5d4c23028ae283a1c1983019dc68cc7f22adf0f8624d61802006","public_key_hex":"c2f8243b0d573587f285c830a868acd19249d17d59ecbf9329e796dfed6fb630"}
{"seq":2,"ts":1780462800000,"agent_id":"swarm","symbol":"BTCUSDT","side":"buy","price":67307.08169750641,"quantity":0.015997295345073485,"notional_usd":1076.73126473,"fee_usd":0.646038758838,"balance_before_usd":10020.860583119444,"balance_after_usd":10019.941283400602,"decision":"ALLOW","cert_hash":"c632c7fe94f7526c2e6d62709f7f95fe12d150e215e704257bd88e7bea4cd58a","prev_hash":"e3cb3832c4cce57614f435ebb01cc61d9f474a527d868c05f71e938b47d38dcf","record_hash":"a4df695d63c3d3abfee59523914f21f6a7eae85742f5e0565c0aafd84e8eec6e","signature_hex":"902984e448b6495e689ff9294a4962ee9c7323a4c24358590dd865372b77234809fa7d9f0ff36e38b73d54742a1b74166f2b568a3d52deda4abd8806c2c05c04","public_key_hex":"c2f8243b0d573587f285c830a868acd19249d17d59ecbf9329e796dfed6fb630"}
{"seq":3,"ts":1780531200000,"agent_id":"swarm","symbol":"BTCUSDT","side":"sell","price":63300.33504581065,"quantity":0.013985876287057532,"notional_usd":885.31065488,"fee_usd":0.531186392928,"balance_before_usd":10019.957473320881,"balance_after_usd":10019.209995991878,"decision":"ALLOW","cert_hash":"73589c84214c1aaf01cccb47da43c1f32bbc6e376033d459fdf20ada1956e197","prev_hash":"a4df695d63c3d3abfee59523914f21f6a7eae85742f5e0565c0aafd84e8eec6e","record_hash":"10b0226637080e52c7c4f00a2e970c43b544e5996465035fec71a101117b66c2","signature_hex":"8018ba6e37c9cd803f68580e086973a162cb63c218c8ea10f7eb4bc538d9546e9d19227d14501f922bebc60d78ba2ac8988583c656cc41c4faa5b541ed2f700c","public_key_hex":"c2f8243b0d573587f285c830a868acd19249d17d59ecbf9329e796dfed6fb630"}
{"seq":4,"ts":1780534800000,"agent_id":"swarm","symbol":"BTCUSDT","side":"sell","price":62130.036347715584,"quantity":0.0032930588742126608,"notional_usd":204.59786755,"fee_usd":0.12275872052999998,"balance_before_usd":10035.615995383449,"balance_after_usd":10035.450217286832,"decision":"ALLOW","cert_hash":"fe4c27acda9181acc9c790fededc4188df3673a7f9064bd1d7e491362727281f","prev_hash":"10b0226637080e52c7c4f00a2e970c43b544e5996465035fec71a101117b66c2","record_hash":"01956b61e99f5d1b3c35775d3ca1cbae120cbdbd72bc7c854c547940d6513404","signature_hex":"e1a5b708dd50fa4e2224effa009342892aabe3a52a6777738265b03bc67e0f70949d816418ed28036ab23c096b69c37aa630a6536760eb85699a8d7b5585b40e","public_key_hex":"c2f8243b0d573587f285c830a868acd19249d17d59ecbf9329e796dfed6fb630"}
{"seq":5,"ts":1780542000000,"agent_id":"swarm","symbol":"BTCUSDT","side":"buy","price":64344.94268750951,"quantity":0.01727857961424244,"notional_usd":1111.789215,"fee_usd":0.667073529,"balance_before_usd":9997.679957597053,"balance_after_usd":9996.728777782846,"decision":"ALLOW","cert_hash":"c97f8126794b0f55e3d93e5cb5b8529bc753dbb15ac5247c228d63a94114f655","prev_hash":"01956b61e99f5d1b3c35775d3ca1cbae120cbdbd72bc7c854c547940d6513404","record_hash":"05bc1292a6dbd625b03f57c627dd5469c9d0de3bfcde0757a10d4d440d376bd2","signature_hex":"78923729bcc93f89aac8340655bc38f3b5133a78e6769d422852d0a97b699513270c6948594a1752857bf3dd9e29ff474143dbcb0d34bf6a1e89b21d010e6e0d","public_key_hex":"c2f8243b0d573587f285c830a868acd19249d17d59ecbf9329e796dfed6fb630"}
{"seq":6,"ts":1780567200000,"agent_id":"swarm","symbol":"BTCUSDT","side":"sell","price":62369.95934306227,"quantity":0.014209940709037592,"notional_usd":886.27342429,"fee_usd":0.531764054574,"balance_before_usd":9996.737347711016,"balance_after_usd":9995.98901482499,"decision":"ALLOW","cert_hash":"0fe1b08c7fbbba7a37de9ff8b102c9dbfed2eae14d3cb8a13a5fe4c4cc76998e","prev_hash":"05bc1292a6dbd625b03f57c627dd5469c9d0de3bfcde0757a10d4d440d376bd2","record_hash":"eb428053b54d6d9596857329caaeb60cce807ec9dbc44c49c5f5d8b74380a0ab","signature_hex":"b3ef76c2f6b92718fafcc62d13801d7fd8635ab25480b93aa6c706a6c1af0200273bbcf20808bb32990cb0c725a89686ea7255557d0db14df77e164001c0f406","public_key_hex":"c2f8243b0d573587f285c830a868acd19249d17d59ecbf9329e796dfed6fb630"}
{"seq":7,"ts":1780570800000,"agent_id":"swarm","symbol":"BTCUSDT","side":"buy","price":62535.282921721584,"quantity":0.014210883371270671,"notional_usd":888.68161219,"fee_usd":0.533208967314,"balance_before_usd":9994.07291947434,"balance_after_usd":9993.32252668887,"decision":"ALLOW","cert_hash":"e3a5cdc9682a5de4a22b31751689a15b8845b8b4e14ee62146e5c0164256752f","prev_hash":"eb428053b54d6d9596857329caaeb60cce807ec9dbc44c49c5f5d8b74380a0ab","record_hash":"4b2247cf259afcfd84609a171e98752e07c5f386c6079c30881954d77700e7eb","signature_hex":"8ddc74574a2247c8928102125d3710fd1c09524783ee67f469c91d48495ab16f9119ab3880fb607e1391074da49e0ec36367aaab2f056b52e6893c46e2f2ff09","public_key_hex":"c2f8243b0d573587f285c830a868acd19249d17d59ecbf9329e796dfed6fb630"}
{"seq":8,"ts":1780671600000,"agent_id":"swarm","symbol":"BTCUSDT","side":"sell","price":60390.39064122761,"quantity":0.015511313384194364,"notional_usd":936.73427463,"fee_usd":0.5620405647779999,"balance_before_usd":9993.32989074058,"balance_after_usd":9992.536586439526,"decision":"ALLOW","cert_hash":"552b4a7419257533372c4b03c7bd77fd4ceeb3aebc84f0fc64fc4addb99ec895","prev_hash":"4b2247cf259afcfd84609a171e98752e07c5f386c6079c30881954d77700e7eb","record_hash":"59acf75fa316f9b241800da61bb49bdbadd9f690c869e5696de6cc245c742c78","signature_hex":"11a727b4b696492727d410f0b0d588862e7c8a95f1d28f97f463062024a813cc3c8de484aca2e26cd8d5dfd4e2743474fd693ef1d5bb04e97308f31689fb420d","public_key_hex":"c2f8243b0d573587f285c830a868acd19249d17d59ecbf9329e796dfed6fb630"}
{"seq":9,"ts":1780675200000,"agent_id":"swarm","symbol":"BTCUSDT","side":"buy","price":61375.593720926765,"quantity":0.015510946479290938,"notional_usd":951.99354934,"fee_usd":0.571196129604,"balance_before_usd":9977.747924971853,"balance_after_usd":9976.941059850133,"decision":"ALLOW","cert_hash":"bf8298613465140a9d2feb66b1faf1115cb571bdc9fec3ed74ca71da84931c92","prev_hash":"59acf75fa316f9b241800da61bb49bdbadd9f690c869e5696de6cc245c742c78","record_hash":"0873499d637543643ef77769154885c9edef6bd9543e5bd0768aec79ee54ef89","signature_hex":"bfb5f6da931357427c35bf944efdf214afd1b49cfc3c86728d9a891ff80d58d7dec9702a2bcb7bf26709e5b5cf77721411891aea4198ee731c40f9e7d269ba04","public_key_hex":"c2f8243b0d573587f285c830a868acd19249d17d59ecbf9329e796dfed6fb630"}
{"seq":10,"ts":1780678800000,"agent_id":"swarm","symbol":"BTCUSDT","side":"sell","price":60769.65694653279,"quantity":0.014548656162036195,"notional_usd":884.116844,"fee_usd":0.5304701064,"balance_before_usd":9976.943271729018,"balance_after_usd":9976.196855141328,"decision":"ALLOW","cert_hash":"f02cb532f616574003af5fc194735570a81bfdd0c6a2c6ad9b020c8365b057c1","prev_hash":"0873499d637543643ef77769154885c9edef6bd9543e5bd0768aec79ee54ef89","record_hash":"b3709db1daf4ff91dd63b0d6e8fe0158420e4349114f8e903ce3084920540676","signature_hex":"9e6e749f021febc37d9f4a738769c999998fedb4dfd28a11812ba73168e7364cd794e0c38c33bd22c93bfa2eb53ae6e18fd7543afbf621c1788c97d13a9e2908","public_key_hex":"c2f8243b0d573587f285c830a868acd19249d17d59ecbf9329e796dfed6fb630"}
{"seq":11,"ts":1780682400000,"agent_id":"swarm","symbol":"BTCUSDT","side":"sell","price":59354.792983489424,"quantity":0.004167184070017776,"notional_usd":247.3423478,"fee_usd":0.14840540868000002,"balance_before_usd":9996.819198493133,"balance_after_usd":9996.61825732608,"decision":"ALLOW","cert_hash":"79d87d880b0bff10ca2918a78d035d9c469b180d1631cbb5ac6b220ce19a9552","prev_hash":"b3709db1daf4ff91dd63b0d6e8fe0158420e4349114f8e903ce3084920540676","record_hash":"57fc4f2155a3afafa3c98614dbf8ef3ed72949eaaa8f090cb1cf590758d582fa","signature_hex":"10246ae3a5a37acaadb25935704d47a1c905150320c837f72c10b0848db20ec4bb55e2be7e063d09314da139ef0c8e0b27ad3193ff9fd467bed5a5fcb2425002","public_key_hex":"c2f8243b0d573587f285c830a868acd19249d17d59ecbf9329e796dfed6fb630"}
{"seq":12,"ts":1780689600000,"agent_id":"swarm","symbol":"BTCUSDT","side":"buy","price":61594.21253210635,"quantity":0.004195140929925995,"notional_usd":258.39640204,"fee_usd":0.155037841224,"balance_before_usd":9955.178499570855,"balance_after_usd":9954.968452809495,"decision":"ALLOW","cert_hash":"735911221b17d0943a3c7660bc2b7698319d52a18c2384a66fdaced624fb1557","prev_hash":"57fc4f2155a3afafa3c98614dbf8ef3ed72949eaaa8f090cb1cf590758d582fa","record_hash":"c604de92cf9a04e6179663d74d0f87619f3baeef39c2910db3196c4a4caea146","signature_hex":"e5ca8f7877bad026952abea2baf8bdcaa784f7bdb1fb91d091738fb72edbf27944ecab0d834a53d44e47ebbe95b10d89389621307e6ff1c9693daccce2c4100c","public_key_hex":"c2f8243b0d573587f285c830a868acd19249d17d59ecbf9329e796dfed6fb630"}
{"seq":13,"ts":1780693200000,"agent_id":"swarm","symbol":"BTCUSDT","side":"buy","price":61651.08702608862,"quantity":0.014520985644765153,"notional_usd":895.23454969,"fee_usd":0.5371407298140001,"balance_before_usd":9954.171055561495,"balance_after_usd":9953.414836342426,"decision":"ALLOW","cert_hash":"9c350362bba326d07c18f528f04e055a487e2ae7131e2ec01625d61360004d31","prev_hash":"c604de92cf9a04e6179663d74d0f87619f3baeef39c2910db3196c4a4caea146","record_hash":"02f4d4a06022925260bea23348141e01f83854cf4a29ce6540ad5ad374561d84","signature_hex":"caec678b10a25f99a1ce3586c1c4ae5ad6f08038ed67a46c76607d7195b771cf4da642e3e77928f9bd635d53609ef8018f11afee8114d32dabfa676eaf0cd70b","public_key_hex":"c2f8243b0d573587f285c830a868acd19249d17d59ecbf9329e796dfed6fb630"}
{"seq":14,"ts":1781535600000,"agent_id":"swarm","symbol":"BTCUSDT","side":"buy","price":67261.81742395772,"quantity":0.012678886529554921,"notional_usd":852.80495089,"fee_usd":0.511682970534,"balance_before_usd":9953.394856700706,"balance_after_usd":9952.676286963357,"decision":"ALLOW","cert_hash":"49734bbe86f6a2a83cb7aff2916726f6aafb02f676d34007770d74324539df7d","prev_hash":"02f4d4a06022925260bea23348141e01f83854cf4a29ce6540ad5ad374561d84","record_hash":"fd36ce9e770cbf7a66add20fef02e5c911fad72719c20098eeb52cb3a834368e","signature_hex":"64f9f0513a4ca021496f04992b8a67362502838b258c559f3ad4030e78e644dd7ba72506b02c858b3279568f272963b4fb260d980de87627b2e81aa155344208","public_key_hex":"c2f8243b0d573587f285c830a868acd19249d17d59ecbf9329e796dfed6fb630"}
{"seq":15,"ts":1781539200000,"agent_id":"swarm","symbol":"BTCUSDT","side":"sell","price":67101.92229142913,"quantity":0.012678406943472392,"notional_usd":850.7454775,"fee_usd":0.5104472864999999,"balance_before_usd":9951.16906036689,"balance_after_usd":9950.452237667023,"decision":"ALLOW","cert_hash":"55dec3d2c7ea753c5b94109fa79ce292beee8f98c505a6934a1ea2e00b5061f5","prev_hash":"fd36ce9e770cbf7a66add20fef02e5c911fad72719c20098eeb52cb3a834368e","record_hash":"70ae797b51f6c528ae14acbe94a79e42769e797ffe598f1e1e2a02dbdfa0f697","signature_hex":"f39afe1e2a5825371bfbc13e7e2b110cc7ead501de3bfb07327a44a348ebdb82a624e13b321dd0a24a2d8eca9ccd6e3e5eaee231157fa86b770b18a368a8510f","public_key_hex":"c2f8243b0d573587f285c830a868acd19249d17d59ecbf9329e796dfed6fb630"}
