{"seq":0,"ts":1780401600000,"agent_id":"swarm","symbol":"BTCUSDT","side":"sell","price":68978.09812367588,"quantity":0.012623661277218133,"notional_usd":870.75614626,"fee_usd":0.522453687756,"balance_before_usd":10000.0,"balance_after_usd":9999.265445116707,"decision":"ALLOW","cert_hash":"819ea9e717804594b386c0cc02644f07d7fdc1a3ce248438f688e4c14c6bbdf8","prev_hash":"0000000000000000000000000000000000000000000000000000000000000000","record_hash":"e5eae35e536605878ba719a9d713a322cc655a34f331c2fb406296f21297aa7b","signature_hex":"5b5df17da18f12a4aa943b27eacf9860d53038e01b4aa874465016c57b463368af8eb99d703090902f61046e85aad566bf9f63233124ce63a7782d46ff4e0b0e","public_key_hex":"c2f8243b0d573587f285c830a868acd19249d17d59ecbf9329e796dfed6fb630"}
{"seq":1,"ts":1780423200000,"agent_id":"swarm","symbol":"BTCUSDT","side":"sell","price":67303.37206330319,"quantity":0.0033776950124606107,"notional_usd":227.33026414,"fee_usd":0.136398158484,"balance_before_usd":10020.524184923883,"balance_after_usd":10020.339729134581,"decision":"ALLOW","cert_hash":"c2100afe836cd6038fb6351c82e52c63491695ad5f13263f7ff363a184683fdd","prev_hash":"e5eae35e536605878ba719a9d713a322cc655a34f331c2fb406296f21297aa7b","record_hash":"193d530ca5d5522847ab03781e63c5ab7b5960a9c94653cfb851d4c976c5a798","signature_hex":"69ed65396e8dfaf81d625aeba0d095c4bada250c28000b66571dcc50fac726a6b372abe6c8000a8f6434d6c88974b6f912c2717a7c43b8e46c5d40e30879ce08","public_key_hex":"c2f8243b0d573587f285c830a868acd19249d17d59ecbf9329e796dfed6fb630"}
{"seq":2,"ts":1780462800000,"agent_id":"swarm","symbol":"BTCUSDT","side":"buy","price":67307.08169750641,"quantity":0.015997295345073485,"notional_usd":1076.73126473,"fee_usd":0.646038758838,"balance_before_usd":10020.860583119444,"balance_after_usd":10019.941283400602,"decision":"ALLOW","cert_hash":"6377625ef09ef3998b91c883e480ed8fc507d9d9c16c890d49a1e1d14bdc24fa","prev_hash":"193d530ca5d5522847ab03781e63c5ab7b5960a9c94653cfb851d4c976c5a798","record_hash":"2d4a36656dab1f09ebe1dfa5d89bc27347c10a5a974c5dc124bcd5365fb3ae77","signature_hex":"6d2d2cefc488d0ae1847817c6074552a97b40f32e84898d3b2aa86f1ec5cb3e187457a1f05f272bcbfc60212f60bf36ed6f8de4479b7e41508313cbad429a305","public_key_hex":"c2f8243b0d573587f285c830a868acd19249d17d59ecbf9329e796dfed6fb630"}
{"seq":3,"ts":1780531200000,"agent_id":"swarm","symbol":"BTCUSDT","side":"sell","price":63300.33504581065,"quantity":0.013985876287057532,"notional_usd":885.31065488,"fee_usd":0.531186392928,"balance_before_usd":10019.957473320881,"balance_after_usd":10019.209995991878,"decision":"ALLOW","cert_hash":"1973d9ac810d464748069dd66cd572557514446861327f068b127798d96191f8","prev_hash":"2d4a36656dab1f09ebe1dfa5d89bc27347c10a5a974c5dc124bcd5365fb3ae77","record_hash":"6306904998527da4cc521ab9ec31777d83f8770ee003407542266ca02c8796a6","signature_hex":"99d5eb42ddffe8e10c0c76004f9b7536881bd4d6d55113b587bac163e80324596f524bbf166b4dfdaf6fc3208ec610a3209b1999b7894dbfc42765a9b7e8580c","public_key_hex":"c2f8243b0d573587f285c830a868acd19249d17d59ecbf9329e796dfed6fb630"}
{"seq":4,"ts":1780534800000,"agent_id":"swarm","symbol":"BTCUSDT","side":"sell","price":62130.036347715584,"quantity":0.0032930588742126608,"notional_usd":204.59786755,"fee_usd":0.12275872052999998,"balance_before_usd":10035.615995383449,"balance_after_usd":10035.450217286832,"decision":"ALLOW","cert_hash":"2dba07acfe638e600e4a34da317b9b7ebdea1e9b7816c44bea264b28a224eefc","prev_hash":"6306904998527da4cc521ab9ec31777d83f8770ee003407542266ca02c8796a6","record_hash":"3939d4a6d5d81168823808f50bfcf71acf4b3d760fc3b8bbfd8295566f5cc20e","signature_hex":"ec1c540a0d24377ae1cf6516039e1103fb2481d5224b9a65395f88a621f50e2b699d590e4bf00534feb525e4af602c8c7d5ceb24616d9cedaa70def1875d8f0b","public_key_hex":"c2f8243b0d573587f285c830a868acd19249d17d59ecbf9329e796dfed6fb630"}
{"seq":5,"ts":1780542000000,"agent_id":"swarm","symbol":"BTCUSDT","side":"buy","price":64344.94268750951,"quantity":0.01727857961424244,"notional_usd":1111.789215,"fee_usd":0.667073529,"balance_before_usd":9997.679957597053,"balance_after_usd":9996.728777782846,"decision":"ALLOW","cert_hash":"65fb4b1de0837de02d2e4eed809d58c698e8a5a7f90181c93e80e2569e339db1","prev_hash":"3939d4a6d5d81168823808f50bfcf71acf4b3d760fc3b8bbfd8295566f5cc20e","record_hash":"d42b4e5a77df056b4156770342a02bea7d5139588bfdb3db31612cc701d9f4ea","signature_hex":"7b7d16c54d5b726fb379a978381c7b46ea40a6eb1dd8d0f88c4233d141052105dcac0f13dcca1788d356df99fd4e3b9c6a8bbdda637915689edc8f4d26f3d703","public_key_hex":"c2f8243b0d573587f285c830a868acd19249d17d59ecbf9329e796dfed6fb630"}
{"seq":6,"ts":1780567200000,"agent_id":"swarm","symbol":"BTCUSDT","side":"sell","price":62369.95934306227,"quantity":0.014209940709037592,"notional_usd":886.27342429,"fee_usd":0.531764054574,"balance_before_usd":9996.737347711016,"balance_after_usd":9995.98901482499,"decision":"ALLOW","cert_hash":"368eeb58caf76f4b7afb6438a90f18475d990c6fcd5ea76972d325298852dfd5","prev_hash":"d42b4e5a77df056b4156770342a02bea7d5139588bfdb3db31612cc701d9f4ea","record_hash":"71b5c1fc80c195751243a760ed2858e973747febc00f41688591ae877e93a0ca","signature_hex":"bb71420cdb22570d1a699cc177e0b083e86e6415febcd0916b21959627311c7a2aa7661695dba5063bc0753e2b674d5fae57b310c3ec867e9cb900d6307adc0d","public_key_hex":"c2f8243b0d573587f285c830a868acd19249d17d59ecbf9329e796dfed6fb630"}
{"seq":7,"ts":1780570800000,"agent_id":"swarm","symbol":"BTCUSDT","side":"buy","price":62535.282921721584,"quantity":0.014210883371270671,"notional_usd":888.68161219,"fee_usd":0.533208967314,"balance_before_usd":9994.07291947434,"balance_after_usd":9993.32252668887,"decision":"ALLOW","cert_hash":"f4baee4fc344fac77c393f4f4662cfb57448a9d8f884ed0303ca60f1681bf745","prev_hash":"71b5c1fc80c195751243a760ed2858e973747febc00f41688591ae877e93a0ca","record_hash":"53719522a22e455fb6d16ae67300eacde7136424a233ed2d450d09742c169c08","signature_hex":"e4bd7b27f033a1cb135b5599ba443486dade3a7de0081035a6fdcfdd58cb394812e6223ce38fdfbc2a2516151037943b26dbb6d8082da26b5ee4e7e00f851101","public_key_hex":"c2f8243b0d573587f285c830a868acd19249d17d59ecbf9329e796dfed6fb630"}
{"seq":8,"ts":1780671600000,"agent_id":"swarm","symbol":"BTCUSDT","side":"sell","price":60390.39064122761,"quantity":0.015511313384194364,"notional_usd":936.73427463,"fee_usd":0.5620405647779999,"balance_before_usd":9993.32989074058,"balance_after_usd":9992.536586439526,"decision":"ALLOW","cert_hash":"22e9c29ec6af553b39be88a5e5d81b146a7149325bb715c794493d347268331b","prev_hash":"53719522a22e455fb6d16ae67300eacde7136424a233ed2d450d09742c169c08","record_hash":"c1bcab77775d9db60a45365f7ef652b3c9c07cca0f7d4aa45eb27c38083def13","signature_hex":"e1004e2566cfbe0f94d6dc18ea5d8d61dd8523edea4a18d4d0bfd028f63a0ccfc5a55ad805db08afd36e5bf1aeff922c2de9091d866db508a79fd04095393208","public_key_hex":"c2f8243b0d573587f285c830a868acd19249d17d59ecbf9329e796dfed6fb630"}
{"seq":9,"ts":1780675200000,"agent_id":"swarm","symbol":"BTCUSDT","side":"buy","price":61375.593720926765,"quantity":0.015510946479290938,"notional_usd":951.99354934,"fee_usd":0.571196129604,"balance_before_usd":9977.747924971853,"balance_after_usd":9976.941059850133,"decision":"ALLOW","cert_hash":"5536758f3b3721fbfec7d3ef7f0f33356702e60987dc3287f46449485dab8f65","prev_hash":"c1bcab77775d9db60a45365f7ef652b3c9c07cca0f7d4aa45eb27c38083def13","record_hash":"661d5355db5496a87b2a84cfc4fb42e3d067aaa3e8cbe73ea92317201b8b43fa","signature_hex":"6ea0d1a24f199425211b5b2ac9dee731106d35c556c1b6cbac440be6143cb9205199e5d85688a6991e377c5707b6619fa477d1abdc149d43ec0518aab9dd8a05","public_key_hex":"c2f8243b0d573587f285c830a868acd19249d17d59ecbf9329e796dfed6fb630"}
{"seq":10,"ts":1780678800000,"agent_id":"swarm","symbol":"BTCUSDT","side":"sell","price":60769.65694653279,"quantity":0.014548656162036195,"notional_usd":884.116844,"fee_usd":0.5304701064,"balance_before_usd":9976.943271729018,"balance_after_usd":9976.196855141328,"decision":"ALLOW","cert_hash":"3e8f524fbaa339359b75eeb0ee9147f9db039db9fdff4353cd70c39c26fe19fb","prev_hash":"661d5355db5496a87b2a84cfc4fb42e3d067aaa3e8cbe73ea92317201b8b43fa","record_hash":"79e7ccca4244cc8c2541f21cc0fa26adb33e264412fd9eb74f8576f7f633eff9","signature_hex":"e0656619dfc07281383d95ebaca053e328d274bcb50793c30379d861b96b63a6a2cb175caf3086e4d04a742ab6a23efdbb069e979375c7ea84d5f19d2fa00b0a","public_key_hex":"c2f8243b0d573587f285c830a868acd19249d17d59ecbf9329e796dfed6fb630"}
{"seq":11,"ts":1780682400000,"agent_id":"swarm","symbol":"BTCUSDT","side":"sell","price":59354.792983489424,"quantity":0.004167184070017776,"notional_usd":247.3423478,"fee_usd":0.14840540868000002,"balance_before_usd":9996.819198493133,"balance_after_usd":9996.61825732608,"decision":"ALLOW","cert_hash":"f6d65c93f95711681a213f82bcb469b380d4e6d44e8f50a727ff8a81cd490eaa","prev_hash":"79e7ccca4244cc8c2541f21cc0fa26adb33e264412fd9eb74f8576f7f633eff9","record_hash":"96af8ef38dca8c75ce93fe1f09e32bf491d164649365dbad60b9c59278a6391f","signature_hex":"713181d6b308f44c11073c74093555817d35585f6e48776741e2dbbffe520294e0341f12dac9b428743d16cae7f55857c9d25de039c792a188413c969e47320b","public_key_hex":"c2f8243b0d573587f285c830a868acd19249d17d59ecbf9329e796dfed6fb630"}
{"seq":12,"ts":1780689600000,"agent_id":"swarm","symbol":"BTCUSDT","side":"buy","price":61594.21253210635,"quantity":0.004195140929925995,"notional_usd":258.39640204,"fee_usd":0.155037841224,"balance_before_usd":9955.178499570855,"balance_after_usd":9954.968452809495,"decision":"ALLOW","cert_hash":"d2aa1c9383031c902450e80ce786abd9e4726e05756ede6a78cc2aa335b34344","prev_hash":"96af8ef38dca8c75ce93fe1f09e32bf491d164649365dbad60b9c59278a6391f","record_hash":"f5abef41b20a691d54f9aeaccbaecd653b76d264fc167aa6e1e1e445dcf2c3c5","signature_hex":"a4d2325da679c6e0ddb0d6fab1daf1b003deabfafc387c1957fa776405503479ffa56ee0d025d4976be5b7ba565556f7df922a5b666f7e24c14c79315d534305","public_key_hex":"c2f8243b0d573587f285c830a868acd19249d17d59ecbf9329e796dfed6fb630"}
{"seq":13,"ts":1780693200000,"agent_id":"swarm","symbol":"BTCUSDT","side":"buy","price":61651.08702608862,"quantity":0.014520985644765153,"notional_usd":895.23454969,"fee_usd":0.5371407298140001,"balance_before_usd":9954.171055561495,"balance_after_usd":9953.414836342426,"decision":"ALLOW","cert_hash":"09d8286a4808ad2a44c23db94daf6f6b77b0735621c2b88063f47abbdbbc8d75","prev_hash":"f5abef41b20a691d54f9aeaccbaecd653b76d264fc167aa6e1e1e445dcf2c3c5","record_hash":"d45590f6be0a995c9aed23eb0a8accad89592a9bd57485663f54d634230fc050","signature_hex":"7aeef573751c6641d8fda60bc4de1ff855a94369ca67a8244e3bd86379ceec25e2debd7d4923f4515885801a20bf0a4afd7901e054fa9a6c6e2324e628f31e0e","public_key_hex":"c2f8243b0d573587f285c830a868acd19249d17d59ecbf9329e796dfed6fb630"}
{"seq":14,"ts":1781535600000,"agent_id":"swarm","symbol":"BTCUSDT","side":"buy","price":67261.81742395772,"quantity":0.012678886529554921,"notional_usd":852.80495089,"fee_usd":0.511682970534,"balance_before_usd":9953.394856700706,"balance_after_usd":9952.676286963357,"decision":"ALLOW","cert_hash":"08b9953573952d9b08213d4cbd65cfa9cee9d73b3d64bbe1b291a40074bbe45b","prev_hash":"d45590f6be0a995c9aed23eb0a8accad89592a9bd57485663f54d634230fc050","record_hash":"ec5f7e34a3b8ca56e0e67e4084ce423a229639cb977a7cad56500161f99cb7b7","signature_hex":"705c10b2728e56f49ae9d7db301e197ece4ed6ffa9cbf14bef09504588cd520a7798f0294f9fe2b70d8ec4e72c1741d31cd28aa813ae608137beef3d2a4ea60f","public_key_hex":"c2f8243b0d573587f285c830a868acd19249d17d59ecbf9329e796dfed6fb630"}
{"seq":15,"ts":1781539200000,"agent_id":"swarm","symbol":"BTCUSDT","side":"sell","price":67101.92229142913,"quantity":0.012678406943472392,"notional_usd":850.7454775,"fee_usd":0.5104472864999999,"balance_before_usd":9951.16906036689,"balance_after_usd":9950.452237667023,"decision":"ALLOW","cert_hash":"2a0e6cf3c0fa037f8c386990e00d82a3a0b52e4d8c5743a54d2e8634ac05a6a0","prev_hash":"ec5f7e34a3b8ca56e0e67e4084ce423a229639cb977a7cad56500161f99cb7b7","record_hash":"d3086437d0953206d39e8fe97684f562730a54b6abca1f860187a6e378e639d7","signature_hex":"d2897f9ecf4a07372c9f4cec925e5176a2a447ac7f086785632ac6408930223059eed73f78a6e70170466496f48ccf99e2a590f7f07534a3b9d8cf3facb41e00","public_key_hex":"c2f8243b0d573587f285c830a868acd19249d17d59ecbf9329e796dfed6fb630"}
