{"seq":0,"ts":1781359200000,"agent_id":"baseline-momentum","symbol":"BTCUSDT","side":"buy","price":64203.25648368,"quantity":0.03115106786691397,"notional_usd":2000.0,"fee_usd":1.2,"balance_before_usd":10000.0,"balance_after_usd":9998.200139970006,"decision":"ALLOW_CAPPED","cert_hash":"1e2a59e0972a2a171e5bdfe07693a2e014b1f744b34a93ea5d6c9d68d0d4ad84","prev_hash":"0000000000000000000000000000000000000000000000000000000000000000","record_hash":"a38cc3338c0f3cc1d04768e748629cc8a6b8c91fa43035f1bd8122a492b53db7","signature_hex":"17b265043ed485f994e07bb2ca7a5d7d5619ceea0f6aff081d2db19d63fbd8de02938ad331d6c711e0c72467dded54603a684d308ebfe8f8b3bd68b2b3f76105","public_key_hex":"c2f8243b0d573587f285c830a868acd19249d17d59ecbf9329e796dfed6fb630"}
{"seq":1,"ts":1781362800000,"agent_id":"baseline-momentum","symbol":"BTCUSDT","side":"buy","price":64277.578775166,"quantity":0.03111504879478614,"notional_usd":2000.0,"fee_usd":1.2,"balance_before_usd":10000.514664312519,"balance_after_usd":9998.714804282525,"decision":"ALLOW_CAPPED","cert_hash":"54d3e3c27d58b692aefe02019386b1842c91a8bd04b47c5d38c00cf9a6dac4e3","prev_hash":"a38cc3338c0f3cc1d04768e748629cc8a6b8c91fa43035f1bd8122a492b53db7","record_hash":"f0c27486b7d718335ec514b638cf349899492ad9fdec9d57b2c4654dc9d16061","signature_hex":"39884ecc926bbc3dbbbba72aac5b65aa4b2f636fda400e60fc208f1b2f2e4e0d797ac35b252e03c28d2011346092999ae6678dae1574b20435364dd82adb940e","public_key_hex":"c2f8243b0d573587f285c830a868acd19249d17d59ecbf9329e796dfed6fb630"}
{"seq":2,"ts":1781366400000,"agent_id":"baseline-momentum","symbol":"BTCUSDT","side":"buy","price":64006.42012209623,"quantity":0.01572871182577597,"notional_usd":1006.7385371,"fee_usd":0.60404312226,"balance_before_usd":9982.344497458362,"balance_after_usd":9981.488478452236,"decision":"ALLOW","cert_hash":"82003c14fc1f0c6e5ff32ac413f55870c8f3e085c2ce8f22b288b4ee0c06d153","prev_hash":"f0c27486b7d718335ec514b638cf349899492ad9fdec9d57b2c4654dc9d16061","record_hash":"6dcc2737d6b602800a39dc1fdfbc6b43a1cbbab0b512df7b798fc583b9f53c88","signature_hex":"17137255ee45173971c9f8065ae8747e331b826869c5f6151436d62b77db09460abf3e26a419a947cf6e13e5c0c7f7156ceb689700400fa3abd78d8181f3e00e","public_key_hex":"c2f8243b0d573587f285c830a868acd19249d17d59ecbf9329e796dfed6fb630"}
{"seq":3,"ts":1781456400000,"agent_id":"baseline-momentum","symbol":"BTCUSDT","side":"sell","price":63685.689834096,"quantity":0.03140422919513139,"notional_usd":2000.0,"fee_usd":1.2,"balance_before_usd":9959.485053231201,"balance_after_usd":9957.684913201196,"decision":"ALLOW_CAPPED","cert_hash":"008efec88cf0c2d33fd2192fa0e0065ed7f5d2aa62ba6715f01d8256d53d22d0","prev_hash":"6dcc2737d6b602800a39dc1fdfbc6b43a1cbbab0b512df7b798fc583b9f53c88","record_hash":"c73053261334395a6fc5be5c93086f0168e5ff5b136cc1024d563b4cffed374c","signature_hex":"98fadac5b45315ff820dbd823be945202beba0154ba37d1e698410a6436a2161232177f4e1662a590c7bced1db7ddd3a724e9c388b0bc5501284fbaceaa6e905","public_key_hex":"c2f8243b0d573587f285c830a868acd19249d17d59ecbf9329e796dfed6fb630"}
{"seq":4,"ts":1781460000000,"agent_id":"baseline-momentum","symbol":"BTCUSDT","side":"sell","price":63768.464995752,"quantity":0.03136346468639683,"notional_usd":2000.0,"fee_usd":1.2,"balance_before_usd":9961.542614822603,"balance_after_usd":9959.742474792596,"decision":"ALLOW_CAPPED","cert_hash":"f706b955dda93b197759aa6207c9df3d9f74963efe51001a649f73ac348a65f5","prev_hash":"c73053261334395a6fc5be5c93086f0168e5ff5b136cc1024d563b4cffed374c","record_hash":"445c62d0d8625b5cc3ec9dea0fd88b25d72f4d79af1b6fd96c51b79b53ee6324","signature_hex":"ff941b89acfd4290403b931113d1f4cbc42a83fcfb53f0f4e11135bab6cf7415dde5da259267f24c33a39d5055f13768a768f8f64267a0051e433db74fd6ef03","public_key_hex":"c2f8243b0d573587f285c830a868acd19249d17d59ecbf9329e796dfed6fb630"}
{"seq":5,"ts":1781463600000,"agent_id":"baseline-momentum","symbol":"BTCUSDT","side":"sell","price":63765.265955688,"quantity":0.03136503816027126,"notional_usd":2000.0,"fee_usd":1.2,"balance_before_usd":9959.693747961855,"balance_after_usd":9957.89360793185,"decision":"ALLOW_CAPPED","cert_hash":"59bd33f0f2e05b00d91ae8ec4ae060d778e7dcb0ef0f9672b20251e0c769c892","prev_hash":"445c62d0d8625b5cc3ec9dea0fd88b25d72f4d79af1b6fd96c51b79b53ee6324","record_hash":"42fcd03bcaaa921ceca5550a25436249b2784c869516f915bf0bf37ffa32a429","signature_hex":"ee19cfaab28019eba2a291ebf8aca62d832b56c7aa3f4f317a9f71c8d9cf5cc37dddec5f1f78e51d54a5763041fd5d6b179966db8b159cd0cdcd57f272f6be01","public_key_hex":"c2f8243b0d573587f285c830a868acd19249d17d59ecbf9329e796dfed6fb630"}
{"seq":6,"ts":1781467200000,"agent_id":"baseline-momentum","symbol":"BTCUSDT","side":"sell","price":63961.30712961,"quantity":0.03126890443228806,"notional_usd":2000.0,"fee_usd":1.2,"balance_before_usd":9954.728965044847,"balance_after_usd":9952.92882501484,"decision":"ALLOW_CAPPED","cert_hash":"877d9f01d6e5121f377ea36673b57341201d083167e21d2cb36e79a7410bac73","prev_hash":"42fcd03bcaaa921ceca5550a25436249b2784c869516f915bf0bf37ffa32a429","record_hash":"f7f884d7a5695efcc82d458f95c55b0c92abe3ca3bbcbd0c3101119d5f0e7632","signature_hex":"cfb0a22327a4da2052ca73dd2fc9cbf8496a8b21d44a67bb89479b176130d1014a3f476cd04c21d63c74aa9b1786067e1e2d969ba1a614f3e6ea0dfac675b60d","public_key_hex":"c2f8243b0d573587f285c830a868acd19249d17d59ecbf9329e796dfed6fb630"}
{"seq":7,"ts":1781470800000,"agent_id":"baseline-momentum","symbol":"BTCUSDT","side":"buy","price":65301.885995646,"quantity":0.0306269867938171,"notional_usd":2000.0,"fee_usd":1.2,"balance_before_usd":9891.214642377869,"balance_after_usd":9889.414782347874,"decision":"ALLOW_CAPPED","cert_hash":"e19013dff7ca51f397d9c101c993144da6d711cb03a18cacdbdcb1480d6cd9df","prev_hash":"f7f884d7a5695efcc82d458f95c55b0c92abe3ca3bbcbd0c3101119d5f0e7632","record_hash":"2ada0a9e01075c0e2003e5a3ad3ce11033d93767ab5e6c1c3d3ea0832e7f726d","signature_hex":"e2020a6e7f02e06871cfa65eb8930172046d1111dd2632e02b0187b0fdfbda2acaf66d87c60923c9240960952296ded71b3a189421371bce28eb39d471647700","public_key_hex":"c2f8243b0d573587f285c830a868acd19249d17d59ecbf9329e796dfed6fb630"}
{"seq":8,"ts":1781474400000,"agent_id":"baseline-momentum","symbol":"BTCUSDT","side":"buy","price":65404.916897705996,"quantity":0.03057874078684362,"notional_usd":2000.0,"fee_usd":1.2,"balance_before_usd":9887.686460765017,"balance_after_usd":9885.886600735023,"decision":"ALLOW_CAPPED","cert_hash":"c26e989464b6eefe1ffdabc7a203cc0edf492d53163c0e0aaba5c31814fae4e6","prev_hash":"2ada0a9e01075c0e2003e5a3ad3ce11033d93767ab5e6c1c3d3ea0832e7f726d","record_hash":"fbc6d9df62399c86e08c263de31ffc945cb6d02fa54828842dab5089d8ccae8f","signature_hex":"147db7e7a1398d8bcf3a1ef951523a22749c7ec03dbdf31fab77da71039916da5f5f82163f5796cc0b6b796d0ca3ad3bf85478ba9bd977ed302a784c33d3e00d","public_key_hex":"c2f8243b0d573587f285c830a868acd19249d17d59ecbf9329e796dfed6fb630"}
{"seq":9,"ts":1781478000000,"agent_id":"baseline-momentum","symbol":"BTCUSDT","side":"buy","price":65722.012004046,"quantity":0.030431204691007865,"notional_usd":2000.0,"fee_usd":1.2,"balance_before_usd":9890.260858246336,"balance_after_usd":9888.460998216342,"decision":"ALLOW_CAPPED","cert_hash":"a31eb2a479e6f9382e77b6c181a049a670a084d5c94313a31312f48cfb2ea612","prev_hash":"fbc6d9df62399c86e08c263de31ffc945cb6d02fa54828842dab5089d8ccae8f","record_hash":"80fc85dec317f34c9c520f1f1de36cda0c75a530570b84ef346a6d6cbe27c521","signature_hex":"b66bfd28f6214ec627f0e1c141f01b1886aa8c84f955e4b872f078269a97c9cb5768e5405acc389d0210a9657c5c728cf33b241e3c5beb156ab0e262a5867b08","public_key_hex":"c2f8243b0d573587f285c830a868acd19249d17d59ecbf9329e796dfed6fb630"}
{"seq":10,"ts":1781481600000,"agent_id":"baseline-momentum","symbol":"BTCUSDT","side":"buy","price":65611.37882183399,"quantity":0.03048251745220823,"notional_usd":2000.0,"fee_usd":1.2,"balance_before_usd":9883.514025018596,"balance_after_usd":9881.714164988603,"decision":"ALLOW_CAPPED","cert_hash":"738a1756c834ccf3d89cd07a09399ebec318f0aaa9bd18416c1d86c83451721a","prev_hash":"80fc85dec317f34c9c520f1f1de36cda0c75a530570b84ef346a6d6cbe27c521","record_hash":"573e72ab15394e05c4773bcd5e881efef18fbfd9a367b166b20562e71db4fe2b","signature_hex":"01b425ea0ffabc56ca2a7f30206d3ff0c2d37f1bfe100274401a55e8680d33c82ae76da56f05b69944489f28f8f429e6336fba9942b837037a9f7a7cfc47f001","public_key_hex":"c2f8243b0d573587f285c830a868acd19249d17d59ecbf9329e796dfed6fb630"}
{"seq":11,"ts":1781607600000,"agent_id":"baseline-momentum","symbol":"BTCUSDT","side":"sell","price":66435.964559118,"quantity":0.030104176454310395,"notional_usd":2000.0,"fee_usd":1.2,"balance_before_usd":9947.276121420482,"balance_after_usd":9945.475981390477,"decision":"ALLOW_CAPPED","cert_hash":"89fbce98dae3b626cea40d11cc3d796dae05dba6e8edc78ea719bd6c914a44e0","prev_hash":"573e72ab15394e05c4773bcd5e881efef18fbfd9a367b166b20562e71db4fe2b","record_hash":"fb53b3cea326438827873da6f318a7d9353598e2dfe4265331dbf5ee8cdec0a4","signature_hex":"f1676393db4a877df819796b5ef6dcfbfd3489e16b96dfd7ec4d04a17dd2c2b57db8c84fca8e356e651f3d4354fd0665377294e0741e9988d6fda37b5b2e3804","public_key_hex":"c2f8243b0d573587f285c830a868acd19249d17d59ecbf9329e796dfed6fb630"}
{"seq":12,"ts":1781611200000,"agent_id":"baseline-momentum","symbol":"BTCUSDT","side":"sell","price":66375.0828279,"quantity":0.030131789141200484,"notional_usd":2000.0,"fee_usd":1.2,"balance_before_usd":9942.759325854746,"balance_after_usd":9940.959185824739,"decision":"ALLOW_CAPPED","cert_hash":"f9d9b9f51177c456117971cee274bbd75388c0ee1e89acbf4eaeba59b3a7b1e5","prev_hash":"fb53b3cea326438827873da6f318a7d9353598e2dfe4265331dbf5ee8cdec0a4","record_hash":"0a62e8329a6d98795537890d4ae95864169ce126da069e78b6053b2f39c19796","signature_hex":"523a9baa507bb0b70b51d823c7499b704561acc6d63a8fe4f48b543f7ea19587040d6062da0de222a8e83eeaacc578fcd16d60ee4b0141076aaecb0877bed609","public_key_hex":"c2f8243b0d573587f285c830a868acd19249d17d59ecbf9329e796dfed6fb630"}
{"seq":13,"ts":1781614800000,"agent_id":"baseline-momentum","symbol":"BTCUSDT","side":"sell","price":66000.49523040601,"quantity":0.030302802926221267,"notional_usd":2000.0,"fee_usd":1.2,"balance_before_usd":9935.534775274422,"balance_after_usd":9933.734635244416,"decision":"ALLOW_CAPPED","cert_hash":"f2658e32ce757c65a2a59c892652e37a4a1beef54120377485e7d7872a779076","prev_hash":"0a62e8329a6d98795537890d4ae95864169ce126da069e78b6053b2f39c19796","record_hash":"ad65137cc4d93b87923feadc5942bc2778f5100517d2a4bb10c28763761b8690","signature_hex":"da0dbf9608a9c55be5559270032a605df628b6ddfad09246bb9ba492405b60ede3671b60a43ea2af325e5ac8be1e142f47282dfbd0cd4761250db57edbb20900","public_key_hex":"c2f8243b0d573587f285c830a868acd19249d17d59ecbf9329e796dfed6fb630"}
{"seq":14,"ts":1781618400000,"agent_id":"baseline-momentum","symbol":"BTCUSDT","side":"sell","price":65610.112372596,"quantity":0.03048310584566776,"notional_usd":2000.0,"fee_usd":1.2,"balance_before_usd":9939.91473775375,"balance_after_usd":9938.114597723743,"decision":"ALLOW_CAPPED","cert_hash":"617a23ab0f74316581ea2074022cf2dbdb1359ae2b848a016c357c127414cf1f","prev_hash":"ad65137cc4d93b87923feadc5942bc2778f5100517d2a4bb10c28763761b8690","record_hash":"006261475e866530e28841270b3181e5e7844e3aeed555b1ce6b5f303d38fc28","signature_hex":"849604f52c7d51d097a51ad6bb40a44a2c6261155ad0147177e88d122bf7a1db67b0693729dba4a1ba6ba6f8aca7184d993f3f6a20b218d6127547f1c5a61900","public_key_hex":"c2f8243b0d573587f285c830a868acd19249d17d59ecbf9329e796dfed6fb630"}
{"seq":15,"ts":1781622000000,"agent_id":"baseline-momentum","symbol":"BTCUSDT","side":"sell","price":65815.02885142821,"quantity":0.029105394417348666,"notional_usd":1915.57237331,"fee_usd":1.149343423986,"balance_before_usd":9928.635097804356,"balance_after_usd":9926.91903892143,"decision":"ALLOW","cert_hash":"79f6cc6c4ec4505d0e3e7783a9f849bca6a670df7dc5a3d0c43dc6288ceef449","prev_hash":"006261475e866530e28841270b3181e5e7844e3aeed555b1ce6b5f303d38fc28","record_hash":"affab7ac1b9076d23e08fde0715872d2dd2d675c528b0aa28251e3330bfa3561","signature_hex":"d809f5530836c9bfebe9845bf0bad35c1ebcedba1571fa51002041aa40cddd5503b2d0b317f223bf796382376fc66fe1e9cf852137f3b7801691ae7222905e0e","public_key_hex":"c2f8243b0d573587f285c830a868acd19249d17d59ecbf9329e796dfed6fb630"}
{"seq":16,"ts":1781755200000,"agent_id":"baseline-momentum","symbol":"BTCUSDT","side":"sell","price":63836.21766111589,"quantity":0.003499127099851037,"notional_usd":223.37103917,"fee_usd":0.13402262350199998,"balance_before_usd":10077.144703526968,"balance_after_usd":10076.963504486108,"decision":"ALLOW","cert_hash":"9510848261165539289baf7ab7605ed53861a37a0df7941afa97e78478ee870c","prev_hash":"affab7ac1b9076d23e08fde0715872d2dd2d675c528b0aa28251e3330bfa3561","record_hash":"da46dd9ae5033733e15383580eb8c6a7c6b6b211c0d5b602d43a7ef4abe5f87a","signature_hex":"c4adb3154e15e8b526f308b781a031fca885c2927354b0a3cef8af160a6fcf4f6516813c618bdd9644ad43cd2ea82666cac8c3d3e622c99e232152b8016da40e","public_key_hex":"c2f8243b0d573587f285c830a868acd19249d17d59ecbf9329e796dfed6fb630"}
{"seq":17,"ts":1781874000000,"agent_id":"baseline-momentum","symbol":"BTCUSDT","side":"buy","price":63192.95346348,"quantity":0.03164909836277592,"notional_usd":2000.0,"fee_usd":1.2,"balance_before_usd":10130.754347619371,"balance_after_usd":10128.954487589377,"decision":"ALLOW_CAPPED","cert_hash":"818771bef845bb7f2fe16f1fdb2697b51e0916decf7f11e488fa2e73ea27dcf1","prev_hash":"da46dd9ae5033733e15383580eb8c6a7c6b6b211c0d5b602d43a7ef4abe5f87a","record_hash":"875c8336e9a4ad4010e8339570fa7dbd5e4683c417dfbd52d941975ba955bda0","signature_hex":"e8ad7fea3b0beeb14337ea0a4b7ea8804bf53ab33405d30e07c6e5713435f5b05c46e131ffdb8df5ccf7e8df74171fcb59c34d4082c8d8d3012e32f4ee3a6b0c","public_key_hex":"c2f8243b0d573587f285c830a868acd19249d17d59ecbf9329e796dfed6fb630"}
{"seq":18,"ts":1781877600000,"agent_id":"baseline-momentum","symbol":"BTCUSDT","side":"buy","price":63188.252053386,"quantity":0.03165145315794233,"notional_usd":2000.0,"fee_usd":1.2,"balance_before_usd":10129.176631471564,"balance_after_usd":10127.37677144157,"decision":"ALLOW_CAPPED","cert_hash":"d7ea7a8646150773b06da4efe0937f44fec98d89dde87ddb596bebbe6adf2b50","prev_hash":"875c8336e9a4ad4010e8339570fa7dbd5e4683c417dfbd52d941975ba955bda0","record_hash":"eeeca143193138b4e710072f073c589b9e799ead8931e78304c64898f8d96b46","signature_hex":"1c49843071b369d4074ac90a4c08a2a9c64dd0b2cd3f692d13b6b5dae8721549d46d55a04104e56d4147806e6c9e8617bdf39d86303bb7ed0f918791dae30b03","public_key_hex":"c2f8243b0d573587f285c830a868acd19249d17d59ecbf9329e796dfed6fb630"}
{"seq":19,"ts":1781910000000,"agent_id":"baseline-momentum","symbol":"BTCUSDT","side":"buy","price":63531.855110256,"quantity":0.031480270748101266,"notional_usd":2000.0,"fee_usd":1.2,"balance_before_usd":10122.019532518536,"balance_after_usd":10120.219672488542,"decision":"ALLOW_CAPPED","cert_hash":"eb3cc7487ddbab47a5aacbae52049f09a72f59b620bb9b0a03ef020c1e8a9c64","prev_hash":"eeeca143193138b4e710072f073c589b9e799ead8931e78304c64898f8d96b46","record_hash":"a4ed0d75c573f7c811bfc45395b1a41bef6ce918a91b10744865103b66a6a4eb","signature_hex":"9baf9e9a7b45980280d6d0e75f2bc542cbb047879968b4c7991fb9e3b9cf21606b21ca0daf08f15415a93bc8c5dca5c8bb261cec4449386d37705e04700c970a","public_key_hex":"c2f8243b0d573587f285c830a868acd19249d17d59ecbf9329e796dfed6fb630"}
{"seq":20,"ts":1781913600000,"agent_id":"baseline-momentum","symbol":"BTCUSDT","side":"buy","price":63509.948539818,"quantity":0.03149112927947165,"notional_usd":2000.0,"fee_usd":1.2,"balance_before_usd":10119.856065065713,"balance_after_usd":10118.05620503572,"decision":"ALLOW_CAPPED","cert_hash":"dbb179c71043082582f75133e06389810760fc188863c02dbb2d7623efcf6af9","prev_hash":"a4ed0d75c573f7c811bfc45395b1a41bef6ce918a91b10744865103b66a6a4eb","record_hash":"0b034fa8408e58c57199e54c0e99d7e2cc74942f7d754c4b61ad838680f117f5","signature_hex":"77dfca846181e53d2728d8ec4e1a0bb34145a576bceb1d3135bf2631db6eb17420513da6252dc1bb2f74648de00b7f5e7072d6c824cb3d99fa309b45404dec08","public_key_hex":"c2f8243b0d573587f285c830a868acd19249d17d59ecbf9329e796dfed6fb630"}
{"seq":21,"ts":1781917200000,"agent_id":"baseline-momentum","symbol":"BTCUSDT","side":"buy","price":63564.865010916,"quantity":0.03146392271353899,"notional_usd":2000.0,"fee_usd":1.2,"balance_before_usd":10120.656170073033,"balance_after_usd":10118.85631004304,"decision":"ALLOW_CAPPED","cert_hash":"61bf0cb515ed8ae12a197fbddbde5b57db2b1f56afc311d68c0a9e60c36386ab","prev_hash":"0b034fa8408e58c57199e54c0e99d7e2cc74942f7d754c4b61ad838680f117f5","record_hash":"8823531367ab9a44980de23a18b51c3364b93a28896eaa949c8b699e7b8ec9aa","signature_hex":"ddc2822c8cee01e3173cd8e389d7d69a0e7f25a8545b27cfb955aac08425d97436550ea3542bf19c47787b1e3b75e05272b0a1ef619a35918acbd0294ce20f05","public_key_hex":"c2f8243b0d573587f285c830a868acd19249d17d59ecbf9329e796dfed6fb630"}
