{"seq":0,"ts":1781445600000,"agent_id":"regime","symbol":"BTCUSDT","side":"buy","price":63976.38843914399,"quantity":0.03126153333745077,"notional_usd":2000.0,"fee_usd":1.2,"balance_before_usd":10000.0,"balance_after_usd":9998.200139970006,"decision":"ALLOW_CAPPED","cert_hash":"fd5825a2a5ffc64856b99a76253211ea6aa8bee1ae72d4e54115faabbd32c790","prev_hash":"0000000000000000000000000000000000000000000000000000000000000000","record_hash":"d494170d937c6676020270da7e7ad1ede1009d9faeae97760f40fcdd0c586de5","signature_hex":"009a267ce7b8b04d1e20a80aeb3e16eddc07a56cf4b2c2af818787bb5092e207de6d50c1620b1494c4424c671e93a9f256c0f437074963f779950189c74c2806","public_key_hex":"c2f8243b0d573587f285c830a868acd19249d17d59ecbf9329e796dfed6fb630"}
{"seq":1,"ts":1781449200000,"agent_id":"regime","symbol":"BTCUSDT","side":"buy","price":64010.598699828,"quantity":0.031244825710486195,"notional_usd":2000.0,"fee_usd":1.2,"balance_before_usd":9999.269284410148,"balance_after_usd":9997.469424380155,"decision":"ALLOW_CAPPED","cert_hash":"3792ffa39051971cee8055380bda20ee010dfac9d0923ec94cd0f1ba1d3103bb","prev_hash":"d494170d937c6676020270da7e7ad1ede1009d9faeae97760f40fcdd0c586de5","record_hash":"79baab3b3199aabb4f223b8f20a8238d886a14573d931f34d55fd501e4ee4a69","signature_hex":"ddb49b09a20864146c2242465bb02f31a053406b89f70ea91dff8dd1c64edd33c29e3288f5a6191d92b582d553c5b196ad1906fb019d0c198eb3f05f96e69f0e","public_key_hex":"c2f8243b0d573587f285c830a868acd19249d17d59ecbf9329e796dfed6fb630"}
{"seq":2,"ts":1781452800000,"agent_id":"regime","symbol":"BTCUSDT","side":"buy","price":63929.774458212,"quantity":0.03128432748198274,"notional_usd":2000.0,"fee_usd":1.2,"balance_before_usd":9992.398936474528,"balance_after_usd":9990.599076444534,"decision":"ALLOW_CAPPED","cert_hash":"082eca45382c63a3d42b888e49df5d6024882af53fc0739ac250d7c1022629e3","prev_hash":"79baab3b3199aabb4f223b8f20a8238d886a14573d931f34d55fd501e4ee4a69","record_hash":"55bcaa297733f47f7346ea4af8a41ad164a98f97f79a46a8828ddfaaeddc632d","signature_hex":"dbb401f844a8fad35841e0d809acd040d6ec00fb39623170b08fa26393dd14511acfa2e7c31c2c917c80b7bfe69447aedec5898115947b964b9a8ea87c519e09","public_key_hex":"c2f8243b0d573587f285c830a868acd19249d17d59ecbf9329e796dfed6fb630"}
{"seq":3,"ts":1781467200000,"agent_id":"regime","symbol":"BTCUSDT","side":"sell","price":63961.30712961,"quantity":0.03126890443228806,"notional_usd":2000.0,"fee_usd":1.2,"balance_before_usd":9997.155045432975,"balance_after_usd":9995.35490540297,"decision":"ALLOW_CAPPED","cert_hash":"8960d3ff8db25fb700a58c69934dfc78092154c077b69a296603dd2e8038413b","prev_hash":"55bcaa297733f47f7346ea4af8a41ad164a98f97f79a46a8828ddfaaeddc632d","record_hash":"c451e31e52a343aaa782621d960d30fa006832617b80fb593074c938e1fd6dc7","signature_hex":"fbbf0fde06d963cbf31db753e1a9396ee0cd37c01e8db90cae01b7050a8571508c0d37b83b1f4ff7157de06f0e378c4b8b63e75299c8597006a06e2c01496603","public_key_hex":"c2f8243b0d573587f285c830a868acd19249d17d59ecbf9329e796dfed6fb630"}
{"seq":4,"ts":1781470800000,"agent_id":"regime","symbol":"BTCUSDT","side":"sell","price":65262.71661564601,"quantity":0.03064536850003762,"notional_usd":2000.0,"fee_usd":1.2,"balance_before_usd":10076.745761337666,"balance_after_usd":10074.945621307661,"decision":"ALLOW_CAPPED","cert_hash":"686a97326df1220b074cae75a215675e499e63082b537bc66ca931d5f6fa390e","prev_hash":"c451e31e52a343aaa782621d960d30fa006832617b80fb593074c938e1fd6dc7","record_hash":"2ed9851b0b9f46a390bf75494d30ad4f319c3ecbe84cb74320dabca34c79a4f5","signature_hex":"11ae7505b0248411f017d15dcc42ca0e00ffacb903b5fef92af4b7d35f41c3d334db4fa242fdafeedd12485afdd7c4638a9ef0e358a5e6a084b1e733921de906","public_key_hex":"c2f8243b0d573587f285c830a868acd19249d17d59ecbf9329e796dfed6fb630"}
{"seq":5,"ts":1781474400000,"agent_id":"regime","symbol":"BTCUSDT","side":"sell","price":65365.68571770601,"quantity":0.03059709353677365,"notional_usd":2000.0,"fee_usd":1.2,"balance_before_usd":10078.228891908213,"balance_after_usd":10076.428751878206,"decision":"ALLOW_CAPPED","cert_hash":"f18fd91928aefe9e88efe9b02493929412f47c768769f8df2b6581ea052b1c43","prev_hash":"2ed9851b0b9f46a390bf75494d30ad4f319c3ecbe84cb74320dabca34c79a4f5","record_hash":"28886c15a85ce784bc43aa1ce4c32212959e0cfbd8c24f87a899ee24a66b63ef","signature_hex":"c240ead4b9454e272f7a71ed40192d7a7a6cfefbfc0d5a6c4417fa09f18e78eb57ee0992d7ee365f66d4ce1554a70beb07d0c39fa688fa76385edd1992d8cc04","public_key_hex":"c2f8243b0d573587f285c830a868acd19249d17d59ecbf9329e796dfed6fb630"}
{"seq":6,"ts":1781503200000,"agent_id":"regime","symbol":"BTCUSDT","side":"buy","price":65792.333095452,"quantity":0.03039867878067776,"notional_usd":2000.0,"fee_usd":1.2,"balance_before_usd":10076.922638194987,"balance_after_usd":10075.122778164994,"decision":"ALLOW_CAPPED","cert_hash":"eb276595f87a3097e1fa43160648dbaade21a6fd1f707fda62f2b5b9754774f5","prev_hash":"28886c15a85ce784bc43aa1ce4c32212959e0cfbd8c24f87a899ee24a66b63ef","record_hash":"de0964d9fd26b4f5bfb361e61ffa12d357b323725b7437899fb4a2e7ca1c2672","signature_hex":"2b0c30c36c933d8092303ec15b3f60bd88eae5bc4011ac7ac72313f5ac8b0326d224d753c3f85567081a3a5616f58d593f965f8fa1a688860f6db4ae6ca33c0c","public_key_hex":"c2f8243b0d573587f285c830a868acd19249d17d59ecbf9329e796dfed6fb630"}
{"seq":7,"ts":1781506800000,"agent_id":"regime","symbol":"BTCUSDT","side":"buy","price":65663.494452876,"quantity":0.030458324167248182,"notional_usd":2000.0,"fee_usd":1.2,"balance_before_usd":10071.04265191421,"balance_after_usd":10069.242791884215,"decision":"ALLOW_CAPPED","cert_hash":"9a1dbae40bc4b0873503dcb5dfd6649807f866a567417f00b61fd798e4fe13c0","prev_hash":"de0964d9fd26b4f5bfb361e61ffa12d357b323725b7437899fb4a2e7ca1c2672","record_hash":"8009a7dd8baad394ab7f2b5a2d1c45dc7cceb3e7b36a3241aed39ce5fedf94cf","signature_hex":"83dd18f913510629e5ad528ed4d99381d824d67f4e4ed6c9ca12538c31f810d0218aea125c5e54a11b2e68bad7dcff5220c8f819863ffaff30235c4b7583750f","public_key_hex":"c2f8243b0d573587f285c830a868acd19249d17d59ecbf9329e796dfed6fb630"}
{"seq":8,"ts":1781510400000,"agent_id":"regime","symbol":"BTCUSDT","side":"buy","price":65646.96873878823,"quantity":0.02990529080789113,"notional_usd":1963.19169079,"fee_usd":1.177915014474,"balance_before_usd":10068.395025690505,"balance_after_usd":10066.631901851824,"decision":"ALLOW","cert_hash":"837f8f564d9cd9b44e495026e06b966561cc43c5fdb86dd6a9e208c739f455cd","prev_hash":"8009a7dd8baad394ab7f2b5a2d1c45dc7cceb3e7b36a3241aed39ce5fedf94cf","record_hash":"08bd6a95345e8196742429e11f8a6950338fdf1f1fb8015b3967c5f21da70c4d","signature_hex":"ee527faa85e18e929d530897f3ffd9811622e731fb5e1913d6246f6e0f27478e34e0870a164434ff49b0b2628eb17e9d7bf98ac53666d1bde401cbd74767ea09","public_key_hex":"c2f8243b0d573587f285c830a868acd19249d17d59ecbf9329e796dfed6fb630"}
{"seq":9,"ts":1781514000000,"agent_id":"regime","symbol":"BTCUSDT","side":"sell","price":65538.83376117,"quantity":0.03051625860918121,"notional_usd":2000.0,"fee_usd":1.2,"balance_before_usd":10060.290234659858,"balance_after_usd":10058.490094629851,"decision":"ALLOW_CAPPED","cert_hash":"fd1703c3cfdddc02cb7e4955c9f65fd5313a99048ea78fde1457ff3bca7a77ee","prev_hash":"08bd6a95345e8196742429e11f8a6950338fdf1f1fb8015b3967c5f21da70c4d","record_hash":"09c5b7ddb7d4f9ccfce750c7111a26382d551b682e53a6940c3ff4678b4ea3e5","signature_hex":"70266221bf681bf48b61dbb08fcbc7c2e3f266d3a0ac27aab41c67ce1818067eec509507b898a7b60bae2493acf0ee96243395686979659c0c4f9e6c7100840c","public_key_hex":"c2f8243b0d573587f285c830a868acd19249d17d59ecbf9329e796dfed6fb630"}
{"seq":10,"ts":1781517600000,"agent_id":"regime","symbol":"BTCUSDT","side":"buy","price":65904.14543268998,"quantity":0.030249441807057346,"notional_usd":1993.56361211,"fee_usd":1.196138167266,"balance_before_usd":10078.541207891962,"balance_after_usd":10076.747781407585,"decision":"ALLOW","cert_hash":"07bae5bf6fc173349d3b01a50b8f205c84331bf67e0e9c3ed2a149d8b6831c9c","prev_hash":"09c5b7ddb7d4f9ccfce750c7111a26382d551b682e53a6940c3ff4678b4ea3e5","record_hash":"490dbf71e99637e4fae5bbe099451d3deed017234705491f1b8ca1f70c2d6607","signature_hex":"6d90a12b7225a707161f54b287ea0f15041691e930868c16f63b0630053da8839621b1943b5d959adac85fb446a5804313777b617393118c74de97dc1b4a0b0b","public_key_hex":"c2f8243b0d573587f285c830a868acd19249d17d59ecbf9329e796dfed6fb630"}
{"seq":11,"ts":1781575200000,"agent_id":"regime","symbol":"BTCUSDT","side":"sell","price":65689.888434192,"quantity":0.03044608611268378,"notional_usd":2000.0,"fee_usd":1.2,"balance_before_usd":10061.767221437565,"balance_after_usd":10059.96708140756,"decision":"ALLOW_CAPPED","cert_hash":"2535ee9b6ead3959f27ad9066b64e1e859d8b0bd1a35c6b333e0ef2681a84fd1","prev_hash":"490dbf71e99637e4fae5bbe099451d3deed017234705491f1b8ca1f70c2d6607","record_hash":"a0b116d434c2d7b2a25b717c43e16a8dfe6336e6a1c52a0d4287a44e102d8037","signature_hex":"476f526dfde933f38951e53278912e8376e95e272b12bfe5fd99fc589e84dadf2ba5b363063d05ee9ef2dcc6379c3d2c86484fae541fd9d9795c346c9c183709","public_key_hex":"c2f8243b0d573587f285c830a868acd19249d17d59ecbf9329e796dfed6fb630"}
{"seq":12,"ts":1781578800000,"agent_id":"regime","symbol":"BTCUSDT","side":"sell","price":66106.363462524,"quantity":0.03025427349567957,"notional_usd":2000.0,"fee_usd":1.2,"balance_before_usd":10085.516622369261,"balance_after_usd":10083.716482339256,"decision":"ALLOW_CAPPED","cert_hash":"c7e6612265d90d434f7d598805c5266f0ff4956576bf8cba55b5acac7256e2c2","prev_hash":"a0b116d434c2d7b2a25b717c43e16a8dfe6336e6a1c52a0d4287a44e102d8037","record_hash":"cb54e817e82aa29511b54903809b1613a5f499026bfa0922f1d23ebc421c717d","signature_hex":"8a5617c79109f49f622f13177945e138a0fe1672a4e845c70e915f48e86a1681c9e93d7e1a2d65233d5621631da6e52d54ee14a6824fbf4f94f6df0a83c1b20a","public_key_hex":"c2f8243b0d573587f285c830a868acd19249d17d59ecbf9329e796dfed6fb630"}
{"seq":13,"ts":1781582400000,"agent_id":"regime","symbol":"BTCUSDT","side":"sell","price":65787.35918614201,"quantity":0.030400977098671813,"notional_usd":2000.0,"fee_usd":1.2,"balance_before_usd":10073.800629362953,"balance_after_usd":10072.000489332946,"decision":"ALLOW_CAPPED","cert_hash":"f7d8ab9e5ec2beab85fed4ac66de082754fbc4efbda2e6c3414f63470fa8e938","prev_hash":"cb54e817e82aa29511b54903809b1613a5f499026bfa0922f1d23ebc421c717d","record_hash":"9b5e48de4e2eff7c5a6c2da37f37652902dfa7c8bd76e3e916de23db363fb892","signature_hex":"6bb86870df19c48bc69e03b1b3976c3fe9bc3c9defed8e7d2084bdc172984bd77bd06d9d0dc4416b37862b100c09b5e0e84077b23d51b33d6233a8af878f6e07","public_key_hex":"c2f8243b0d573587f285c830a868acd19249d17d59ecbf9329e796dfed6fb630"}
{"seq":14,"ts":1781683200000,"agent_id":"regime","symbol":"BTCUSDT","side":"buy","price":64912.369167858,"quantity":0.03081076882016378,"notional_usd":2000.0,"fee_usd":1.2,"balance_before_usd":10071.382986656612,"balance_after_usd":10069.583126626618,"decision":"ALLOW_CAPPED","cert_hash":"a889e4010c5c584b1b315ef0a65b93b4bfca518e297fc2390c786e48dc463d13","prev_hash":"9b5e48de4e2eff7c5a6c2da37f37652902dfa7c8bd76e3e916de23db363fb892","record_hash":"20e2cc16d5941e39c3f83374f7c6a2fff76d9740a9182b48196f601f5b4cc3cc","signature_hex":"25e986f174a6022be76d1b642162f2d1f3474af9c9ab62718f94532b461c1fe774cabcdf99741b301a34b54d6edcf738c5301fbb72b3ec1bc62b44be701c7006","public_key_hex":"c2f8243b0d573587f285c830a868acd19249d17d59ecbf9329e796dfed6fb630"}
{"seq":15,"ts":1781686800000,"agent_id":"regime","symbol":"BTCUSDT","side":"buy","price":64903.666557683995,"quantity":0.03081490008307117,"notional_usd":2000.0,"fee_usd":1.2,"balance_before_usd":10069.309213833207,"balance_after_usd":10067.509353803214,"decision":"ALLOW_CAPPED","cert_hash":"7616e3e12f2ad809b3145fbab10cccb10157829e0f3775bb7d67a100d8bd580e","prev_hash":"20e2cc16d5941e39c3f83374f7c6a2fff76d9740a9182b48196f601f5b4cc3cc","record_hash":"661984ab69bb4505cf16c0c28f04378d4b89b6c5e76835977e6e464ac3e2bc91","signature_hex":"bf242b13d808d3fda28c1a81755c036ad11f0f28727b204a62c50f2799a4efcbfa71479f1a16fe0e48d9853bcae7758bcf6e81d9d0f3ebd970080878642a5e0e","public_key_hex":"c2f8243b0d573587f285c830a868acd19249d17d59ecbf9329e796dfed6fb630"}
{"seq":16,"ts":1781690400000,"agent_id":"regime","symbol":"BTCUSDT","side":"sell","price":64743.472425258005,"quantity":0.030891145085071948,"notional_usd":2000.0,"fee_usd":1.2,"balance_before_usd":10059.952469429954,"balance_after_usd":10058.152329399949,"decision":"ALLOW_CAPPED","cert_hash":"e82e4aecefe38c8c3e64c40283b8598a6465e70fb8088f39f43b4ebb8b161153","prev_hash":"661984ab69bb4505cf16c0c28f04378d4b89b6c5e76835977e6e464ac3e2bc91","record_hash":"f3f784f24ca11454d413500b6d174994b836115b256a88db179740527b6ed1fd","signature_hex":"13dce90e539daa438f33c12e089b0cb06cfa0939ad832be257568f3b81c1a7cc21fd7b4bb864e2061a98a72ad330894623749de9973f19c466bd1180e299a701","public_key_hex":"c2f8243b0d573587f285c830a868acd19249d17d59ecbf9329e796dfed6fb630"}
{"seq":17,"ts":1781694000000,"agent_id":"regime","symbol":"BTCUSDT","side":"sell","price":64759.067745570006,"quantity":0.03088370585966032,"notional_usd":2000.0,"fee_usd":1.2,"balance_before_usd":10058.642293952309,"balance_after_usd":10056.842153922302,"decision":"ALLOW_CAPPED","cert_hash":"310ce7cf6c360b881985d61ae3b01ffe02dc4b4e6f7fb7d373681dad34934fd7","prev_hash":"f3f784f24ca11454d413500b6d174994b836115b256a88db179740527b6ed1fd","record_hash":"a1d79fed1bf6e43b74e9a5be975da740136717db5822b076fddddadd49b44e31","signature_hex":"69e1e82e1e4522eba4a15991eba142bfe26a66f81e640d42c06ea4978538b1fb3b5c15f5967332b853321b18f6460bdf73da3e5c5f6a579159a78ed0b86d9b04","public_key_hex":"c2f8243b0d573587f285c830a868acd19249d17d59ecbf9329e796dfed6fb630"}
{"seq":18,"ts":1781722800000,"agent_id":"regime","symbol":"BTCUSDT","side":"buy","price":64294.983995514,"quantity":0.031106625676110975,"notional_usd":2000.0,"fee_usd":1.2,"balance_before_usd":10056.57823620329,"balance_after_usd":10054.778376173297,"decision":"ALLOW_CAPPED","cert_hash":"12e51a727a75ab3afaf83c0b940896f7acb53cc7c81f719a133d9b42cab61b4b","prev_hash":"a1d79fed1bf6e43b74e9a5be975da740136717db5822b076fddddadd49b44e31","record_hash":"bb313cbc22a71e2b2fbb56a9a00cd095841b05ea95745ce90b38239b1fb1530c","signature_hex":"782930f671eb13a5941f20b261782910b5d7e6f9d22fa261e29ddfc64941059fdcc60bca8a7dfc44b6779035bdfd3387cfb4fcbc84f28797356b07cb1bf0120c","public_key_hex":"c2f8243b0d573587f285c830a868acd19249d17d59ecbf9329e796dfed6fb630"}
{"seq":19,"ts":1781726400000,"agent_id":"regime","symbol":"BTCUSDT","side":"sell","price":64391.378078213995,"quantity":0.0310600589658241,"notional_usd":2000.0,"fee_usd":1.2,"balance_before_usd":10059.04854820548,"balance_after_usd":10057.248408175472,"decision":"ALLOW_CAPPED","cert_hash":"f3e114b750d71a85ab692acad63fe3017531f6cb79e6e9b34747dc5bc530e3ec","prev_hash":"bb313cbc22a71e2b2fbb56a9a00cd095841b05ea95745ce90b38239b1fb1530c","record_hash":"d34b5764744f1c6b3b94dc14722c97ce9bda249aef65f2e46e0b6a40811345d8","signature_hex":"c9e000415ca92cf5174d2b3bdb6574a6154b16192b82e0ad08ee21d65732dc71c60797df33b7e13742a2392709d712b92ebc491d43a3bf4f70615b688c943f05","public_key_hex":"c2f8243b0d573587f285c830a868acd19249d17d59ecbf9329e796dfed6fb630"}
{"seq":20,"ts":1781794800000,"agent_id":"regime","symbol":"BTCUSDT","side":"sell","price":62321.999036814,"quantity":0.03209139679262514,"notional_usd":2000.0,"fee_usd":1.2,"balance_before_usd":10056.061428561883,"balance_after_usd":10054.261288531876,"decision":"ALLOW_CAPPED","cert_hash":"a8e7919ddb8ac9d71f27c33b7f97f8e23f68d09fdb47dd869b28b4c0c5bf66dc","prev_hash":"d34b5764744f1c6b3b94dc14722c97ce9bda249aef65f2e46e0b6a40811345d8","record_hash":"98938f111b6a48bbc1bfcc04cc7a3ab75036830e4d99f0cdbf5d2e26d1aca55c","signature_hex":"6d044fd945cb1563e5d83a62e5c2cc9fb9361b764f3715c20c3c0fc8590da9e717912ff0ebe2b3fda321f7724ca40f6633f444a8606cab6dfdf84a15d3483d07","public_key_hex":"c2f8243b0d573587f285c830a868acd19249d17d59ecbf9329e796dfed6fb630"}
{"seq":21,"ts":1781798400000,"agent_id":"regime","symbol":"BTCUSDT","side":"sell","price":62649.900643374,"quantity":0.03192343450606134,"notional_usd":2000.0,"fee_usd":1.2,"balance_before_usd":10044.009463024358,"balance_after_usd":10042.209322994353,"decision":"ALLOW_CAPPED","cert_hash":"81c2b3db82eff2987e9a670c95f9c8a86a55bf21e1333ef127938aad53d95220","prev_hash":"98938f111b6a48bbc1bfcc04cc7a3ab75036830e4d99f0cdbf5d2e26d1aca55c","record_hash":"69d440d1ab7e1ea5330494e4d3aa2dee3b11b2af20c7c6203aa6a9e60feedae7","signature_hex":"d1dcb0f88efaf05832211196b977c548f187237e84ce44d2b08bcf4e1077e5cb77dffb3c71fbf1704b57e0da620e2bdfb984d815c205dd5be3b657759674770f","public_key_hex":"c2f8243b0d573587f285c830a868acd19249d17d59ecbf9329e796dfed6fb630"}
{"seq":22,"ts":1781802000000,"agent_id":"regime","symbol":"BTCUSDT","side":"sell","price":62554.829171472,"quantity":0.031971952069722795,"notional_usd":2000.0,"fee_usd":1.2,"balance_before_usd":10048.242846093613,"balance_after_usd":10046.442706063608,"decision":"ALLOW_CAPPED","cert_hash":"43fff92a9b6a0c287d21f9e2aa142897665d165f19d7b47f266b88d0b65cce6b","prev_hash":"69d440d1ab7e1ea5330494e4d3aa2dee3b11b2af20c7c6203aa6a9e60feedae7","record_hash":"3d0897d34cad618817f6187b8d41322b6cdd8cc502b60bb9a893244d1d2153c2","signature_hex":"29b89d63383b11009390e4736c8de46ada4829fdb9691dbe79371a848f77a188aab964e81849c36046aa8d9ba810b199f86abed67101674d748bc9b7ad368609","public_key_hex":"c2f8243b0d573587f285c830a868acd19249d17d59ecbf9329e796dfed6fb630"}
{"seq":23,"ts":1781874000000,"agent_id":"regime","symbol":"BTCUSDT","side":"buy","price":63192.95346348,"quantity":0.03164909836277592,"notional_usd":2000.0,"fee_usd":1.2,"balance_before_usd":9989.034965586674,"balance_after_usd":9987.23510555668,"decision":"ALLOW_CAPPED","cert_hash":"83983cc5a1c2303168505997d0e78d8160935101a2253f15db18381003369e50","prev_hash":"3d0897d34cad618817f6187b8d41322b6cdd8cc502b60bb9a893244d1d2153c2","record_hash":"ef9d2b39d43fc2d1d3a916f669b86398aef78a5a5973657f70ced6aca2558ec3","signature_hex":"595462aedbe7309de0dea4c51efe6bd906da430ba1055e075cc3aebdcf47627710c732ee95ac13e1baf24a26e0525b5e3b02d4a166a841a10c156f0aaf60570a","public_key_hex":"c2f8243b0d573587f285c830a868acd19249d17d59ecbf9329e796dfed6fb630"}
{"seq":24,"ts":1781877600000,"agent_id":"regime","symbol":"BTCUSDT","side":"buy","price":63188.252053386,"quantity":0.03165145315794233,"notional_usd":2000.0,"fee_usd":1.2,"balance_before_usd":9987.534809704817,"balance_after_usd":9985.734949674823,"decision":"ALLOW_CAPPED","cert_hash":"8aac2ee319f3e0feb6d3da89434a101613e014706178552416b1c24e75d27d2c","prev_hash":"ef9d2b39d43fc2d1d3a916f669b86398aef78a5a5973657f70ced6aca2558ec3","record_hash":"5e7ce4e8c09fbf89349069239ee07c73dee3e2701886331a2cd06f5d045bcd78","signature_hex":"df986474ab91f273c025475bee2bf1bab0f80939f83f6622f3b4dcf1498ae44d360d6c8a9f0746579df907a4c9e7301cfe58e93a61278d27fa14cf9f0bea240b","public_key_hex":"c2f8243b0d573587f285c830a868acd19249d17d59ecbf9329e796dfed6fb630"}
{"seq":25,"ts":1781881200000,"agent_id":"regime","symbol":"BTCUSDT","side":"buy","price":63203.856733698,"quantity":0.03164363859039116,"notional_usd":2000.0,"fee_usd":1.2,"balance_before_usd":9985.233949639629,"balance_after_usd":9983.434089609635,"decision":"ALLOW_CAPPED","cert_hash":"46e69b00ba1023a4cacb9c4a5cb8119591108f8a08e34c158f5970f2d1bad56b","prev_hash":"5e7ce4e8c09fbf89349069239ee07c73dee3e2701886331a2cd06f5d045bcd78","record_hash":"e2c7d2d2eec51dde2deaa67b8e0398115ebcc410c78e6fe39644f52cc20ca8b3","signature_hex":"7bb25d0cd89225dd9da6610ec9d08b6e413195a9cad14e4a71df305d402bf23500d94dc305ff5d9db25d6097cc378e36aeff8147e59775f7345a14cc0c528b03","public_key_hex":"c2f8243b0d573587f285c830a868acd19249d17d59ecbf9329e796dfed6fb630"}
{"seq":26,"ts":1781913600000,"agent_id":"regime","symbol":"BTCUSDT","side":"sell","price":63471.853999818006,"quantity":0.0315100296267655,"notional_usd":2000.0,"fee_usd":1.2,"balance_before_usd":9983.290392014509,"balance_after_usd":9981.490251984502,"decision":"ALLOW_CAPPED","cert_hash":"711d53f335d1595183911662b3552346733f055b3cbcde41bc35021c58902f33","prev_hash":"e2c7d2d2eec51dde2deaa67b8e0398115ebcc410c78e6fe39644f52cc20ca8b3","record_hash":"43f8d0563d6b7f627898aa703c56eb5278a8dc4166909cb9d5ff98eb323bb50d","signature_hex":"67603fbf9c6562d89e7367d47d65d4d98dd6db7bdd433979f1800522f23e373c60584cd01487c84571c46a55df0e45f9035419461e570125775d1185a455b707","public_key_hex":"c2f8243b0d573587f285c830a868acd19249d17d59ecbf9329e796dfed6fb630"}
{"seq":27,"ts":1781917200000,"agent_id":"regime","symbol":"BTCUSDT","side":"buy","price":63564.865010916,"quantity":0.03146392271353899,"notional_usd":2000.0,"fee_usd":1.2,"balance_before_usd":9979.734452377365,"balance_after_usd":9977.93459234737,"decision":"ALLOW_CAPPED","cert_hash":"8ec782caeec51110dae1500d1f9be7ef5c0d7c58b631a4f09f7413f9e7ef7282","prev_hash":"43f8d0563d6b7f627898aa703c56eb5278a8dc4166909cb9d5ff98eb323bb50d","record_hash":"eaf2085f0f3eeb5f156fc937f5284eff8e565e16d01e0ce7d58d357040bbca31","signature_hex":"cee30c538d68617469bf026fea89bfb603f6edd22e226564f44eb97b2dd72b2e6e5b3108b9401faf046f996faf2ee756cd3bb6bb343f11da56226083441e1c02","public_key_hex":"c2f8243b0d573587f285c830a868acd19249d17d59ecbf9329e796dfed6fb630"}
{"seq":28,"ts":1781971200000,"agent_id":"regime","symbol":"BTCUSDT","side":"sell","price":63975.70280989801,"quantity":0.03126186836810443,"notional_usd":2000.0,"fee_usd":1.2,"balance_before_usd":9977.701171660865,"balance_after_usd":9975.901031630858,"decision":"ALLOW_CAPPED","cert_hash":"3895917922896ff058d5f59d2d7bd50993ddc59ba4894f9e6f5dbaa334e6320f","prev_hash":"eaf2085f0f3eeb5f156fc937f5284eff8e565e16d01e0ce7d58d357040bbca31","record_hash":"358ab8d459c6208091725629e4d38d5f104b21c8d1a4f595baaaf1db30ef26fd","signature_hex":"7057e2430ce5d514c59ac598896521c23fdcd5387fd5de1d319039441c83455d4e23717ed35c7d02596b19559b7b4a95dd25e547f274394bb8687e7bfded7204","public_key_hex":"c2f8243b0d573587f285c830a868acd19249d17d59ecbf9329e796dfed6fb630"}
{"seq":29,"ts":1781974800000,"agent_id":"regime","symbol":"BTCUSDT","side":"buy","price":63829.444366206,"quantity":0.03133350164424875,"notional_usd":2000.0,"fee_usd":1.2,"balance_before_usd":9981.76756860047,"balance_after_usd":9979.967708570475,"decision":"ALLOW_CAPPED","cert_hash":"64aa7e0e1f8606072dea5dc016a0efcb3090c6a48c753e18624feab99e25689f","prev_hash":"358ab8d459c6208091725629e4d38d5f104b21c8d1a4f595baaaf1db30ef26fd","record_hash":"61696a737e0b6c7ce4a25faf5a8e36e00b440bce300d1da62864c6dd7acdf47b","signature_hex":"aafa7c4b7e50a6821bcb643d2d8f38be63152a283bd3ba470670a181e2b1a7107df7e5237458a97e0df5ca9eb560fa01795bcc417f83703ebd35e6ea1459290d","public_key_hex":"c2f8243b0d573587f285c830a868acd19249d17d59ecbf9329e796dfed6fb630"}
