{"seq":0,"ts":1781283600000,"agent_id":"rl-qlearn","symbol":"BTCUSDT","side":"sell","price":63810.652336596,"quantity":0.03134272925859091,"notional_usd":2000.0,"fee_usd":1.2,"balance_before_usd":10000.0,"balance_after_usd":9998.199859969993,"decision":"ALLOW_CAPPED","cert_hash":"9443cbdf055c01d135fdd9371d825f558e2c77db1fea054b2175dfba825de159","prev_hash":"0000000000000000000000000000000000000000000000000000000000000000","record_hash":"6ed2d93d77fc7db52c1f8ff6165125b05e57a62fb6b1501262fa30a5a4690ba6","signature_hex":"a1a914303e4699819f7d61f158d9421d415e3cdb18f060b192420cb7fdbd302addebfad9be5bdbfa72247583316ace3f32260554fb5b239c9140a843fda08a0f","public_key_hex":"c2f8243b0d573587f285c830a868acd19249d17d59ecbf9329e796dfed6fb630"}
{"seq":1,"ts":1781287200000,"agent_id":"rl-qlearn","symbol":"BTCUSDT","side":"buy","price":63681.585240935536,"quantity":0.031333335906772515,"notional_usd":1995.35650143,"fee_usd":1.1972139008579998,"balance_before_usd":10003.443498574956,"balance_after_usd":10001.648280409003,"decision":"ALLOW","cert_hash":"03c8cdcb654a1f03a4fd22254c6effa3e9a0a2ec6e9061099cf360152d1506bb","prev_hash":"6ed2d93d77fc7db52c1f8ff6165125b05e57a62fb6b1501262fa30a5a4690ba6","record_hash":"1b8526e1f896acdd9c44faa4c7d046cf5a2d89b13b259a246548e7cff9ba0c85","signature_hex":"6d3e4e8e27108b7af59c647224b213be3435c0e6893da5f4be49c1c9584088006925fee6ed5801c822ed369bd96cb9e5fb2487f7124b5fbd377a55bf81a29306","public_key_hex":"c2f8243b0d573587f285c830a868acd19249d17d59ecbf9329e796dfed6fb630"}
{"seq":2,"ts":1781290800000,"agent_id":"rl-qlearn","symbol":"BTCUSDT","side":"sell","price":63535.035041082,"quantity":0.031478695159399724,"notional_usd":2000.0,"fee_usd":1.2,"balance_before_usd":10001.649298648339,"balance_after_usd":9999.849158618334,"decision":"ALLOW_CAPPED","cert_hash":"06a00c499cc4b12703112f7d3c38d17d684c9c3d1997727a22fbe39319875b6c","prev_hash":"1b8526e1f896acdd9c44faa4c7d046cf5a2d89b13b259a246548e7cff9ba0c85","record_hash":"9bdc26c346c0f6fe939df39b868677e0aba3c792f637010596cfbabb49dc1a25","signature_hex":"f6dd87a359e80fd23d10d9f19e7252c0bd54846340f048c9311314332113c95c9ab67a5584cbf518c447b15a80fcd9d61759156bf8e305ba636f877ed1de300f","public_key_hex":"c2f8243b0d573587f285c830a868acd19249d17d59ecbf9329e796dfed6fb630"}
{"seq":3,"ts":1781294400000,"agent_id":"rl-qlearn","symbol":"BTCUSDT","side":"buy","price":63439.027268399994,"quantity":0.031526334594292126,"notional_usd":2000.0,"fee_usd":1.2,"balance_before_usd":10004.071711287688,"balance_after_usd":10002.271851257694,"decision":"ALLOW_CAPPED","cert_hash":"ee96a30af45abba01e8c18fe87d65a4f373f00989ea5b72eaf0933f45eea59e6","prev_hash":"9bdc26c346c0f6fe939df39b868677e0aba3c792f637010596cfbabb49dc1a25","record_hash":"8c47f5a41a7c1e17022888aa24fdad7e0ec9864cd2e973100932b2f7d120f297","signature_hex":"48bb3ca000c85504ae7c6a39a9e5308acff4db5f6acce8798390c5e2f8cd6ef272b56240c8fb0f68bd488b6a9f44b42e6e079145534795b8f6f22a27be8c9105","public_key_hex":"c2f8243b0d573587f285c830a868acd19249d17d59ecbf9329e796dfed6fb630"}
{"seq":4,"ts":1781305200000,"agent_id":"rl-qlearn","symbol":"BTCUSDT","side":"sell","price":63533.535491052,"quantity":0.03147943813518261,"notional_usd":2000.0,"fee_usd":1.2,"balance_before_usd":10002.276922688308,"balance_after_usd":10000.476782658303,"decision":"ALLOW_CAPPED","cert_hash":"fa16c241361e8049614d28cd2aa79e7cd76baee467175f75606229484cc71894","prev_hash":"8c47f5a41a7c1e17022888aa24fdad7e0ec9864cd2e973100932b2f7d120f297","record_hash":"518d2336f6cedfa82849358bc6187dc018cf332e197acf728d61e7fac92dc27d","signature_hex":"dc51a1af9d06b84404e01bd353ed47eb73a08d2f0dab4d3283d577304f585a1ea0d80f006859cbf1683866fb87827f343c230e09750f7cad467c336d03896a06","public_key_hex":"c2f8243b0d573587f285c830a868acd19249d17d59ecbf9329e796dfed6fb630"}
{"seq":5,"ts":1781308800000,"agent_id":"rl-qlearn","symbol":"BTCUSDT","side":"buy","price":63597.971750886805,"quantity":0.031431763471798546,"notional_usd":1998.99640536,"fee_usd":1.199397843216,"balance_before_usd":9999.80580102695,"balance_after_usd":9998.006944420868,"decision":"ALLOW","cert_hash":"5fc8264061620de4bd503ad54f3f951aa7ddddf36ae94af0913623e1e209d2ca","prev_hash":"518d2336f6cedfa82849358bc6187dc018cf332e197acf728d61e7fac92dc27d","record_hash":"f473e40a0c5e01d2424320e51ec857a0ad98e1fc63183fec2804de5c90227d87","signature_hex":"dc3ca148f313cccfb4dbd94eb37aef296331130991e33fdc45ad28c1cfa39c8afb252a1ae2fe1df9cbaf97ad3e7ea1e8d593ff14d481e819587078b199054807","public_key_hex":"c2f8243b0d573587f285c830a868acd19249d17d59ecbf9329e796dfed6fb630"}
{"seq":6,"ts":1781312400000,"agent_id":"rl-qlearn","symbol":"BTCUSDT","side":"sell","price":63780.861276,"quantity":0.03135736896598756,"notional_usd":2000.0,"fee_usd":1.2,"balance_before_usd":9998.00485976176,"balance_after_usd":9996.204719731753,"decision":"ALLOW_CAPPED","cert_hash":"9fa2d97075b383b8016ce90229a9de88f7c99d67bd0f4913498549b4d65a083e","prev_hash":"f473e40a0c5e01d2424320e51ec857a0ad98e1fc63183fec2804de5c90227d87","record_hash":"dd280fff151b6ec584059a9d7f163f9304e08de8c215db5186b132f276d2c69a","signature_hex":"759437b0451bf3ab9b64711bf04d0b071c467312f5e64bf9376b7d93b8ebf580a668066eb1eb68efd5a77a890147560e68c2cfaa1a02d12d656524ffd8f62802","public_key_hex":"c2f8243b0d573587f285c830a868acd19249d17d59ecbf9329e796dfed6fb630"}
{"seq":7,"ts":1781316000000,"agent_id":"rl-qlearn","symbol":"BTCUSDT","side":"sell","price":63595.9167723,"quantity":0.03144855993130561,"notional_usd":2000.0,"fee_usd":1.2,"balance_before_usd":10002.007577277818,"balance_after_usd":10000.207437247813,"decision":"ALLOW_CAPPED","cert_hash":"f98956cc1c7e02a1bdd5eb2b13edcbd19bc9e41a753a696b253d67b8af4cf8d2","prev_hash":"dd280fff151b6ec584059a9d7f163f9304e08de8c215db5186b132f276d2c69a","record_hash":"bcd7903a81663ac8c5e38bcd200ea258aa88c1b6baabcc63902debefe8e626a3","signature_hex":"513b929e796ceb68edc16d10c63bc78308933b42dea304c98220cbb0ec3ef53206e9d644a742ed7985b498d85a111cb41777aa7ff583442e5b68006448882003","public_key_hex":"c2f8243b0d573587f285c830a868acd19249d17d59ecbf9329e796dfed6fb630"}
{"seq":8,"ts":1781319600000,"agent_id":"rl-qlearn","symbol":"BTCUSDT","side":"sell","price":63485.07856986871,"quantity":0.015985585930922457,"notional_usd":1014.84617881,"fee_usd":0.608907707286,"balance_before_usd":10007.368388000259,"balance_after_usd":10006.504966903463,"decision":"ALLOW","cert_hash":"84f2d3f20774684fb63fc28a286275483a78811e9ac6a55bb9614d7358aca477","prev_hash":"bcd7903a81663ac8c5e38bcd200ea258aa88c1b6baabcc63902debefe8e626a3","record_hash":"7211b3bb4940db2104d36d9ed2c9cee8abeae808d0f4fa65f232a99701277a3a","signature_hex":"aa57f71acda12430ea07fc201abf76f648437950f7caa2cdb5e27d92b816fc3b31760c6f5132005e4d912704198ce06a61bfe178a175df467c18c0218e594601","public_key_hex":"c2f8243b0d573587f285c830a868acd19249d17d59ecbf9329e796dfed6fb630"}
{"seq":9,"ts":1781330400000,"agent_id":"rl-qlearn","symbol":"BTCUSDT","side":"buy","price":63727.013644158,"quantity":0.03138386510887984,"notional_usd":2000.0,"fee_usd":1.2,"balance_before_usd":9990.20105171224,"balance_after_usd":9988.401191682246,"decision":"ALLOW_CAPPED","cert_hash":"10a9c2048384b15d282e88c42579410715bbc120481587431ad5d5c10b63b877","prev_hash":"7211b3bb4940db2104d36d9ed2c9cee8abeae808d0f4fa65f232a99701277a3a","record_hash":"b9eb29a7ff33f37bb45521ba749856ef53f1ef1cdf14f719ec1981e7f71431ce","signature_hex":"e3ec5368d07da7d82fb3b2fb714a27dd03d1214d73a9d096dc9fafb303b6e03f8f414d6dcb1a4366bc456a329b90baa21541fd975717b96c50d1b34928fc5d04","public_key_hex":"c2f8243b0d573587f285c830a868acd19249d17d59ecbf9329e796dfed6fb630"}
{"seq":10,"ts":1781334000000,"agent_id":"rl-qlearn","symbol":"BTCUSDT","side":"buy","price":63835.74625633199,"quantity":0.03133040838856985,"notional_usd":2000.0,"fee_usd":1.2,"balance_before_usd":9983.246955271074,"balance_after_usd":9981.44709524108,"decision":"ALLOW_CAPPED","cert_hash":"3e5c562fdcf10c5e0238fad2db046e0180b24d9d3b4f4b69d5f68304dbf2929f","prev_hash":"b9eb29a7ff33f37bb45521ba749856ef53f1ef1cdf14f719ec1981e7f71431ce","record_hash":"1c79fe0711ee381538d35220dfb99ac2923d11727f6807048315a4d7ef1a2860","signature_hex":"496ea582db469b27b7d04a59a3c885fcb743b6ae004f2e613cba05ff4443c27f152cd01013af78f99df05de2d14d5624fe56cae619d311663bb2d07f6d89710b","public_key_hex":"c2f8243b0d573587f285c830a868acd19249d17d59ecbf9329e796dfed6fb630"}
{"seq":11,"ts":1781337600000,"agent_id":"rl-qlearn","symbol":"BTCUSDT","side":"buy","price":63783.530595288,"quantity":0.031356056670650174,"notional_usd":2000.0,"fee_usd":1.2,"balance_before_usd":9982.331952712053,"balance_after_usd":9980.532092682059,"decision":"ALLOW_CAPPED","cert_hash":"5004e39f27f5898d31d66930b3554bb55ff53f615051da905b6fb613bce7596d","prev_hash":"1c79fe0711ee381538d35220dfb99ac2923d11727f6807048315a4d7ef1a2860","record_hash":"31b2bd2f7c3ed8662f34174f8de926a2cc990a1a63884af8034120e9c9132bc8","signature_hex":"b2248b1daa25076d16eae44218823b746f025d8565fdd1b1a9b8ef751b51a67e74fdbb90552e85fc7f6e2ff624c710689136c48cc0f626e7e8b3cbf86d8a0402","public_key_hex":"c2f8243b0d573587f285c830a868acd19249d17d59ecbf9329e796dfed6fb630"}
{"seq":12,"ts":1781341200000,"agent_id":"rl-qlearn","symbol":"BTCUSDT","side":"sell","price":63688.06186562213,"quantity":0.015273183995493189,"notional_usd":972.71948719,"fee_usd":0.583631692314,"balance_before_usd":9979.608294783104,"balance_after_usd":9978.782764350291,"decision":"ALLOW","cert_hash":"fc54b63bed155095f72bd2b163ce27e6ee7c7793811a7b50e23bafae3d6f88dd","prev_hash":"31b2bd2f7c3ed8662f34174f8de926a2cc990a1a63884af8034120e9c9132bc8","record_hash":"2abf1023aa5c1f090e2cf12c777a12c65735ec7fc35a8cc41492b5397c541e2f","signature_hex":"e9b25f6a7913cb8c5843b26c181ef241d5e37dae12779f3d8feb823c68aa276a1ae06326703f302d35c862dde9f79c35a3f210980f42ee65376cd0190fe64e02","public_key_hex":"c2f8243b0d573587f285c830a868acd19249d17d59ecbf9329e796dfed6fb630"}
{"seq":13,"ts":1781348400000,"agent_id":"rl-qlearn","symbol":"BTCUSDT","side":"buy","price":63951.380938644,"quantity":0.03127375782422639,"notional_usd":2000.0,"fee_usd":1.2,"balance_before_usd":9978.78189744133,"balance_after_usd":9976.982037411337,"decision":"ALLOW_CAPPED","cert_hash":"e4aaca741a7b6176a671044bf81b4710beba5a10940f4164c29a4e1a66d98deb","prev_hash":"2abf1023aa5c1f090e2cf12c777a12c65735ec7fc35a8cc41492b5397c541e2f","record_hash":"2e130c35d212105cd94a222dce38e2d834efc6edbef92dcb7e4d61f01a360da6","signature_hex":"76c3f4b594f8c6db0642594073e9bdee0614ab3ee41a06ca08d027b97f1552e394d18b1904e480cab53bd62a1a8d31e2ea998674c73a845530b7b1200a52890a","public_key_hex":"c2f8243b0d573587f285c830a868acd19249d17d59ecbf9329e796dfed6fb630"}
{"seq":14,"ts":1781352000000,"agent_id":"rl-qlearn","symbol":"BTCUSDT","side":"sell","price":64077.77218194,"quantity":0.031212071392264944,"notional_usd":2000.0,"fee_usd":1.2,"balance_before_usd":9982.13532691629,"balance_after_usd":9980.335186886283,"decision":"ALLOW_CAPPED","cert_hash":"4b1116c33485b62b878f0640baad32900b930f2d058da54262d3a3120b413908","prev_hash":"2e130c35d212105cd94a222dce38e2d834efc6edbef92dcb7e4d61f01a360da6","record_hash":"78dffc3686b393f857ddfb86e3b27fdc00bb07d0fed6319a83a3779812cd333e","signature_hex":"1a38c8cdba6082a569e44917e62950cd3225e375a8e24edf0328cc7724067f0cf6222b8a30eef4245dc975cda1325f592b0c092173dc30960f491f2edad8c207","public_key_hex":"c2f8243b0d573587f285c830a868acd19249d17d59ecbf9329e796dfed6fb630"}
{"seq":15,"ts":1781355600000,"agent_id":"rl-qlearn","symbol":"BTCUSDT","side":"buy","price":64083.620601288,"quantity":0.0312092229064817,"notional_usd":2000.0,"fee_usd":1.2,"balance_before_usd":9980.333299698492,"balance_after_usd":9978.533439668498,"decision":"ALLOW_CAPPED","cert_hash":"b654f26ca7e89d42cbaf5c9701c1379e2f5feb374a76c263293ca83c6a06a021","prev_hash":"78dffc3686b393f857ddfb86e3b27fdc00bb07d0fed6319a83a3779812cd333e","record_hash":"aa254c7b8fc6e4c271ff40db270302b7b05b99198a6fd296de20da2ff85617af","signature_hex":"d88bc2c5a960ed4a7d37794bd892e738e8a4fc8517dec87f560dc0f77444413e34f1186e9bed3ecccdc713e18db7c1b8b2990163aa3364da0aa07caa39c1ce06","public_key_hex":"c2f8243b0d573587f285c830a868acd19249d17d59ecbf9329e796dfed6fb630"}
{"seq":16,"ts":1781359200000,"agent_id":"rl-qlearn","symbol":"BTCUSDT","side":"buy","price":64203.25648368,"quantity":0.03115106786691397,"notional_usd":2000.0,"fee_usd":1.2,"balance_before_usd":9982.272986275959,"balance_after_usd":9980.473126245965,"decision":"ALLOW_CAPPED","cert_hash":"f42dedfb6b5335fc2087abf7582792ea82bb838e72c16d81a53acf9e2d6e9aec","prev_hash":"aa254c7b8fc6e4c271ff40db270302b7b05b99198a6fd296de20da2ff85617af","record_hash":"b009a640b6e90ae38f1f2cdcd71233d97f298e2035f0787674013166fff5fd5f","signature_hex":"48db33f9fad374dfc3bf00f62900ca0b9b9ea1ac697db2b79281c44c3f5b5006fdedee80d036859e42990f2b8c7d80e08eeb884cf806152da2cbb7c3a353530d","public_key_hex":"c2f8243b0d573587f285c830a868acd19249d17d59ecbf9329e796dfed6fb630"}
{"seq":17,"ts":1781362800000,"agent_id":"rl-qlearn","symbol":"BTCUSDT","side":"buy","price":64274.3066378902,"quantity":0.015273121032803151,"notional_usd":981.66926458,"fee_usd":0.589001558748,"balance_before_usd":9985.110797017694,"balance_after_usd":9984.277324141121,"decision":"ALLOW","cert_hash":"72a18f2c0f3360dd01bdbfbdc77dd3a5065c4c00a56d288bcb8a93f50a3c8b64","prev_hash":"b009a640b6e90ae38f1f2cdcd71233d97f298e2035f0787674013166fff5fd5f","record_hash":"1dbd3cb6aeb38ba67cbaa928a97e797bdd37eeb9039e72f569496aab750d76ad","signature_hex":"b1286bd5d32a686cdd3aad76202a296d85cb03cc729b73bd55810f712686349c37f0da9103fd40c95f93059ef8c80c5d93adc4c5a3bc8aa4a07a4938c6fcd802","public_key_hex":"c2f8243b0d573587f285c830a868acd19249d17d59ecbf9329e796dfed6fb630"}
{"seq":18,"ts":1781366400000,"agent_id":"rl-qlearn","symbol":"BTCUSDT","side":"sell","price":63971.204159808,"quantity":0.03126406679798854,"notional_usd":2000.0,"fee_usd":1.2,"balance_before_usd":9963.851601401977,"balance_after_usd":9962.051461371972,"decision":"ALLOW_CAPPED","cert_hash":"b34d6ae4f971117c10774fbf6f4b5aeccc577f5b6e29c20002be7ff2ff92b988","prev_hash":"1dbd3cb6aeb38ba67cbaa928a97e797bdd37eeb9039e72f569496aab750d76ad","record_hash":"02be6a1e6a03d6ef9ddd6c4e48b0120f34e4c9a19d849f603fa8fa353edde6d3","signature_hex":"3cce01f36128c39375fc6d182d1c289f0e5baddf41eda2e7c8c9c2362f3644f356c414732b78c05427fb4d9896235313d5860422628d173ed095a537b420df03","public_key_hex":"c2f8243b0d573587f285c830a868acd19249d17d59ecbf9329e796dfed6fb630"}
{"seq":19,"ts":1781370000000,"agent_id":"rl-qlearn","symbol":"BTCUSDT","side":"sell","price":63924.718108878,"quantity":0.03128680202536921,"notional_usd":2000.0,"fee_usd":1.2,"balance_before_usd":9959.892594981475,"balance_after_usd":9958.092454951468,"decision":"ALLOW_CAPPED","cert_hash":"8a4ad9feacaa587d6f21ce128078a40c688038df7f9a602faeafa1cf123dd182","prev_hash":"02be6a1e6a03d6ef9ddd6c4e48b0120f34e4c9a19d849f603fa8fa353edde6d3","record_hash":"e5ff1c866f51a3ca7992c2eb4136b85e1d7f259d2972a11530df30afdb862328","signature_hex":"7e3cec9d85766f5a65e20ff2e3dacb10cd8e9d9e239cbfb11256d4877fa2deba98ba417c8f239d9696eb0d99180d36b4b3d854f3e3f61796b81d5d96f07a2007","public_key_hex":"c2f8243b0d573587f285c830a868acd19249d17d59ecbf9329e796dfed6fb630"}
{"seq":20,"ts":1781373600000,"agent_id":"rl-qlearn","symbol":"BTCUSDT","side":"sell","price":64108.96309756084,"quantity":0.015144195952015625,"notional_usd":970.87869943,"fee_usd":0.582527219658,"balance_before_usd":9960.832873175847,"balance_after_usd":9960.008994382782,"decision":"ALLOW","cert_hash":"08e237b2768b12462a8668b4b7194961657689bff8d71d63b2cb54bf6df4d8d3","prev_hash":"e5ff1c866f51a3ca7992c2eb4136b85e1d7f259d2972a11530df30afdb862328","record_hash":"055c5c26f6e568bff650f73c9d3446beb3fe78604dc8f9ba80cb7f27bd6a6720","signature_hex":"76f6afa680058bfff84eef647d1fbc8c2279d26171221f1c40169cd66b4d380e237db31dd09558ad70f5ade511f9348a05551201ff89224d2ea0e4e75deac809","public_key_hex":"c2f8243b0d573587f285c830a868acd19249d17d59ecbf9329e796dfed6fb630"}
{"seq":21,"ts":1781377200000,"agent_id":"rl-qlearn","symbol":"BTCUSDT","side":"buy","price":64279.179255197996,"quantity":0.031114274064696745,"notional_usd":2000.0,"fee_usd":1.2,"balance_before_usd":9960.00848627341,"balance_after_usd":9958.208626243417,"decision":"ALLOW_CAPPED","cert_hash":"ecedb51af4326bb7d0a5f1f3e1ff9a980cc0618f9ee08ecff4330d12cdba6752","prev_hash":"055c5c26f6e568bff650f73c9d3446beb3fe78604dc8f9ba80cb7f27bd6a6720","record_hash":"5283f195d4eb71974c0e7172be6ad2ca91b6126d5e85786276f2d01270edd4b3","signature_hex":"3696502c827418b75387661bbdc90ac6827d769efd5b9fa477f66a0716455c408959fa4724696e2845612b0b1b902e5d299163d863c9af477596827255fa2e07","public_key_hex":"c2f8243b0d573587f285c830a868acd19249d17d59ecbf9329e796dfed6fb630"}
{"seq":22,"ts":1781380800000,"agent_id":"rl-qlearn","symbol":"BTCUSDT","side":"sell","price":64226.931497512836,"quantity":0.03111984364950395,"notional_usd":1998.73206629,"fee_usd":1.199239239774,"balance_before_usd":9957.782412252422,"balance_after_usd":9955.983540227886,"decision":"ALLOW","cert_hash":"7e21803a88f9c3e6b9570b9caae3a13105546ac0fd467d6b1355fbb8aade6128","prev_hash":"5283f195d4eb71974c0e7172be6ad2ca91b6126d5e85786276f2d01270edd4b3","record_hash":"a9969d9f18959ed1898d9810ac1f7f69235013fcf3e651561af5fefce23ac0be","signature_hex":"e977bf1e68f1deb89f10a55dd4b88fabc6707dcf06bec6ff42dd2dc624e8488c492a2b5465a9f7c591623cacf4663ec58bae7849525f76162270d4486629cc04","public_key_hex":"c2f8243b0d573587f285c830a868acd19249d17d59ecbf9329e796dfed6fb630"}
{"seq":23,"ts":1781384400000,"agent_id":"rl-qlearn","symbol":"BTCUSDT","side":"buy","price":64454.531848704,"quantity":0.031029625732053385,"notional_usd":2000.0,"fee_usd":1.2,"balance_before_usd":9955.981776223236,"balance_after_usd":9954.181916193244,"decision":"ALLOW_CAPPED","cert_hash":"20c9a0b3c59f8c80da599ba18f228e25289d52c1aee05eb2fa89d54f4b75b110","prev_hash":"a9969d9f18959ed1898d9810ac1f7f69235013fcf3e651561af5fefce23ac0be","record_hash":"ac88ba45860b2a71463bfdb0662c8d2ec0dee0175dd7060878f26f89cc0c5640","signature_hex":"4736f6e4f7b28a4d92c150ca87a5118945b39eea9109b11511ee3162e3a4e101912fda2afafec3f92f581d12df522193e8619b553745643708a24153cb6c6b0b","public_key_hex":"c2f8243b0d573587f285c830a868acd19249d17d59ecbf9329e796dfed6fb630"}
{"seq":24,"ts":1781388000000,"agent_id":"rl-qlearn","symbol":"BTCUSDT","side":"sell","price":64398.08171531474,"quantity":0.031029597912771205,"notional_usd":1998.24658198,"fee_usd":1.198947949188,"balance_before_usd":9953.629754988984,"balance_after_usd":9951.831368433646,"decision":"ALLOW","cert_hash":"580bb5c18740b48fa130e765b72b9234a146c17a31a86f2d3e3bd08fed5ff6b9","prev_hash":"ac88ba45860b2a71463bfdb0662c8d2ec0dee0175dd7060878f26f89cc0c5640","record_hash":"478332b98da9109190437b88ecf38ec2d6b7ff2cd7a2183c4a0cfbb7f46e94ab","signature_hex":"7f29839b9fc9a6a8f54cf69dad2e9d8957d6acbdc505334dcafd8e8ea79b13e841ee4bb53d9430cb007ceef97b2308c48fd895805f378389ce77b58545391003","public_key_hex":"c2f8243b0d573587f285c830a868acd19249d17d59ecbf9329e796dfed6fb630"}
{"seq":25,"ts":1781391600000,"agent_id":"rl-qlearn","symbol":"BTCUSDT","side":"sell","price":64396.076668308,"quantity":0.031057792702211057,"notional_usd":2000.0,"fee_usd":1.2,"balance_before_usd":9951.831387044724,"balance_after_usd":9950.031247014718,"decision":"ALLOW_CAPPED","cert_hash":"87dc39b03d497490b5f65497a8c35c93b0df2706e769a37cfba1623607ecaed4","prev_hash":"478332b98da9109190437b88ecf38ec2d6b7ff2cd7a2183c4a0cfbb7f46e94ab","record_hash":"8aaac620ff49dab28fc64adefeeb16039dd8af762f2704ca7758831d3d8390c2","signature_hex":"de4d0f36aca5cc76b62ebf90a0bb9a3f5864d2d8dc5fea039afdaf7f3d8e1c05dd548fa1c40acfa2fc1f38bfde6c11f9438c5f0a6155e713c15dda443a2b770a","public_key_hex":"c2f8243b0d573587f285c830a868acd19249d17d59ecbf9329e796dfed6fb630"}
{"seq":26,"ts":1781395200000,"agent_id":"rl-qlearn","symbol":"BTCUSDT","side":"sell","price":64501.64499042,"quantity":0.03100696114489866,"notional_usd":2000.0,"fee_usd":1.2,"balance_before_usd":9946.654346388694,"balance_after_usd":9944.854206358686,"decision":"ALLOW_CAPPED","cert_hash":"cf038ee99a4512b9de330dca43bc19ddc441acc00a38f055ebfbd438335eb937","prev_hash":"8aaac620ff49dab28fc64adefeeb16039dd8af762f2704ca7758831d3d8390c2","record_hash":"46deec9d96c6aec7a4582a1fc8fbae196dab972d6501343260da5ef62b23844f","signature_hex":"85b7d74304f2e6881b8ea2fec59b1ff329b6bba3be87bcba6e3d33c94fd06fe3b1fd147fa1939111de357f610374366c2f2aa7cbc306790ef3fd3aa37e2e7504","public_key_hex":"c2f8243b0d573587f285c830a868acd19249d17d59ecbf9329e796dfed6fb630"}
{"seq":27,"ts":1781398800000,"agent_id":"rl-qlearn","symbol":"BTCUSDT","side":"buy","price":64558.36299078,"quantity":0.030979719858845137,"notional_usd":2000.0,"fee_usd":1.2,"balance_before_usd":9943.736873289743,"balance_after_usd":9941.937013259749,"decision":"ALLOW_CAPPED","cert_hash":"7599a8690634630195542850b786043bc9100f069df96895922a62385c320bfd","prev_hash":"46deec9d96c6aec7a4582a1fc8fbae196dab972d6501343260da5ef62b23844f","record_hash":"3cc67dcfbc2e4c3090428c95c4ede5c8d760bd16f15c40ab123fb092e8dad78c","signature_hex":"f13506b9e30fdba85a09467903c25b1f45c0b11aa8bc013d739da9fb27fa77de4889783229e8f6bd25f47e01e7751558418efb62db1ff622f8ad8d4d2fb5f40d","public_key_hex":"c2f8243b0d573587f285c830a868acd19249d17d59ecbf9329e796dfed6fb630"}
{"seq":28,"ts":1781402400000,"agent_id":"rl-qlearn","symbol":"BTCUSDT","side":"buy","price":64472.23715905799,"quantity":0.031021104402905165,"notional_usd":2000.0,"fee_usd":1.2,"balance_before_usd":9944.614235893016,"balance_after_usd":9942.814375863021,"decision":"ALLOW_CAPPED","cert_hash":"7aa6466ea397f7093fcd8cf418adce40c6d19045cea760635fbb2cc1c2a9934b","prev_hash":"3cc67dcfbc2e4c3090428c95c4ede5c8d760bd16f15c40ab123fb092e8dad78c","record_hash":"949b7253955adea4f4172509e89d2dac3a93392ee8ce452d001658dfd2b755ff","signature_hex":"cfb0286709c6ba63bf31cc73b38286c5435d1f25a4de2a75e7a5913f39363aa0a272cb4b6e3b710991046955a7942b797eb44fd3106953f2c6ef6b7813720000","public_key_hex":"c2f8243b0d573587f285c830a868acd19249d17d59ecbf9329e796dfed6fb630"}
{"seq":29,"ts":1781406000000,"agent_id":"rl-qlearn","symbol":"BTCUSDT","side":"buy","price":64529.554350203995,"quantity":0.03099355047682392,"notional_usd":2000.0,"fee_usd":1.2,"balance_before_usd":9942.810179490416,"balance_after_usd":9941.010319460422,"decision":"ALLOW_CAPPED","cert_hash":"601bfe43433445f165fcf926f6fbd03f1da751f9a243b2812d3744653c7cc811","prev_hash":"949b7253955adea4f4172509e89d2dac3a93392ee8ce452d001658dfd2b755ff","record_hash":"e88e3f8116fa95e0bd91ab1f3d924be0d03cd7225d62799a2e60c79023bd6506","signature_hex":"6aee1c50a252d2bb5edc2eb582e0fd070aa5841f1bf5c22302c14ec34be6663765f88a143bc8e14ec5c3f1a04c0aee58fa2bd8cf04fcfffa8f09f1e3a1469d04","public_key_hex":"c2f8243b0d573587f285c830a868acd19249d17d59ecbf9329e796dfed6fb630"}
{"seq":30,"ts":1781409600000,"agent_id":"rl-qlearn","symbol":"BTCUSDT","side":"buy","price":64323.492546083995,"quantity":0.03109283903648605,"notional_usd":2000.0,"fee_usd":1.2,"balance_before_usd":9934.640734497743,"balance_after_usd":9932.84087446775,"decision":"ALLOW_CAPPED","cert_hash":"f1496791cbcacbe44965ba1c6d18c27af0970bc5037015e9c835a8e2eff32d62","prev_hash":"e88e3f8116fa95e0bd91ab1f3d924be0d03cd7225d62799a2e60c79023bd6506","record_hash":"5dfe37326bc7e52322bb504ca3ef76450c828d5c7d2e6a53e218161b8d12d696","signature_hex":"5385dd6f58e74d4d7320a6d475440b4e6d99cce5193cdeecfe26c0507cd22c10223a42dc7db08911dd974e040d30087ae11e7e8865b9fca18b43c653ca345f0b","public_key_hex":"c2f8243b0d573587f285c830a868acd19249d17d59ecbf9329e796dfed6fb630"}
{"seq":31,"ts":1781413200000,"agent_id":"rl-qlearn","symbol":"BTCUSDT","side":"buy","price":64336.51100158672,"quantity":0.015204566308015593,"notional_usd":978.20874755,"fee_usd":0.5869252485299999,"balance_before_usd":9933.851688884297,"balance_after_usd":9933.021323300483,"decision":"ALLOW","cert_hash":"3c54823c346699a7daf42a266bfc066dff6760a71c66a02588db9e8769179e19","prev_hash":"5dfe37326bc7e52322bb504ca3ef76450c828d5c7d2e6a53e218161b8d12d696","record_hash":"621070f0f1ea71204e431455232b3c334b24348c012f99867025fb9b46156b4f","signature_hex":"f623a1851a504118b98a71bf1352c3271f594128e45bdaaebdcf747bff7e294db37f569ba2261a9bc2c14edd315c737421fc8b76d79dbec732479600b629ed04","public_key_hex":"c2f8243b0d573587f285c830a868acd19249d17d59ecbf9329e796dfed6fb630"}
{"seq":32,"ts":1781416800000,"agent_id":"rl-qlearn","symbol":"BTCUSDT","side":"sell","price":64237.62421513801,"quantity":0.031134401753430463,"notional_usd":2000.0,"fee_usd":1.2,"balance_before_usd":9928.110276264135,"balance_after_usd":9926.310136234128,"decision":"ALLOW_CAPPED","cert_hash":"478224e728b683daf608b1323e04f63937aee1eca51194b86e4f9486f4797d42","prev_hash":"621070f0f1ea71204e431455232b3c334b24348c012f99867025fb9b46156b4f","record_hash":"7c9799106336c16be7e113ed5b4c8562a3a9a4be2aea215adf4b446c2cd142dd","signature_hex":"106c6654b3275fe3297a55ab5954d9c33aecc512603fec1c063421a078ca27b291e6df49bc79cd5f6d720070254a56b6bb4ec5b834479a30b3873d5895a7010c","public_key_hex":"c2f8243b0d573587f285c830a868acd19249d17d59ecbf9329e796dfed6fb630"}
{"seq":33,"ts":1781420400000,"agent_id":"rl-qlearn","symbol":"BTCUSDT","side":"sell","price":64380.081467988006,"quantity":0.03106550899589136,"notional_usd":2000.0,"fee_usd":1.2,"balance_before_usd":9932.87700918363,"balance_after_usd":9931.076869153623,"decision":"ALLOW_CAPPED","cert_hash":"10356028ab1cc302cba52550a499bbaaa27874c56dac798f0cbb882572b68ae3","prev_hash":"7c9799106336c16be7e113ed5b4c8562a3a9a4be2aea215adf4b446c2cd142dd","record_hash":"b6d1caa721cb942f0b5a69f0cd4e6e853b364c9b5377185fbc3186bffc19989a","signature_hex":"6855d4d4f8d891fc338d5b3467abe9444540a1f8c11b47c7b5aafe7bbb0bbc7997652597fa4b47413cedb9e897ba0eae6b6e871ba7c0055b894ae09fb7af2601","public_key_hex":"c2f8243b0d573587f285c830a868acd19249d17d59ecbf9329e796dfed6fb630"}
{"seq":34,"ts":1781424000000,"agent_id":"rl-qlearn","symbol":"BTCUSDT","side":"sell","price":64406.300125535614,"quantity":0.015021540686613911,"notional_usd":967.48185781,"fee_usd":0.580489114686,"balance_before_usd":9931.431419301869,"balance_after_usd":9930.610587421936,"decision":"ALLOW","cert_hash":"0f1d2fd7eef0aa180dc23354fc16b333a8f7c79c41684de86eb0db52c98ff6c3","prev_hash":"b6d1caa721cb942f0b5a69f0cd4e6e853b364c9b5377185fbc3186bffc19989a","record_hash":"718875bf0b4a2d1450547b119fbae553b28bbdba42b2eab2c2d5037b9652d76c","signature_hex":"a3090760813a331978c5928f60cc81fafe429301d022dd2c5939ba4fd5f28bb118041279a468eb0185860247132a6d782376e6e566458afb68eb62f54573e40c","public_key_hex":"c2f8243b0d573587f285c830a868acd19249d17d59ecbf9329e796dfed6fb630"}
{"seq":35,"ts":1781438400000,"agent_id":"rl-qlearn","symbol":"BTCUSDT","side":"sell","price":64282.71068604,"quantity":0.031112564772946504,"notional_usd":2000.0,"fee_usd":1.2,"balance_before_usd":9930.611036229793,"balance_after_usd":9928.810896199786,"decision":"ALLOW_CAPPED","cert_hash":"7fed367daa6c20961e523e49cc1f3026c830429e39bfdcd2264028a246c06df1","prev_hash":"718875bf0b4a2d1450547b119fbae553b28bbdba42b2eab2c2d5037b9652d76c","record_hash":"ed1885d7bbb36dc18142dde97d5be5a37f53a0da331cb84a417e710e28b2da9e","signature_hex":"f790684829bc916bcbfccb5eae45da11d93854a57ba7d61e7b9870c0ec91e6ef8dcee5d0b39a2aff9550a7bcfa4a8098716d547b4418633ebfe618e9a9ba030a","public_key_hex":"c2f8243b0d573587f285c830a868acd19249d17d59ecbf9329e796dfed6fb630"}
{"seq":36,"ts":1781442000000,"agent_id":"rl-qlearn","symbol":"BTCUSDT","side":"buy","price":64310.088525816005,"quantity":0.031099319653356407,"notional_usd":2000.0,"fee_usd":1.2,"balance_before_usd":9929.159398709515,"balance_after_usd":9927.35953867952,"decision":"ALLOW_CAPPED","cert_hash":"130382327d80e11a116109872f9a05093eb0c7f4688c05fecbfa13111479f936","prev_hash":"ed1885d7bbb36dc18142dde97d5be5a37f53a0da331cb84a417e710e28b2da9e","record_hash":"f800517e247bae7e8c701f1dc12096b05710d276a79c45aa339e3ff7b901b69e","signature_hex":"052d31d354d59643db5313265156d5dac0ad14f6ec36a8fe57d65adc7c5b885e76a668203cae57d75efb7c18b8d0db3b992f9e557f457b93bfea90d8d1e4c401","public_key_hex":"c2f8243b0d573587f285c830a868acd19249d17d59ecbf9329e796dfed6fb630"}
{"seq":37,"ts":1781445600000,"agent_id":"rl-qlearn","symbol":"BTCUSDT","side":"buy","price":63976.38843914399,"quantity":0.03126153333745077,"notional_usd":2000.0,"fee_usd":1.2,"balance_before_usd":9927.365201825822,"balance_after_usd":9925.56534179583,"decision":"ALLOW_CAPPED","cert_hash":"ee58985a2c639953120224a69aba922c4663ebb6a8391a0a2e87e618735bf7b0","prev_hash":"f800517e247bae7e8c701f1dc12096b05710d276a79c45aa339e3ff7b901b69e","record_hash":"f92147b5f33d8412de7bf41f1fccb08fa2997f89a53c7bb6629e46fa55843bd4","signature_hex":"2e1a3b23c52f4fc164a00c7957f6d1e1e9b631e9283c50cb96ab9ed308b3872ced2cec53f90472a4399cdaeafb47177723b65f88d837f53b8740739f9715460d","public_key_hex":"c2f8243b0d573587f285c830a868acd19249d17d59ecbf9329e796dfed6fb630"}
{"seq":38,"ts":1781449200000,"agent_id":"rl-qlearn","symbol":"BTCUSDT","side":"buy","price":64010.598699828,"quantity":0.031244825710486195,"notional_usd":2000.0,"fee_usd":1.2,"balance_before_usd":9926.633905661618,"balance_after_usd":9924.834045631625,"decision":"ALLOW_CAPPED","cert_hash":"9951a5ea93078263b50119917891ec9c6c8d71322ee40ed188b3b91209cd7d8c","prev_hash":"f92147b5f33d8412de7bf41f1fccb08fa2997f89a53c7bb6629e46fa55843bd4","record_hash":"3a010ef90e071fb83ff1d0788c9c91d5fa3b93896eafd054c0b0c21acd171de5","signature_hex":"1ce741957a9163bffceadb47f2f8ad934618d37ce8a7c300f32a8dc5466c22cef88f8cee5d64d21ce327f7ee4b3401ea082d419ef2e8c8b32e4d49efce9e9c0b","public_key_hex":"c2f8243b0d573587f285c830a868acd19249d17d59ecbf9329e796dfed6fb630"}
{"seq":39,"ts":1781452800000,"agent_id":"rl-qlearn","symbol":"BTCUSDT","side":"sell","price":63891.428098211996,"quantity":0.031303103710965105,"notional_usd":2000.0,"fee_usd":1.2,"balance_before_usd":9919.76493480003,"balance_after_usd":9917.964794770023,"decision":"ALLOW_CAPPED","cert_hash":"41272bc201a7fbca01b4c4a6b5556ddbc9ad601b7bd948731c70437cc6252c63","prev_hash":"3a010ef90e071fb83ff1d0788c9c91d5fa3b93896eafd054c0b0c21acd171de5","record_hash":"a8a16dde67649bcb66271236ff5f53621692304a0661985bc0e409c832b8974b","signature_hex":"3d8c6763dca29109fde3b9823cef4cd82a28d47cd0512b95c23e79501fb463615c296bdb0e8fd946b6e401002517dd73b606ef7bd2f988c7be748d6b040e4c0c","public_key_hex":"c2f8243b0d573587f285c830a868acd19249d17d59ecbf9329e796dfed6fb630"}
{"seq":40,"ts":1781456400000,"agent_id":"rl-qlearn","symbol":"BTCUSDT","side":"sell","price":63685.689834096,"quantity":0.03140422919513139,"notional_usd":2000.0,"fee_usd":1.2,"balance_before_usd":9911.546658453295,"balance_after_usd":9909.74651842329,"decision":"ALLOW_CAPPED","cert_hash":"863e220f368e0b269cc9207a5789297185621443bde53db36bb8cd6c72e81c84","prev_hash":"a8a16dde67649bcb66271236ff5f53621692304a0661985bc0e409c832b8974b","record_hash":"a597835e0b658cae084af13bbbace178eb3ac18108d26ba1e34a04872388de4e","signature_hex":"b11f0a723af4dec18159559eeab67948f2eadaf0dc2dd4ca2970e2882f15d3a7cfffb04a96ebcf636fd3b98c3a3ffd035344822add8c87c369399a806c4ec40d","public_key_hex":"c2f8243b0d573587f285c830a868acd19249d17d59ecbf9329e796dfed6fb630"}
{"seq":41,"ts":1781460000000,"agent_id":"rl-qlearn","symbol":"BTCUSDT","side":"buy","price":63806.737555752,"quantity":0.03134465225169165,"notional_usd":2000.0,"fee_usd":1.2,"balance_before_usd":9909.728472186773,"balance_after_usd":9907.928612156778,"decision":"ALLOW_CAPPED","cert_hash":"05a2b796e4f98d33f67a2b9af661aaf3fe5aa25f724b7d8554697a84e55061c2","prev_hash":"a597835e0b658cae084af13bbbace178eb3ac18108d26ba1e34a04872388de4e","record_hash":"bef28ccbe78530161c436edfb84cfcf6a674bafc818b17721d670e2e88f93da2","signature_hex":"e52b902723a7d6580cd51ec06575de95a4279b0916504757e02c844458dbbb5eeab3a55b39c8ef24dc3f9ad198478a0a6de74570e1b4871f93e42c1b3ad6e60e","public_key_hex":"c2f8243b0d573587f285c830a868acd19249d17d59ecbf9329e796dfed6fb630"}
{"seq":42,"ts":1781463600000,"agent_id":"rl-qlearn","symbol":"BTCUSDT","side":"sell","price":63765.265955688,"quantity":0.03136503816027126,"notional_usd":2000.0,"fee_usd":1.2,"balance_before_usd":9907.829006708665,"balance_after_usd":9906.02886667866,"decision":"ALLOW_CAPPED","cert_hash":"d0f2e36603152eb18f52838790991eada603101e394bf64e2bf16013a4cb565c","prev_hash":"bef28ccbe78530161c436edfb84cfcf6a674bafc818b17721d670e2e88f93da2","record_hash":"94c61056a567be33dd3afb2fa1e65f2d08f39a6bcbede2932112035d471cbcb4","signature_hex":"5cce9f5481c42d0a10902d7cc786d9429c7798021a2e7f7631abb9da7561df38646be473b84bdb4a0b859edeb325c8b4bd947e43c72d00248cf6f936cbe4520f","public_key_hex":"c2f8243b0d573587f285c830a868acd19249d17d59ecbf9329e796dfed6fb630"}
{"seq":43,"ts":1781467200000,"agent_id":"rl-qlearn","symbol":"BTCUSDT","side":"buy","price":63999.695429609994,"quantity":0.031250148716718475,"notional_usd":2000.0,"fee_usd":1.2,"balance_before_usd":9905.982129062606,"balance_after_usd":9904.182269032613,"decision":"ALLOW_CAPPED","cert_hash":"e9c7d92893e100abab22bdbed1147a13099bba0b0f1cb774fdb8da00fd5e4b8d","prev_hash":"94c61056a567be33dd3afb2fa1e65f2d08f39a6bcbede2932112035d471cbcb4","record_hash":"4ee052b32e77344a1a5a5435d1ac0be5f25ff15d43f24f6132f48845cef085e6","signature_hex":"282a27a91026e7283ba4dd39e9dea6862557cd1105a77ad322392dc92cfcc0ca167ef280c31a456b134d1624ce4e54be162b3b1d16dfb821edcf9c9bc220790e","public_key_hex":"c2f8243b0d573587f285c830a868acd19249d17d59ecbf9329e796dfed6fb630"}
{"seq":44,"ts":1781470800000,"agent_id":"rl-qlearn","symbol":"BTCUSDT","side":"sell","price":65262.71661564601,"quantity":0.03064536850003762,"notional_usd":2000.0,"fee_usd":1.2,"balance_before_usd":9944.55344731547,"balance_after_usd":9942.753307285462,"decision":"ALLOW_CAPPED","cert_hash":"709c486cba61c3e6acfaef3e49ef797abb6802bcf047af2569f679dd65bcb09b","prev_hash":"4ee052b32e77344a1a5a5435d1ac0be5f25ff15d43f24f6132f48845cef085e6","record_hash":"82cb9060cf4ae4a07febdb5660b5848c73f843f0f993eb45739d9732a14b5fc0","signature_hex":"674c1531b14c6534e352b17d33c7beedbf6a47fe20ba3d4af7414efb714924833e10f872a14769f5365e510f9b870e0d54924760d560126618bf02322554170c","public_key_hex":"c2f8243b0d573587f285c830a868acd19249d17d59ecbf9329e796dfed6fb630"}
{"seq":45,"ts":1781474400000,"agent_id":"rl-qlearn","symbol":"BTCUSDT","side":"sell","price":65365.68571770601,"quantity":0.03059709353677365,"notional_usd":2000.0,"fee_usd":1.2,"balance_before_usd":9942.79105107841,"balance_after_usd":9940.990911048402,"decision":"ALLOW_CAPPED","cert_hash":"092412a5dff41f32aa14db2537c72b86da6ed475435d18d9292f76d1e89fe2e8","prev_hash":"82cb9060cf4ae4a07febdb5660b5848c73f843f0f993eb45739d9732a14b5fc0","record_hash":"90fc8f1c23488c8405c6b96bb018a7760f1a136504de15665d350a0ab4e2f911","signature_hex":"b71a15abb0b62a784f5f2b1b6e944a73f5e0dde16d897ef4d06d1bb80a4ae8d48126c2d524da2ae609c66cba6871180ecaee5fb50a7ea9611af65736120f2f0e","public_key_hex":"c2f8243b0d573587f285c830a868acd19249d17d59ecbf9329e796dfed6fb630"}
{"seq":46,"ts":1781478000000,"agent_id":"rl-qlearn","symbol":"BTCUSDT","side":"buy","price":65721.96674103671,"quantity":0.030221602679759808,"notional_usd":1986.22316618,"fee_usd":1.191733899708,"balance_before_usd":9931.407795332821,"balance_after_usd":9929.621700999496,"decision":"ALLOW","cert_hash":"719816647f8a4b0b60a94cf64244c71205c8d62c21a1f4547952cb14c4708ba9","prev_hash":"90fc8f1c23488c8405c6b96bb018a7760f1a136504de15665d350a0ab4e2f911","record_hash":"fb9ebebabea78944116642e192233cd25ca27dcd8231e2d6cc0808c34782db37","signature_hex":"489b68c2967d416e45872185d685fff65e6323d4b985051383f68c6e132f7339cab7872eb673b46b5d569b98c1e571c1a25407dd4a18d845a7826d22a224a807","public_key_hex":"c2f8243b0d573587f285c830a868acd19249d17d59ecbf9329e796dfed6fb630"}
{"seq":47,"ts":1781481600000,"agent_id":"rl-qlearn","symbol":"BTCUSDT","side":"sell","price":65572.023801834,"quantity":0.03050081245081323,"notional_usd":2000.0,"fee_usd":1.2,"balance_before_usd":9929.622712790277,"balance_after_usd":9927.82257276027,"decision":"ALLOW_CAPPED","cert_hash":"80ac3441a41decd7d6609f7f806704a20def8ecdd3e5ec2af96afc461f6849bc","prev_hash":"fb9ebebabea78944116642e192233cd25ca27dcd8231e2d6cc0808c34782db37","record_hash":"ab7b834abbad06cfb1f387f50b862086bd83a58e3d63253920bee994d5fd7e0d","signature_hex":"7e38254d2d6edb30dca366a5cba9fb2322aa9965cc3dee7f600d0d1822e02ae1947bf8cf43af1fb38713bba85b20fe0a3d0b483fd27ab748236685c8aa879d07","public_key_hex":"c2f8243b0d573587f285c830a868acd19249d17d59ecbf9329e796dfed6fb630"}
{"seq":48,"ts":1781485200000,"agent_id":"rl-qlearn","symbol":"BTCUSDT","side":"buy","price":65499.645309600004,"quantity":0.030534516493127765,"notional_usd":2000.0,"fee_usd":1.2,"balance_before_usd":9931.230523978858,"balance_after_usd":9929.430663948862,"decision":"ALLOW_CAPPED","cert_hash":"73871ad8ecbf8d21a06a5d0d7736b371cb1d1749928d4816d25c49c39841bed7","prev_hash":"ab7b834abbad06cfb1f387f50b862086bd83a58e3d63253920bee994d5fd7e0d","record_hash":"0781e83572a5dd93f8b1ea808466fcf0957ada4311f0150274896f210f727fa0","signature_hex":"952d68e75c8e750ac86cce399c732e2fa1f37dc617ca2e0ff295ddde0e2aa9d76ebbe1107ba9a78b878d0705a1f5b6c27a47388261fde3834c62732c33b8670a","public_key_hex":"c2f8243b0d573587f285c830a868acd19249d17d59ecbf9329e796dfed6fb630"}
{"seq":49,"ts":1781611200000,"agent_id":"rl-qlearn","symbol":"BTCUSDT","side":"sell","price":66375.0828279,"quantity":0.030131789141200484,"notional_usd":2000.0,"fee_usd":1.2,"balance_before_usd":9929.453554295724,"balance_after_usd":9927.653414265718,"decision":"ALLOW_CAPPED","cert_hash":"cb7e652867045a8b7094cac8af02edbba357346d9fa43dda7c29014a4f47b983","prev_hash":"0781e83572a5dd93f8b1ea808466fcf0957ada4311f0150274896f210f727fa0","record_hash":"a302963e15a6dc10c51b3eae4cdd7206b5aad99a2f41ebb09c95a0e4870bc6d7","signature_hex":"24f99d5fb2edb119f6a143864577e0c370f72ff16299d45517202f0f5b22a0980737d1c0cd8a2090d5cbcb13ecf92bf97a223577bc72b6c9ef1967488c9b4c0f","public_key_hex":"c2f8243b0d573587f285c830a868acd19249d17d59ecbf9329e796dfed6fb630"}
{"seq":50,"ts":1781614800000,"agent_id":"rl-qlearn","symbol":"BTCUSDT","side":"buy","price":66040.107410406,"quantity":0.030284626697697624,"notional_usd":2000.0,"fee_usd":1.2,"balance_before_usd":9938.934556387874,"balance_after_usd":9937.13469635788,"decision":"ALLOW_CAPPED","cert_hash":"44937231ca1e04f0aaf678827160f3a1d87b0f01b6bd366a2a0873a3f7a46b04","prev_hash":"a302963e15a6dc10c51b3eae4cdd7206b5aad99a2f41ebb09c95a0e4870bc6d7","record_hash":"1738ff229697e3e0c5ed47f3b66e0937d4ee3bbfef1c24578c510961ea41dbe3","signature_hex":"5b51d0b59bb676eeedefaa69ce1d80037832421820d9b0f531522832735eed857ee59eb955cfcc7f1781ad588611ae835f17e66b9fc437160d7f58af7411ce09","public_key_hex":"c2f8243b0d573587f285c830a868acd19249d17d59ecbf9329e796dfed6fb630"}
{"seq":51,"ts":1781622000000,"agent_id":"rl-qlearn","symbol":"BTCUSDT","side":"sell","price":65814.75096669,"quantity":0.030388324359264612,"notional_usd":2000.0,"fee_usd":1.2,"balance_before_usd":9937.10171772491,"balance_after_usd":9935.301577694903,"decision":"ALLOW_CAPPED","cert_hash":"0aaec3d3e3bbe20b2f7d06d9b34be5dfba9936190238313f33b2f9994e175a19","prev_hash":"1738ff229697e3e0c5ed47f3b66e0937d4ee3bbfef1c24578c510961ea41dbe3","record_hash":"f067b36a88270f3e3b5d593bdc88607f44ce59eecb744b7af5465bfc34f737cb","signature_hex":"384c93402f74e5c39a52d553474f495a3e3643cac0447ebe74f268447661527f04b94e7171079a3bd364fbb4a3937e2be3e8bc8ec472b48ce7c73d8e3aa68f07","public_key_hex":"c2f8243b0d573587f285c830a868acd19249d17d59ecbf9329e796dfed6fb630"}
{"seq":52,"ts":1781625600000,"agent_id":"rl-qlearn","symbol":"BTCUSDT","side":"sell","price":65713.28141466,"quantity":0.030435247745120506,"notional_usd":2000.0,"fee_usd":1.2,"balance_before_usd":9938.411665506352,"balance_after_usd":9936.611525476346,"decision":"ALLOW_CAPPED","cert_hash":"47a9944741fd28f9efba160c4d19dae1a8b5b50293e705dc0871a882c7ca5c25","prev_hash":"f067b36a88270f3e3b5d593bdc88607f44ce59eecb744b7af5465bfc34f737cb","record_hash":"8aba7c66d1cabf2dd0974224d494e2f9e8e71e7bf50252212847659727c8f3d3","signature_hex":"0601a6bd5fe3ec26556d1a9701470d54f53e8b4d094481d566c10953b7b532f9067e6d923ad75e6b87a58ca0f9603c0ac58b09966c974fa4d7d1c73f1381b00a","public_key_hex":"c2f8243b0d573587f285c830a868acd19249d17d59ecbf9329e796dfed6fb630"}
{"seq":53,"ts":1781629200000,"agent_id":"rl-qlearn","symbol":"BTCUSDT","side":"buy","price":65971.78691904,"quantity":0.030315989507065842,"notional_usd":2000.0,"fee_usd":1.2,"balance_before_usd":9923.330034663526,"balance_after_usd":9921.530174633532,"decision":"ALLOW_CAPPED","cert_hash":"47775b20978d3c0642d28be13a325c077bcdd7865cf491986ccffad678196bb6","prev_hash":"8aba7c66d1cabf2dd0974224d494e2f9e8e71e7bf50252212847659727c8f3d3","record_hash":"21845ec53fb4277fc35e9bb37260f26b812fe8a0630cf0aba4757772ca4a6706","signature_hex":"2179d660b26fd55de52693c42bb0e98a8d75af8a19d71dd2e061f9fa9964b5b85ab770918ca2b3bb6a49be601032ba4f8c743102e3a4fa6e5be99f7889119702","public_key_hex":"c2f8243b0d573587f285c830a868acd19249d17d59ecbf9329e796dfed6fb630"}
{"seq":54,"ts":1781632800000,"agent_id":"rl-qlearn","symbol":"BTCUSDT","side":"buy","price":65836.54635633601,"quantity":0.030378264211721108,"notional_usd":2000.0,"fee_usd":1.2,"balance_before_usd":9925.630802431597,"balance_after_usd":9923.830942401602,"decision":"ALLOW_CAPPED","cert_hash":"72dd0d5efb87606dffcf19b8e5fed43e93b72215abe17e357ab71ad80e10fd80","prev_hash":"21845ec53fb4277fc35e9bb37260f26b812fe8a0630cf0aba4757772ca4a6706","record_hash":"ee546e964e89a1363d1663f4c41a87663c371760650a33c1e726d249a34ae794","signature_hex":"3af71f3b9ad0145a30aeaadf90277496dad5337d228c622a08c2568c03faf0c32fa4930e4f2747350f6daa508010c9b3c9423ea3b5e5bf4521384d526418840e","public_key_hex":"c2f8243b0d573587f285c830a868acd19249d17d59ecbf9329e796dfed6fb630"}
{"seq":55,"ts":1781636400000,"agent_id":"rl-qlearn","symbol":"BTCUSDT","side":"sell","price":65632.005803034,"quantity":0.03047293733490536,"notional_usd":2000.0,"fee_usd":1.2,"balance_before_usd":9923.8229883875,"balance_after_usd":9922.022848357494,"decision":"ALLOW_CAPPED","cert_hash":"1860778616ade9f4ae22a6f873810069ab034db5466d01b291a553343cb7cd7e","prev_hash":"ee546e964e89a1363d1663f4c41a87663c371760650a33c1e726d249a34ae794","record_hash":"7a538cf5d7d73868c9ebd7af5ec21d357f9a60d9af99e9767c3804f209600129","signature_hex":"014ddd9318e21426af795911089afb05a9bc6e569b058bac76ad189220af33c0c158602f3b61c94c74e96b179681a4d979e7bd8746ed44c7e1dbad0b6e25410c","public_key_hex":"c2f8243b0d573587f285c830a868acd19249d17d59ecbf9329e796dfed6fb630"}
{"seq":56,"ts":1781640000000,"agent_id":"rl-qlearn","symbol":"BTCUSDT","side":"buy","price":65843.948576484,"quantity":0.030374849067212453,"notional_usd":2000.0,"fee_usd":1.2,"balance_before_usd":9916.77457719074,"balance_after_usd":9914.974717160745,"decision":"ALLOW_CAPPED","cert_hash":"a9559f2b168de92e3a402aa58293f2390b7109fea70388e895fad0bb7d3806c7","prev_hash":"7a538cf5d7d73868c9ebd7af5ec21d357f9a60d9af99e9767c3804f209600129","record_hash":"59603f2023cf102cfd5abd49fc55dc0d730649a534e91020afd5b792795ddcef","signature_hex":"7033574c36d9e9600a651e8c33cf6fdf9049c41f936ead1e6870781d39df07d402c62c28da03ebc04771e854ba10314b7906eed171fc59217ba21efc3673130b","public_key_hex":"c2f8243b0d573587f285c830a868acd19249d17d59ecbf9329e796dfed6fb630"}
{"seq":57,"ts":1781643600000,"agent_id":"rl-qlearn","symbol":"BTCUSDT","side":"sell","price":65720.679194808,"quantity":0.030431821832997762,"notional_usd":2000.0,"fee_usd":1.2,"balance_before_usd":9914.978899729342,"balance_after_usd":9913.178759699334,"decision":"ALLOW_CAPPED","cert_hash":"9f306404a00bbf8b07cf267899ad9148bd2172d124aa8a39e4a760d2e4c0fb84","prev_hash":"59603f2023cf102cfd5abd49fc55dc0d730649a534e91020afd5b792795ddcef","record_hash":"df099a9a4aefa1f6d521c38ececd1eb933742eae2c3592cd7970a7829bd5ef77","signature_hex":"4391f7ef298e0dd97e02da39b1d69d33fa71747b599eb1d63a9aac4e83309792de538c038d12b2bca541bb1c87d36e5ba66eadd75afb4894892c9df2c28c3c08","public_key_hex":"c2f8243b0d573587f285c830a868acd19249d17d59ecbf9329e796dfed6fb630"}
{"seq":58,"ts":1781647200000,"agent_id":"rl-qlearn","symbol":"BTCUSDT","side":"buy","price":65767.72571496,"quantity":0.030410052624718714,"notional_usd":2000.0,"fee_usd":1.2,"balance_before_usd":9912.947098527373,"balance_after_usd":9911.147238497379,"decision":"ALLOW_CAPPED","cert_hash":"129785752f43848f084bfedc0c3615dafbbd3a99577be87c89fa3eeac0bebf09","prev_hash":"df099a9a4aefa1f6d521c38ececd1eb933742eae2c3592cd7970a7829bd5ef77","record_hash":"0aeeca41ee99fac286d243cf8f72d4a24b32cf3ef87494ca3f6336c399a79cad","signature_hex":"27dd89a9f61a60ce3fb4017d7871071a5d2a8bce515ff894a5f487dab25c4816ed16b5e4e564e13045cf2cf609e2bc746c31f500d643b3f610b476d4c8d72702","public_key_hex":"c2f8243b0d573587f285c830a868acd19249d17d59ecbf9329e796dfed6fb630"}
{"seq":59,"ts":1781650800000,"agent_id":"rl-qlearn","symbol":"BTCUSDT","side":"buy","price":65659.6933128,"quantity":0.030460087446221914,"notional_usd":2000.0,"fee_usd":1.2,"balance_before_usd":9911.154979994408,"balance_after_usd":9909.355119964413,"decision":"ALLOW_CAPPED","cert_hash":"07de41ff3aef9ce2a054bd8aa403d21c08579717c2dbbc1d76c3abf6be96e348","prev_hash":"0aeeca41ee99fac286d243cf8f72d4a24b32cf3ef87494ca3f6336c399a79cad","record_hash":"05552ee8c709703dd736b09a772138a0dffdfa84b1c6a14a70adce9d529e0870","signature_hex":"772d33229f7b2a9c8fedbcbe694ba651eaa057a93936489a5549b637a7bb72595cbc574e2540974260a27c2b86c1c97384c4a1f3db2bfa0984f0ac5ec75c6b0b","public_key_hex":"c2f8243b0d573587f285c830a868acd19249d17d59ecbf9329e796dfed6fb630"}
{"seq":60,"ts":1781654400000,"agent_id":"rl-qlearn","symbol":"BTCUSDT","side":"sell","price":65654.61301940591,"quantity":0.03039751908795972,"notional_usd":1995.73735247,"fee_usd":1.197442411482,"balance_before_usd":9910.393450847003,"balance_after_usd":9908.597573067129,"decision":"ALLOW","cert_hash":"65bc37f09aa7571c999ad739e4aa3bb868e9409a6953b9a0dfad9d0d82828463","prev_hash":"05552ee8c709703dd736b09a772138a0dffdfa84b1c6a14a70adce9d529e0870","record_hash":"0f044b57f659faf38a62a8296a035f03b9751869863a056cd3475643d6a56e5d","signature_hex":"acfc25297a6ee5cfa73933e302b37c765ec17264b876cf279b5548a8f38618929f39538a292e7953c26b76d9941ade650febef3b096a892dd3f7e7a511647b04","public_key_hex":"c2f8243b0d573587f285c830a868acd19249d17d59ecbf9329e796dfed6fb630"}
{"seq":61,"ts":1781658000000,"agent_id":"rl-qlearn","symbol":"BTCUSDT","side":"sell","price":65881.330988022,"quantity":0.03035761375804055,"notional_usd":2000.0,"fee_usd":1.2,"balance_before_usd":9908.595506427022,"balance_after_usd":9906.795366397015,"decision":"ALLOW_CAPPED","cert_hash":"8b382942f24702c2d0d153968b2d0ffbaedb100e704f003e8fbdf41171a29afd","prev_hash":"0f044b57f659faf38a62a8296a035f03b9751869863a056cd3475643d6a56e5d","record_hash":"8702b6d28e0f4a8cacafaae5af29cc94ecaa4002c4bedc564790e102de3d5a16","signature_hex":"e2be9c2a30536db163bd196428826d47a34a817c41d81e98e67d63630485a8d417b9b545fe597fe134aed4fdbb25b06c61db8e8cb496ad790c26feaf9929000c","public_key_hex":"c2f8243b0d573587f285c830a868acd19249d17d59ecbf9329e796dfed6fb630"}
{"seq":62,"ts":1781661600000,"agent_id":"rl-qlearn","symbol":"BTCUSDT","side":"buy","price":65890.562557416,"quantity":0.0303533605174069,"notional_usd":2000.0,"fee_usd":1.2,"balance_before_usd":9907.715478192627,"balance_after_usd":9905.915618162633,"decision":"ALLOW_CAPPED","cert_hash":"b529338de18cbf0ee812210ae5f8b462c7cc34145a6579c2105ddf8183724be3","prev_hash":"8702b6d28e0f4a8cacafaae5af29cc94ecaa4002c4bedc564790e102de3d5a16","record_hash":"da2674b5aa53e56bd307a5aabb5a7e0a6766c63ae38c66760f9f0c0133072abb","signature_hex":"75bec31586d5740839c64eb557c0e72e68a3d7f767570dbeb3fe414a6c06b26ca2211a1595902b8bdb91e1f3ea9ff43de0096387ea0b1409f30e2cc60debc508","public_key_hex":"c2f8243b0d573587f285c830a868acd19249d17d59ecbf9329e796dfed6fb630"}
{"seq":63,"ts":1781665200000,"agent_id":"rl-qlearn","symbol":"BTCUSDT","side":"sell","price":65800.155346398,"quantity":0.030395065018786208,"notional_usd":2000.0,"fee_usd":1.2,"balance_before_usd":9905.916298462023,"balance_after_usd":9904.116158432016,"decision":"ALLOW_CAPPED","cert_hash":"93baa6d59dee7aa8d1005555cd28802405c8e2b4ad6afe6ba1301c5389ee154c","prev_hash":"da2674b5aa53e56bd307a5aabb5a7e0a6766c63ae38c66760f9f0c0133072abb","record_hash":"abb38845789259f12c9fc26f5a8b1750888982779d00ae9cef49508cd30125ee","signature_hex":"bb7bf799a3fd17877f22760aee8ded4e8a2a170cd35e2802c7190a731e5dfc652581a549a63dded4ad62c0343d59f124d1c6da722c5515ead717a84ebad2120f","public_key_hex":"c2f8243b0d573587f285c830a868acd19249d17d59ecbf9329e796dfed6fb630"}
{"seq":64,"ts":1781668800000,"agent_id":"rl-qlearn","symbol":"BTCUSDT","side":"buy","price":65873.857547082,"quantity":0.03036105785319374,"notional_usd":2000.0,"fee_usd":1.2,"balance_before_usd":9903.076190111338,"balance_after_usd":9901.276330081344,"decision":"ALLOW_CAPPED","cert_hash":"55d6963354ffb2aec8de676d56d363b75ae0c208e47bf26dd80083d8e57ca829","prev_hash":"abb38845789259f12c9fc26f5a8b1750888982779d00ae9cef49508cd30125ee","record_hash":"f92afcd1715e6b55d087f39da60b6d7dbda817b5e758fd438e65f864d12b0868","signature_hex":"4596dad8fe7d6c52b9999c1be28db53e529b23865853664c102312b9965335e0716f0fd7c424a2af6bf61ea824c4d6df5bed5a3fb74b84135eb762c59026a805","public_key_hex":"c2f8243b0d573587f285c830a868acd19249d17d59ecbf9329e796dfed6fb630"}
{"seq":65,"ts":1781672400000,"agent_id":"rl-qlearn","symbol":"BTCUSDT","side":"buy","price":65820.341496012,"quantity":0.03038574329063878,"notional_usd":2000.0,"fee_usd":1.2,"balance_before_usd":9901.278864514159,"balance_after_usd":9899.479004484167,"decision":"ALLOW_CAPPED","cert_hash":"7a5a55682295c20a416905a54d009d8626934504d4616a32ef2e52c44730c405","prev_hash":"f92afcd1715e6b55d087f39da60b6d7dbda817b5e758fd438e65f864d12b0868","record_hash":"95926e44fb1d2206027bbf91a938eb9c023a592a1e4436c7608492de3d50312c","signature_hex":"eb9986a84e1000c5c823f0e65da075a665c5e40e39066e1250f19a143368044ef58e39e1f77f6f3f44a0fcd569fa503def3612dca41c8a701df299d5b835e40f","public_key_hex":"c2f8243b0d573587f285c830a868acd19249d17d59ecbf9329e796dfed6fb630"}
{"seq":66,"ts":1781676000000,"agent_id":"rl-qlearn","symbol":"BTCUSDT","side":"sell","price":65576.45501827194,"quantity":0.030347459292752146,"notional_usd":1990.07879923,"fee_usd":1.194047279538,"balance_before_usd":9893.274807673024,"balance_after_usd":9891.484585110189,"decision":"ALLOW","cert_hash":"08fd0b54125bbc66c31500b1ea8559cb05795e14ce1ed8f510cee05c03a3c7a5","prev_hash":"95926e44fb1d2206027bbf91a938eb9c023a592a1e4436c7608492de3d50312c","record_hash":"f7ebc38768ffede00bc4819a12756d2a711bfbc9a60c7734d7c69f17bcd0b1a4","signature_hex":"c9e818d13b037de310f59b7fab4e98145144166ef977cd11167371f0374b0cfdd4f252c7e00b4bbb4c86d9aa1675f3f41b5b722eff41ae65f8f16a4b4e55cf07","public_key_hex":"c2f8243b0d573587f285c830a868acd19249d17d59ecbf9329e796dfed6fb630"}
{"seq":67,"ts":1781679600000,"agent_id":"rl-qlearn","symbol":"BTCUSDT","side":"sell","price":65487.549150144,"quantity":0.03054015650233877,"notional_usd":2000.0,"fee_usd":1.2,"balance_before_usd":9891.485393084784,"balance_after_usd":9889.685253054777,"decision":"ALLOW_CAPPED","cert_hash":"b8c796b96067c1d8b9905291cd0bb8071cbae7811d417229b0d79b0655481ad0","prev_hash":"f7ebc38768ffede00bc4819a12756d2a711bfbc9a60c7734d7c69f17bcd0b1a4","record_hash":"0f7f5ab4b8cd9a970479b82552a7fa14d5c05e3d359968ffa35105e4f026fd6f","signature_hex":"f060535c8c1dc2bc11ebcefe8416e2103566172936368456b1f29f79b3c44d16ca6c453373c6bfb5a79790c8905fc186bd4a012011d07483db05a272730c0105","public_key_hex":"c2f8243b0d573587f285c830a868acd19249d17d59ecbf9329e796dfed6fb630"}
{"seq":68,"ts":1781683200000,"agent_id":"rl-qlearn","symbol":"BTCUSDT","side":"buy","price":64912.369167858,"quantity":0.03081076882016378,"notional_usd":2000.0,"fee_usd":1.2,"balance_before_usd":9908.455619165918,"balance_after_usd":9906.655759135921,"decision":"ALLOW_CAPPED","cert_hash":"b54d4922f75fd964df533686c1b7de70cef975d62710c167de589ddffd7a9055","prev_hash":"0f7f5ab4b8cd9a970479b82552a7fa14d5c05e3d359968ffa35105e4f026fd6f","record_hash":"b8c9621b226291d6b50d2d52d4ca7e454c4b790a7f3d892bef7b3e78dd15ab7f","signature_hex":"e07a6ef516fdf0e1378e32f4a825258a041461000dfd39b52dfe04571694e9314ee95f96d92cbc88c7765e880473e6c387c9da2df4960ea36f7a5e98901d4a01","public_key_hex":"c2f8243b0d573587f285c830a868acd19249d17d59ecbf9329e796dfed6fb630"}
{"seq":69,"ts":1781701200000,"agent_id":"rl-qlearn","symbol":"BTCUSDT","side":"sell","price":65214.331134678,"quantity":0.030668105693972093,"notional_usd":2000.0,"fee_usd":1.2,"balance_before_usd":9906.74493873116,"balance_after_usd":9904.944798701154,"decision":"ALLOW_CAPPED","cert_hash":"8e0343da47524fa771a88460bf755b079b11fa55fd38124d0ded4512e41c319a","prev_hash":"b8c9621b226291d6b50d2d52d4ca7e454c4b790a7f3d892bef7b3e78dd15ab7f","record_hash":"be8e31f954ea08a2580a4f7e9f396ecff75160d5d84a927ac2a4d0cdc3ed8bf6","signature_hex":"51c9fcbc42f683ec60e9b512063247014a5c94242c9950dfcd8bd4d6d9e8a84c350561a9ba64dcf6300c00ceab20aff1a548094fa6ca579c15e98db9079b400f","public_key_hex":"c2f8243b0d573587f285c830a868acd19249d17d59ecbf9329e796dfed6fb630"}
{"seq":70,"ts":1781704800000,"agent_id":"rl-qlearn","symbol":"BTCUSDT","side":"sell","price":65047.081321332,"quantity":0.03074695988464137,"notional_usd":2000.0,"fee_usd":1.2,"balance_before_usd":9910.031819862103,"balance_after_usd":9908.231679832095,"decision":"ALLOW_CAPPED","cert_hash":"9306df779190c6195bf4902c751811ba74b14f6ac3ee7c7b58d1c4b40b56da9c","prev_hash":"be8e31f954ea08a2580a4f7e9f396ecff75160d5d84a927ac2a4d0cdc3ed8bf6","record_hash":"a8c0636ba82dc0bc39fa54ed9c15cac70e2cb755f57a54f6c75144999dae98c9","signature_hex":"9ebfa6cf3409d0edcb274c6383b21d688451263d753c0e92fad4b95e47f510b47bdb575cfc094268d13d174d37c4ac67ef48a1c98d288ffc75b1388ce567bd07","public_key_hex":"c2f8243b0d573587f285c830a868acd19249d17d59ecbf9329e796dfed6fb630"}
{"seq":71,"ts":1781708400000,"agent_id":"rl-qlearn","symbol":"BTCUSDT","side":"buy","price":65728.814044182,"quantity":0.030428055474356005,"notional_usd":2000.0,"fee_usd":1.2,"balance_before_usd":9868.940529200594,"balance_after_usd":9867.1406691706,"decision":"ALLOW_CAPPED","cert_hash":"81e4cb241844c6b441ae6a306533fae270a07997b424e5a0100c0af8ebf59ea7","prev_hash":"a8c0636ba82dc0bc39fa54ed9c15cac70e2cb755f57a54f6c75144999dae98c9","record_hash":"a3551de903a4932ba24f307cd39403d5b70eb656bd0b3f840a74647703df0596","signature_hex":"d3dd2a0f8aca131341aa2e9ba205553c6c8eab49ce36827d0428ced75f79a0efbb638b78e25be41192672a3b3c9a41e8ca2cdb14aab0cbb91356aa30098aa700","public_key_hex":"c2f8243b0d573587f285c830a868acd19249d17d59ecbf9329e796dfed6fb630"}
{"seq":72,"ts":1781712000000,"agent_id":"rl-qlearn","symbol":"BTCUSDT","side":"buy","price":65847.149536548,"quantity":0.030373372485773497,"notional_usd":2000.0,"fee_usd":1.2,"balance_before_usd":9863.524047343602,"balance_after_usd":9861.724187313606,"decision":"ALLOW_CAPPED","cert_hash":"e833b7f0ef8504fd8d7714c55db19f2baf0e076e29c185e296b907dde28b7779","prev_hash":"a3551de903a4932ba24f307cd39403d5b70eb656bd0b3f840a74647703df0596","record_hash":"c8cc7903460be6410cfe75e2fffdda1821ffd848e352303361acf826836c4d0a","signature_hex":"6fab258eb8f8e25d67bce3e6c30f6793ec9443cbdc267ebea6a72425b245f53007bd0fdd29c8864a93afb04613775b2b99957baef882e8ba5514c03588ec1c00","public_key_hex":"c2f8243b0d573587f285c830a868acd19249d17d59ecbf9329e796dfed6fb630"}
{"seq":73,"ts":1781715600000,"agent_id":"rl-qlearn","symbol":"BTCUSDT","side":"buy","price":66099.82532159999,"quantity":0.030257266040708334,"notional_usd":2000.0,"fee_usd":1.2,"balance_before_usd":9861.635243347826,"balance_after_usd":9859.835383317833,"decision":"ALLOW_CAPPED","cert_hash":"d0beaee58107b9f67fcbabca0dd011fa50c47aac2fe8272915ede64434d971aa","prev_hash":"c8cc7903460be6410cfe75e2fffdda1821ffd848e352303361acf826836c4d0a","record_hash":"91db60e1e187061fe74daa147c2953d6d76d68d17e2cc374f407f6cfe96d9586","signature_hex":"0f7ddd99246791cd04920daaf2670795fe826b6b6d84345a8cbbe8520e911dbcc2f602dc2f0f48a4ce3792bd40fdba3ca97e32bb21b31ddd2bfefb6f59a8c30d","public_key_hex":"c2f8243b0d573587f285c830a868acd19249d17d59ecbf9329e796dfed6fb630"}
{"seq":74,"ts":1781719200000,"agent_id":"rl-qlearn","symbol":"BTCUSDT","side":"sell","price":65464.45607968201,"quantity":0.03055092976814228,"notional_usd":2000.0,"fee_usd":1.2,"balance_before_usd":9842.014903144542,"balance_after_usd":9840.214763114534,"decision":"ALLOW_CAPPED","cert_hash":"04a57fb965fe3cdfcfb987544b5d5e640be926a6121765c342220dfc5570721b","prev_hash":"91db60e1e187061fe74daa147c2953d6d76d68d17e2cc374f407f6cfe96d9586","record_hash":"be777325ff759af819885ecab0254133dda2c9aabc0fe70f96123107cf7c944c","signature_hex":"1d850124ff4302a2534be8aa10b29b0799a57a60187b7df0b081f9c1c54ab026f347b417d0b278b0154c99dc759bd5fd3cda397c57c5caf6a456ac51af55d703","public_key_hex":"c2f8243b0d573587f285c830a868acd19249d17d59ecbf9329e796dfed6fb630"}
{"seq":75,"ts":1781722800000,"agent_id":"rl-qlearn","symbol":"BTCUSDT","side":"buy","price":64294.983995514,"quantity":0.031106625676110975,"notional_usd":2000.0,"fee_usd":1.2,"balance_before_usd":9840.995120773889,"balance_after_usd":9839.195260743894,"decision":"ALLOW_CAPPED","cert_hash":"5bf8e836d25f38c6209371f3d4911dd3b81dcb4e3d07ab1e9b1d38d7eab754d2","prev_hash":"be777325ff759af819885ecab0254133dda2c9aabc0fe70f96123107cf7c944c","record_hash":"fe8acfbabfef192c2f7060e3f2929cedc6cba2d3cd1b28da9e154ee3faa16893","signature_hex":"7886f9cf2f49a3e530b01c2c9aed7e00c6b994dcad52e020e59c20764cb883c885de86eef3be33b5e6b942ab92a291ce8dce4a1005c00e6d02d197098876cd0c","public_key_hex":"c2f8243b0d573587f285c830a868acd19249d17d59ecbf9329e796dfed6fb630"}
{"seq":76,"ts":1781726400000,"agent_id":"rl-qlearn","symbol":"BTCUSDT","side":"sell","price":64391.50043166436,"quantity":0.030469930559580333,"notional_usd":1962.00454678,"fee_usd":1.177202728068,"balance_before_usd":9843.30747523333,"balance_after_usd":9841.545262991302,"decision":"ALLOW","cert_hash":"630319cd36888befc783c849570177973890ffd0e3f22ab53b352387a0e95242","prev_hash":"fe8acfbabfef192c2f7060e3f2929cedc6cba2d3cd1b28da9e154ee3faa16893","record_hash":"a9c93cdf1e38b79c770655fdc46351efbe977ae853fe0438f66a80393836b73a","signature_hex":"59a98081a1a93ad0aa080b898c87b75ca7f39012184abbd1e2c4c18fc375350155cc48a4595a3981bdb6112f6b7d035c3b40c58e3c0212e40b15bd830c4d3000","public_key_hex":"c2f8243b0d573587f285c830a868acd19249d17d59ecbf9329e796dfed6fb630"}
{"seq":77,"ts":1781740800000,"agent_id":"rl-qlearn","symbol":"BTCUSDT","side":"buy","price":64449.330288599995,"quantity":0.03103213006316943,"notional_usd":2000.0,"fee_usd":1.2,"balance_before_usd":9841.545132173296,"balance_after_usd":9839.745272143302,"decision":"ALLOW_CAPPED","cert_hash":"4bf5a7641e73d8ede60f8e7ecf9792b931fbbbf7a2fef5925449b8276722595d","prev_hash":"a9c93cdf1e38b79c770655fdc46351efbe977ae853fe0438f66a80393836b73a","record_hash":"7f0193b62b813a5e77af5fca23045163a117a6b110207ec748f9a68802c93d2e","signature_hex":"32f3d46349ab43ce0f310af2eb7e8f65abb75208423802780f1904d380b4c9667057b7dfd8ae4a083bc5adf923ddf661926629a4c12df455e2aaac39a13bb108","public_key_hex":"c2f8243b0d573587f285c830a868acd19249d17d59ecbf9329e796dfed6fb630"}
{"seq":78,"ts":1781744400000,"agent_id":"rl-qlearn","symbol":"BTCUSDT","side":"sell","price":64498.545920358,"quantity":0.03100845098848546,"notional_usd":2000.0,"fee_usd":1.2,"balance_before_usd":9842.472198025012,"balance_after_usd":9840.672057995005,"decision":"ALLOW_CAPPED","cert_hash":"7fb633c578b8e0485ab8ee867b2d106aa7d5a28fecf935d061f5ba577d27e95d","prev_hash":"7f0193b62b813a5e77af5fca23045163a117a6b110207ec748f9a68802c93d2e","record_hash":"f3236623e8f1544a2cefb077ebb13ed36615d82d53b8843dc1dcd4843805b14c","signature_hex":"c9755b47a62818c3452330da3907f6ae80c3f595c0ffa7ef5062e2e0c999437e9e91abffbd13281827a4c7cef66e0548f587b851eb77e8b4eb34c5d38c7b0005","public_key_hex":"c2f8243b0d573587f285c830a868acd19249d17d59ecbf9329e796dfed6fb630"}
{"seq":79,"ts":1781751600000,"agent_id":"rl-qlearn","symbol":"BTCUSDT","side":"sell","price":64231.326105012,"quantity":0.031137454592330752,"notional_usd":2000.0,"fee_usd":1.2,"balance_before_usd":9840.668156327836,"balance_after_usd":9838.868016297829,"decision":"ALLOW_CAPPED","cert_hash":"0c10868da32de7b15b24dab7a7486513dba0105a984b431bb6970c67817f3df9","prev_hash":"f3236623e8f1544a2cefb077ebb13ed36615d82d53b8843dc1dcd4843805b14c","record_hash":"4f47376fe629d97f4acc722509d599ae777d58cecf77514b67feda6e0595e37c","signature_hex":"91df9e3d6e44ff8fd6840a16a89d253c2e1ed324f1f24dd96f2efcaec01529f788478ed507d064a0eaefdd26de578179c5bf09443b9c982b2dfbef78e588e00f","public_key_hex":"c2f8243b0d573587f285c830a868acd19249d17d59ecbf9329e796dfed6fb630"}
{"seq":80,"ts":1781755200000,"agent_id":"rl-qlearn","symbol":"BTCUSDT","side":"buy","price":63868.815271676605,"quantity":0.031113543259839376,"notional_usd":1987.18514691,"fee_usd":1.192311088146,"balance_before_usd":9851.34517007297,"balance_after_usd":9849.55811515259,"decision":"ALLOW","cert_hash":"2e818412d8eac9bbd3c20170f2fccce5844b98837eae06517beddbbb28c7e24b","prev_hash":"4f47376fe629d97f4acc722509d599ae777d58cecf77514b67feda6e0595e37c","record_hash":"61af642412c839ac575d691fcda265c269556faaead7f3f61e9fece5f22d4774","signature_hex":"eaa71292009c860c81d093b6fb19bc7330b0a56dcfd8a1a2903da04fdb0b6d52c4d929c600be9c4c2c00189af4e5507dfe8d2bf7fad03da07b574501a362890c","public_key_hex":"c2f8243b0d573587f285c830a868acd19249d17d59ecbf9329e796dfed6fb630"}
{"seq":81,"ts":1781762400000,"agent_id":"rl-qlearn","symbol":"BTCUSDT","side":"sell","price":64040.683311198,"quantity":0.031230147721585673,"notional_usd":2000.0,"fee_usd":1.2,"balance_before_usd":9849.556157192666,"balance_after_usd":9847.75601716266,"decision":"ALLOW_CAPPED","cert_hash":"d75a4ecddbdcb8fd3712b8153020b44827b15e415812cdf61160fd071a8f1f24","prev_hash":"61af642412c839ac575d691fcda265c269556faaead7f3f61e9fece5f22d4774","record_hash":"71d9f75014bc2ecc23a41b2a6f8c308c5f47d7aaa9507b794f1e55a469ec7610","signature_hex":"3f4356b307674018802762e2a97da521c27532275b68217be22e4d725a6a6fcc7a5371f454665f57c8af48850ccdc16ea9a0532123674f4a95eba7dd5aa4170c","public_key_hex":"c2f8243b0d573587f285c830a868acd19249d17d59ecbf9329e796dfed6fb630"}
{"seq":82,"ts":1781766000000,"agent_id":"rl-qlearn","symbol":"BTCUSDT","side":"buy","price":64492.04309945399,"quantity":0.031011577613005294,"notional_usd":2000.0,"fee_usd":1.2,"balance_before_usd":9834.860367055424,"balance_after_usd":9833.06050702543,"decision":"ALLOW_CAPPED","cert_hash":"5049a3a0394763165a730b2a96db36b5e4ea883906f45c3aafde596a969779da","prev_hash":"71d9f75014bc2ecc23a41b2a6f8c308c5f47d7aaa9507b794f1e55a469ec7610","record_hash":"f468b6b156a78b7b5246bd7db95d56bae286aaed8526d9e2127f02068090fd54","signature_hex":"5d59d696cc831b39c855bc61b947359b44716e5e981d7a38ef823a4b58ee7a43095e82aef1c0928ab36b9b1a1603c95d39e3fd0f0a7c88c220a2e128c88e8f02","public_key_hex":"c2f8243b0d573587f285c830a868acd19249d17d59ecbf9329e796dfed6fb630"}
{"seq":83,"ts":1781780400000,"agent_id":"rl-qlearn","symbol":"BTCUSDT","side":"buy","price":63965.985318936,"quantity":0.03126661756288049,"notional_usd":2000.0,"fee_usd":1.2,"balance_before_usd":9833.181363765767,"balance_after_usd":9831.381503735774,"decision":"ALLOW_CAPPED","cert_hash":"bcb793130eaeb7be66f8296073e2e6f4e082dd2af30ba50790f517129e189b0f","prev_hash":"f468b6b156a78b7b5246bd7db95d56bae286aaed8526d9e2127f02068090fd54","record_hash":"7d8f9521fb57530f18482a77531a835cb1b5a216c17426cbf3f24351985bdae9","signature_hex":"b47d47bfc11ed5c7546633e49674179abdae7301a3c1794e6c82f560cd51a110b9ab98b90e59d24d19526ca27add341662b895e904255e034cbea3474487bf08","public_key_hex":"c2f8243b0d573587f285c830a868acd19249d17d59ecbf9329e796dfed6fb630"}
{"seq":84,"ts":1781784000000,"agent_id":"rl-qlearn","symbol":"BTCUSDT","side":"sell","price":64327.69718694,"quantity":0.031090806720282315,"notional_usd":2000.0,"fee_usd":1.2,"balance_before_usd":9843.803204565036,"balance_after_usd":9842.003064535029,"decision":"ALLOW_CAPPED","cert_hash":"b8495788f94609d1915ae15b764542729a372c4e765403b98456a0a042a90b48","prev_hash":"7d8f9521fb57530f18482a77531a835cb1b5a216c17426cbf3f24351985bdae9","record_hash":"ca8fc84f83a6722e880091c0d10c2fc35799e1db496734233eed009159441d92","signature_hex":"2b18f207ccf7589e3de1870ad7757a509a38ae4f2cea80993e2e883e345da9698500f15b0f70c5b9a68c6719e5c72de418f1f0587a91b69059d1f66306c0520a","public_key_hex":"c2f8243b0d573587f285c830a868acd19249d17d59ecbf9329e796dfed6fb630"}
{"seq":85,"ts":1781902800000,"agent_id":"rl-qlearn","symbol":"BTCUSDT","side":"buy","price":63066.615570953996,"quantity":0.0317124992659527,"notional_usd":2000.0,"fee_usd":1.2,"balance_before_usd":9842.070822059071,"balance_after_usd":9840.270962029077,"decision":"ALLOW_CAPPED","cert_hash":"b470dbe027f3336e19fdc1e0cf5597b06cb5c221b285d8c3988b8d4f7d29b130","prev_hash":"ca8fc84f83a6722e880091c0d10c2fc35799e1db496734233eed009159441d92","record_hash":"2d4c93a885865d9a16810ad7b7a1db0d33a7d006705bcecdbc2790bacdb844ad","signature_hex":"707a28ed3631d1e009ea100f18068c76c44848fb3294a6e4579e7b44f5959c02fcd09a78022a542caf9bbb0b5cc744c8bd8e9e9d6c8cb6fad7c446812361020d","public_key_hex":"c2f8243b0d573587f285c830a868acd19249d17d59ecbf9329e796dfed6fb630"}
{"seq":86,"ts":1781906400000,"agent_id":"rl-qlearn","symbol":"BTCUSDT","side":"sell","price":63266.815525716,"quantity":0.031612149013364864,"notional_usd":2000.0,"fee_usd":1.2,"balance_before_usd":9847.809309281693,"balance_after_usd":9846.009169251685,"decision":"ALLOW_CAPPED","cert_hash":"7b9716c0036aeb167d81b8f2d368b1b2636b105ae24d0e6d59092525b4f4b468","prev_hash":"2d4c93a885865d9a16810ad7b7a1db0d33a7d006705bcecdbc2790bacdb844ad","record_hash":"74e19968c2a462bd0135a362ef522e826fed7f1aed0636571d59a42e6902f593","signature_hex":"14f5b90970c2a89b0cc577f91874c4c051a6ebb757a1012bde2bb8183a209583e09614690125810557164131f2460c6277c2258f7875c746faa99995dba1de0d","public_key_hex":"c2f8243b0d573587f285c830a868acd19249d17d59ecbf9329e796dfed6fb630"}
{"seq":87,"ts":1781910000000,"agent_id":"rl-qlearn","symbol":"BTCUSDT","side":"sell","price":63493.747430256,"quantity":0.03149916457832132,"notional_usd":2000.0,"fee_usd":1.2,"balance_before_usd":9846.020127957963,"balance_after_usd":9844.219987927958,"decision":"ALLOW_CAPPED","cert_hash":"94fb8a389974133063acce0f4ad1acc54d70e8854ea5e30ba00aff5b24eb8183","prev_hash":"74e19968c2a462bd0135a362ef522e826fed7f1aed0636571d59a42e6902f593","record_hash":"717747361e4e7fecc3f553e5b3225de5d80c02c261ecabd838c09f8ef478173e","signature_hex":"070336fd155939108b31806ecc9ba4282fe47df65740b7862b9b75497d421fa7c75d5817ecae12afa9861a64e204eceee5cfdc5842b801e3ab31229dd86c1703","public_key_hex":"c2f8243b0d573587f285c830a868acd19249d17d59ecbf9329e796dfed6fb630"}
{"seq":88,"ts":1781913600000,"agent_id":"rl-qlearn","symbol":"BTCUSDT","side":"buy","price":63509.948539818,"quantity":0.03149112927947165,"notional_usd":2000.0,"fee_usd":1.2,"balance_before_usd":9844.940711905889,"balance_after_usd":9843.140851875894,"decision":"ALLOW_CAPPED","cert_hash":"bcd7047c14c27897c38eb71cadd38df414b8f6435e504a17614ced264e4d505c","prev_hash":"717747361e4e7fecc3f553e5b3225de5d80c02c261ecabd838c09f8ef478173e","record_hash":"908efaf6841a3bd2206fd08dc1a5728b5231047165d90e6dec758b4391f86477","signature_hex":"8e6c988d125755a0b18e7428c98268ae01d25e3058d2569951bf6782053583dc16fd519a7d42090308bda70b9151e1dfc84f2b91747118aec6d895f73de6a902","public_key_hex":"c2f8243b0d573587f285c830a868acd19249d17d59ecbf9329e796dfed6fb630"}
{"seq":89,"ts":1781949600000,"agent_id":"rl-qlearn","symbol":"BTCUSDT","side":"buy","price":63669.096272999996,"quantity":0.03141241382513757,"notional_usd":2000.0,"fee_usd":1.2,"balance_before_usd":9843.147333285562,"balance_after_usd":9841.347473255568,"decision":"ALLOW_CAPPED","cert_hash":"16777837421fc6d0bc9d0e7aafdfa9e98856c8ddbebed5b638f59c36ca002847","prev_hash":"908efaf6841a3bd2206fd08dc1a5728b5231047165d90e6dec758b4391f86477","record_hash":"c47a52b7b5db49a03f6107e96865300c17438a9daf68c96baafb7799cd508853","signature_hex":"d3eecbc46a472317a472525ac3f4acad224daf2049dcd6a5963fcf909add821b0392c66884dc3819c45c8fbecf074b35c0bdf5d72b6debe279f63474982bb707","public_key_hex":"c2f8243b0d573587f285c830a868acd19249d17d59ecbf9329e796dfed6fb630"}
{"seq":90,"ts":1781953200000,"agent_id":"rl-qlearn","symbol":"BTCUSDT","side":"sell","price":63630.406422989996,"quantity":0.031431513837972117,"notional_usd":2000.0,"fee_usd":1.2,"balance_before_usd":9841.331746928186,"balance_after_usd":9839.53160689818,"decision":"ALLOW_CAPPED","cert_hash":"30f0252097577a644310eb789b07374a583d3b6c9a2c4669bf92af8a3571938a","prev_hash":"c47a52b7b5db49a03f6107e96865300c17438a9daf68c96baafb7799cd508853","record_hash":"54a5ebf484ba8ecef94beae88681248227b32d23aa7a23c0a6d87a3a8dd8f205","signature_hex":"c54e9ea4effd1289f3b9a9765bea380d60b9a1a167c10b26b456c6b5e3e42a984c834b8f82cb87b5d483d4a8c7d698270c6ef267c397f8790d57589f48d49701","public_key_hex":"c2f8243b0d573587f285c830a868acd19249d17d59ecbf9329e796dfed6fb630"}
