{"seq":0,"ts":1781790300000,"agent_id":"baseline-momentum","symbol":"BTCUSDT","side":"sell","price":63871.734007818006,"quantity":0.03131275565111786,"notional_usd":2000.0,"fee_usd":1.2,"balance_before_usd":10000.0,"balance_after_usd":9998.199859969993,"decision":"ALLOW_CAPPED","cert_hash":"dc1ba54b8083ef5cd0ccccaa432eb4c0d6ca18bfc52c7a9bba6d163b124d002d","prev_hash":"0000000000000000000000000000000000000000000000000000000000000000","record_hash":"ca0509f1dcde46b8dfa69d4a2ad6ea58f7d7eb0094f2c604b97a3bdf9ca499c0","signature_hex":"42177cc4171650bb8b969d5770c876d9e2b32970597edf66c00991293b73419ad9f2c93c4ca949d374127b83fcadeb6e9825db5077d1b528f62765a51bc68702","public_key_hex":"c2f8243b0d573587f285c830a868acd19249d17d59ecbf9329e796dfed6fb630"}
{"seq":1,"ts":1781790420000,"agent_id":"baseline-momentum","symbol":"BTCUSDT","side":"sell","price":63797.956146341996,"quantity":0.03134896665674257,"notional_usd":2000.0,"fee_usd":1.2,"balance_before_usd":10000.510741337046,"balance_after_usd":9998.710601307039,"decision":"ALLOW_CAPPED","cert_hash":"4b690312cb829df3da7ec1f36883801704c122acea9a1bf643b31840e75267f1","prev_hash":"ca0509f1dcde46b8dfa69d4a2ad6ea58f7d7eb0094f2c604b97a3bdf9ca499c0","record_hash":"3b481a9e3a538a1fec00511a5c0cf56f92340a1045685fc977640c948b40d340","signature_hex":"249d5f260963b7b7de77d5b5850192518dddab747f488cce10781d6d63f1f032f2500a1013e1d5193bd99b848c4e022894b7c281da09cae8a87a358a828a2904","public_key_hex":"c2f8243b0d573587f285c830a868acd19249d17d59ecbf9329e796dfed6fb630"}
{"seq":2,"ts":1781795820000,"agent_id":"baseline-momentum","symbol":"BTCUSDT","side":"sell","price":63247.41901878373,"quantity":0.016641146970873502,"notional_usd":1052.50959542,"fee_usd":0.6315057572520001,"balance_before_usd":10033.4063969489,"balance_after_usd":10032.50894933449,"decision":"ALLOW","cert_hash":"9ee81af0e221224164319b377b34292ea7e55a66aaf2f1067a3c63cbde0f22f8","prev_hash":"3b481a9e3a538a1fec00511a5c0cf56f92340a1045685fc977640c948b40d340","record_hash":"363218e260f07a1a9a7e6207e65788ee1d312907948f92f13328f483a4f31bcc","signature_hex":"4ecdf931f6a8832a47b45c6e4806e00f69ec25ec41483d4c58058af245ca313ff20f81025dc8baeab49afa66db2059d51592aa5ea93fde783acfe5f05dc90904","public_key_hex":"c2f8243b0d573587f285c830a868acd19249d17d59ecbf9329e796dfed6fb630"}
{"seq":3,"ts":1781790300000,"agent_id":"baseline-momentum","symbol":"BTCUSDT","side":"sell","price":63871.734007818006,"quantity":0.03131275565111786,"notional_usd":2000.0,"fee_usd":1.2,"balance_before_usd":10000.0,"balance_after_usd":9998.199859969993,"decision":"ALLOW_CAPPED","cert_hash":"9efed97c0c81f00168ba703626b94ce7714698487e97931725ab2b919a658f4b","prev_hash":"363218e260f07a1a9a7e6207e65788ee1d312907948f92f13328f483a4f31bcc","record_hash":"68280a55372d0e6cfea39782c00e41065d3fa075d3d1d943554b2b87965f5ff8","signature_hex":"dba9a5e127e0a45c9410823ab448476b3ddf11d7a9f009f0f3f470cdb849e46502a524d58fa9b0309a7f69ab05d60caa9b8cfa6b011260b547ea2a292b771206","public_key_hex":"c2f8243b0d573587f285c830a868acd19249d17d59ecbf9329e796dfed6fb630"}
{"seq":4,"ts":1781790420000,"agent_id":"baseline-momentum","symbol":"BTCUSDT","side":"sell","price":63797.956146341996,"quantity":0.03134896665674257,"notional_usd":2000.0,"fee_usd":1.2,"balance_before_usd":10000.510741337046,"balance_after_usd":9998.710601307039,"decision":"ALLOW_CAPPED","cert_hash":"351e6e8edeebd918215153cb714d4ce6fa989ed41ef131de422db502a3ee3f13","prev_hash":"68280a55372d0e6cfea39782c00e41065d3fa075d3d1d943554b2b87965f5ff8","record_hash":"a79c460fe644ea11b4a1119e7d98627596dab08dd5852913f81f500a0cbac804","signature_hex":"a006036eb00399eb567238c573f769968f2cf1a2359323406bf48d82f93731098d2b501c77a6e9f102cb043877ea9095dd541ceadbf96221c8f7da6f71775600","public_key_hex":"c2f8243b0d573587f285c830a868acd19249d17d59ecbf9329e796dfed6fb630"}
{"seq":5,"ts":1781795820000,"agent_id":"baseline-momentum","symbol":"BTCUSDT","side":"sell","price":63247.41901878373,"quantity":0.016641146970873502,"notional_usd":1052.50959542,"fee_usd":0.6315057572520001,"balance_before_usd":10033.4063969489,"balance_after_usd":10032.50894933449,"decision":"ALLOW","cert_hash":"0446c04fa918fa6bcc20a9831f829551913fe2548f246909524a8d92d67a5fa0","prev_hash":"a79c460fe644ea11b4a1119e7d98627596dab08dd5852913f81f500a0cbac804","record_hash":"b0691d0ae997ca5666e1b2b55b5d11fd9ea0f83d31e6102803b94428d9ccc5a6","signature_hex":"56ffd96e95d0f34b45c37a0aca9749c35b0c5ec46689220121d46af55e9acec0c4bd7c36c23b6ae4db80a0f25ad75ed1c5a7c4a0cbddcd547b2f062841d5a60e","public_key_hex":"c2f8243b0d573587f285c830a868acd19249d17d59ecbf9329e796dfed6fb630"}
{"seq":6,"ts":1781790300000,"agent_id":"baseline-momentum","symbol":"BTCUSDT","side":"sell","price":63871.734007818006,"quantity":0.03131275565111786,"notional_usd":2000.0,"fee_usd":1.2,"balance_before_usd":10000.0,"balance_after_usd":9998.199859969993,"decision":"ALLOW_CAPPED","cert_hash":"547c3ec3d7160dbf767494af287b5a5701ff2cf894bc0fd0a1426d26ec580c96","prev_hash":"b0691d0ae997ca5666e1b2b55b5d11fd9ea0f83d31e6102803b94428d9ccc5a6","record_hash":"c4b1a726e963404d65d78a67450df34b17b4664b77b28eda3367f478dab16333","signature_hex":"908f6b78ff9ea687ecd305cc95a11f1a5dda3da2d718e2fdfba590b18f8ebc7957e6869b62762aa017221a3a0c1667bb9782ba2b026177b0269277a5289de30a","public_key_hex":"c2f8243b0d573587f285c830a868acd19249d17d59ecbf9329e796dfed6fb630"}
{"seq":7,"ts":1781790420000,"agent_id":"baseline-momentum","symbol":"BTCUSDT","side":"sell","price":63797.956146341996,"quantity":0.03134896665674257,"notional_usd":2000.0,"fee_usd":1.2,"balance_before_usd":10000.510741337046,"balance_after_usd":9998.710601307039,"decision":"ALLOW_CAPPED","cert_hash":"2a365fdfec484a88963d946ff851fe6d65d02c3f36c147ce1ac1b8a801980886","prev_hash":"c4b1a726e963404d65d78a67450df34b17b4664b77b28eda3367f478dab16333","record_hash":"dea9f76e6966332cc313f04ee29632f56b83e13df3b4322af274f084dd58a078","signature_hex":"bfcb31727396383c7aabf2b33b352dcbce6d2e29c6504ebb3b5f092bfb2238b814d3e40f4f589cf4e5e899118c8143441f4828ba413919abe68ea3fefa087c0b","public_key_hex":"c2f8243b0d573587f285c830a868acd19249d17d59ecbf9329e796dfed6fb630"}
{"seq":8,"ts":1781795820000,"agent_id":"baseline-momentum","symbol":"BTCUSDT","side":"sell","price":63247.41901878373,"quantity":0.016641146970873502,"notional_usd":1052.50959542,"fee_usd":0.6315057572520001,"balance_before_usd":10033.4063969489,"balance_after_usd":10032.50894933449,"decision":"ALLOW","cert_hash":"330e7216fa46fd829fa08b4a93e8d5abf702d99c6dcf6640f607a39f91369fee","prev_hash":"dea9f76e6966332cc313f04ee29632f56b83e13df3b4322af274f084dd58a078","record_hash":"0d9c8334fdaaa685d0305c09036e51354de4711726f546140b1a7538fc8fa30a","signature_hex":"481c691cefc6c07c5b8b4b4f3e711d1d4ed37c27da201a443838027d8f287207fa28c297ae285119134d6785fb1b159db6646f5623607bb88c06121c410c6700","public_key_hex":"c2f8243b0d573587f285c830a868acd19249d17d59ecbf9329e796dfed6fb630"}
{"seq":9,"ts":1781795820000,"agent_id":"baseline-momentum","symbol":"BTCUSDT","side":"sell","price":63244.422245268004,"quantity":0.03162334209084567,"notional_usd":2000.0,"fee_usd":1.2,"balance_before_usd":10000.0,"balance_after_usd":9998.199859969993,"decision":"ALLOW_CAPPED","cert_hash":"5aeeeaa2674cad56b2e8f6c1c75cf6f9b3cb736bb659e01496706e5d983c0d0a","prev_hash":"0d9c8334fdaaa685d0305c09036e51354de4711726f546140b1a7538fc8fa30a","record_hash":"2cbee5b5b23b6f7f16dc43c8f4cc5442f93bf4700ae306f61520528e5d92fe6c","signature_hex":"a92181ba0255302d1d6bc41aedc34d803d60dc464d0faa364966198c14ec810c9650bb6041777872728a097dece11ff620e82c0765e153a5ffb31fc4ec1d9303","public_key_hex":"c2f8243b0d573587f285c830a868acd19249d17d59ecbf9329e796dfed6fb630"}
{"seq":10,"ts":1781795880000,"agent_id":"baseline-momentum","symbol":"BTCUSDT","side":"sell","price":63212.831724636,"quantity":0.03163914581001974,"notional_usd":2000.0,"fee_usd":1.2,"balance_before_usd":9999.199157580064,"balance_after_usd":9997.399017550057,"decision":"ALLOW_CAPPED","cert_hash":"82d56cab8badfb9e922a5a3e217b1441bbb841d38e714e210e40b49b0a565927","prev_hash":"2cbee5b5b23b6f7f16dc43c8f4cc5442f93bf4700ae306f61520528e5d92fe6c","record_hash":"d607bf489632ea9f092d2d3fc8b96703a113dd53be4a31a6bc80289ed841e354","signature_hex":"a64b4009b54f80b755ddc35d9c38b40fabf49aebb9b5be2c1697399c381d1475ef0da87c55a6628bfb134a54700e5564caa4466a1193e25bbe7c596cfaf51d01","public_key_hex":"c2f8243b0d573587f285c830a868acd19249d17d59ecbf9329e796dfed6fb630"}
{"seq":11,"ts":1781797200000,"agent_id":"baseline-momentum","symbol":"BTCUSDT","side":"sell","price":62678.57220478969,"quantity":0.0167440702763775,"notional_usd":1049.49441782,"fee_usd":0.629696650692,"balance_before_usd":10031.396278547982,"balance_after_usd":10030.501560181969,"decision":"ALLOW","cert_hash":"47d9ada88c873927a671f3eac9eba71ae531d3d940192bda8c906530a865c88f","prev_hash":"d607bf489632ea9f092d2d3fc8b96703a113dd53be4a31a6bc80289ed841e354","record_hash":"4da0cae2db2f6611f8e60cb18fbefd622e40443da82273f0adc4f764100f6d3d","signature_hex":"b18c48940dcf0e9eb9a91ac0dea4b550cd52f8158e3afdc87ccef4e30200b1e35d2b638e88ed423780ac083165aa83f2f03ef99889c738270365b15b1fb77106","public_key_hex":"c2f8243b0d573587f285c830a868acd19249d17d59ecbf9329e796dfed6fb630"}
{"seq":12,"ts":1778461200000,"agent_id":"baseline-momentum","symbol":"BTCUSDT","side":"buy","price":81494.24256939601,"quantity":0.024541611001500017,"notional_usd":2000.0,"fee_usd":1.2,"balance_before_usd":10000.0,"balance_after_usd":9998.200139970006,"decision":"ALLOW_CAPPED","cert_hash":"17ea390558f6b5fd34c10795d83ec6d08c353ca49a22d9d9631e0c7cc1f470f3","prev_hash":"4da0cae2db2f6611f8e60cb18fbefd622e40443da82273f0adc4f764100f6d3d","record_hash":"18c1a341fa7afddddd0c181c64a805416f1e614d0359e39680cc99d8989e4423","signature_hex":"3eb7f4ad7a89c808568e5785319f9f4d47e7ecb89f72bf408470a35299ee3ad066c7218073b74f42722a4675c7e51b344486d963b2dff81ae041a10b0f5e2107","public_key_hex":"c2f8243b0d573587f285c830a868acd19249d17d59ecbf9329e796dfed6fb630"}
{"seq":13,"ts":1778515200000,"agent_id":"baseline-momentum","symbol":"BTCUSDT","side":"buy","price":81544.4576304,"quantity":0.0245264982822621,"notional_usd":2000.0,"fee_usd":1.2,"balance_before_usd":9999.432128842282,"balance_after_usd":9997.63226881229,"decision":"ALLOW_CAPPED","cert_hash":"60b623f039b6a97ba9e68980d89ad33bafde7fce2f22d1eb3105aa3e688a2833","prev_hash":"18c1a341fa7afddddd0c181c64a805416f1e614d0359e39680cc99d8989e4423","record_hash":"fd91cc90c8263ce8ccdf9ee79614b89b1639ec3e50b142db2c9c13726722dff8","signature_hex":"1bd43d770291eb718a42c50ecaf6ee91899c9830a173ee986a0853cc2ef1f824eb56530ff83891f9d785214f665ed65c2d38a3b47cbc313ae7b536ebf06a8908","public_key_hex":"c2f8243b0d573587f285c830a868acd19249d17d59ecbf9329e796dfed6fb630"}
{"seq":14,"ts":1778518800000,"agent_id":"baseline-momentum","symbol":"BTCUSDT","side":"buy","price":81909.03136778665,"quantity":0.012083412494598822,"notional_usd":989.74061305,"fee_usd":0.59384436783,"balance_before_usd":10015.718773894283,"balance_after_usd":10014.87804888166,"decision":"ALLOW","cert_hash":"b02e4f61c31e488edf61c74a797ab8998e0068b77b990e675cae8320edc132fd","prev_hash":"fd91cc90c8263ce8ccdf9ee79614b89b1639ec3e50b142db2c9c13726722dff8","record_hash":"df8326ee82467c43065d929072f2200db9ff29ee0e7acda2d8dbeec542a48590","signature_hex":"86bd5a4650129a39061b510185a4c2111bc0e2e64d7a38c5752cc7a9907dd74128b5a6c32fd7cda391a0727010ce8af90ec3ec1802eb35816bf73ed2175b5a04","public_key_hex":"c2f8243b0d573587f285c830a868acd19249d17d59ecbf9329e796dfed6fb630"}
{"seq":15,"ts":1778583600000,"agent_id":"baseline-momentum","symbol":"BTCUSDT","side":"sell","price":80728.475805054,"quantity":0.024774405562043203,"notional_usd":2000.0,"fee_usd":1.2,"balance_before_usd":9945.416035293618,"balance_after_usd":9943.61589526361,"decision":"ALLOW_CAPPED","cert_hash":"eafd2932bbbfd036e0225611580137c2c07f4384e832c557ea35ff065c670f69","prev_hash":"df8326ee82467c43065d929072f2200db9ff29ee0e7acda2d8dbeec542a48590","record_hash":"4b3890807caf39c135136421fa4e33abbac82e5838ce0436b5b96097e8721e2a","signature_hex":"40d71d2979c5d9650fe7070138b9cd8dbbb9ba5f1cca82ffa35827e842b98815e91114ec3c8661e3817079508fb9c3d388971cb95375e8bb706542b3b58e4106","public_key_hex":"c2f8243b0d573587f285c830a868acd19249d17d59ecbf9329e796dfed6fb630"}
{"seq":16,"ts":1778587200000,"agent_id":"baseline-momentum","symbol":"BTCUSDT","side":"sell","price":80818.348836852,"quantity":0.024746855494875302,"notional_usd":2000.0,"fee_usd":1.2,"balance_before_usd":9946.88619801146,"balance_after_usd":9945.086057981453,"decision":"ALLOW_CAPPED","cert_hash":"6661a592b908adb145a855b5f686ee30f45f7b86b23646df4eea3cf329978415","prev_hash":"4b3890807caf39c135136421fa4e33abbac82e5838ce0436b5b96097e8721e2a","record_hash":"1cd35195293fd142f607cb4fda7d34029ee8fd1e4bb41750c3b884974099e390","signature_hex":"c2041b6de302e165aa06d272eaccc998ac391c17be32669b282a6d4044ed3b37ccd80638a1d9f915389025f832e3dea18eaede3016e27b83c9c87e34482fde0a","public_key_hex":"c2f8243b0d573587f285c830a868acd19249d17d59ecbf9329e796dfed6fb630"}
{"seq":17,"ts":1778590800000,"agent_id":"baseline-momentum","symbol":"BTCUSDT","side":"sell","price":80407.87200864,"quantity":0.024873186543042648,"notional_usd":2000.0,"fee_usd":1.2,"balance_before_usd":9940.310672929229,"balance_after_usd":9938.510532899221,"decision":"ALLOW_CAPPED","cert_hash":"fd09307d8c2d334125d9c88807263c2d9bf18d0bbcda22c67fe653139d2212ef","prev_hash":"1cd35195293fd142f607cb4fda7d34029ee8fd1e4bb41750c3b884974099e390","record_hash":"b3307841dc4c90c477c08f3afbed0125848dfef30e54fd553991bbe87bcd5db8","signature_hex":"d200cc530ae99fade21bf7ab5bef9eea30c2f6d4465a533fa9fa95cc4b998d087d237283e8872b6bb2eca2bdd57ee199ac23f5fcf628703b82cd498e4ded2004","public_key_hex":"c2f8243b0d573587f285c830a868acd19249d17d59ecbf9329e796dfed6fb630"}
{"seq":18,"ts":1778594400000,"agent_id":"baseline-momentum","symbol":"BTCUSDT","side":"sell","price":80484.14912016601,"quantity":0.02484961351848202,"notional_usd":2000.0,"fee_usd":1.2,"balance_before_usd":9937.500097659033,"balance_after_usd":9935.699957629027,"decision":"ALLOW_CAPPED","cert_hash":"68eca1a603d802c24adf8b7e0ec663dc75d3b412249c0e966c803e00154ddb84","prev_hash":"b3307841dc4c90c477c08f3afbed0125848dfef30e54fd553991bbe87bcd5db8","record_hash":"559f9f07e1117cb8d6f6c0c8269d9e05d2cdd1cc28629e5ba0a345d67af623e7","signature_hex":"53b98da350c7b860cdf81284d471c70eb10b3b87c4b11ea9a92ca6db7e413e8a3c96a85f1ac00d6ba8007685640a787dbb857101453bf0c44f0f883dd2cf220a","public_key_hex":"c2f8243b0d573587f285c830a868acd19249d17d59ecbf9329e796dfed6fb630"}
{"seq":19,"ts":1778598000000,"agent_id":"baseline-momentum","symbol":"BTCUSDT","side":"sell","price":80276.3609240128,"quantity":0.023829937878110472,"notional_usd":1912.9806939,"fee_usd":1.14778841634,"balance_before_usd":9943.630824319633,"balance_after_usd":9941.917335197235,"decision":"ALLOW","cert_hash":"d7be6ac7b2ff2fb5955a7bce31fc50f6b8ab465715008d873ed4a6508d222bd9","prev_hash":"559f9f07e1117cb8d6f6c0c8269d9e05d2cdd1cc28629e5ba0a345d67af623e7","record_hash":"2b9cdf55cdacae965ccd124823b9a34bbed78b5f630c098d459f40dd0d07b785","signature_hex":"92507aa457444a971be22de01789536dd62bd6487da7193af0107198347654c3fc945d330784495b0a349d8fb4129ea6291b4093aabcf92a31f209bbfebb0405","public_key_hex":"c2f8243b0d573587f285c830a868acd19249d17d59ecbf9329e796dfed6fb630"}
{"seq":20,"ts":1778662800000,"agent_id":"baseline-momentum","symbol":"BTCUSDT","side":"buy","price":81274.276594998,"quantity":0.024608032009516397,"notional_usd":2000.0,"fee_usd":1.2,"balance_before_usd":9883.103366335396,"balance_after_usd":9881.303506305401,"decision":"ALLOW_CAPPED","cert_hash":"e8919cabb1f3ed36af77cbc87d97f7af6d4b3c585306c4ecbaacf1a38f193a87","prev_hash":"2b9cdf55cdacae965ccd124823b9a34bbed78b5f630c098d459f40dd0d07b785","record_hash":"adbfb52c2e7b47c39f4dc55ddb9a2efcddd235d31428e20c86056d2afb6af7e3","signature_hex":"d422361be9e581716fe633ae6363178a964924b93b12e501e9bb2441b1e1dce4c35b2bd204160edb190df3eb8dd9ebdf22cdc549de6290df3c79e74d93b36001","public_key_hex":"c2f8243b0d573587f285c830a868acd19249d17d59ecbf9329e796dfed6fb630"}
{"seq":21,"ts":1778677200000,"agent_id":"baseline-momentum","symbol":"BTCUSDT","side":"sell","price":79609.11425100813,"quantity":0.025114679643036993,"notional_usd":1999.35740108,"fee_usd":1.199614440648,"balance_before_usd":9941.637232763309,"balance_after_usd":9939.837735388697,"decision":"ALLOW","cert_hash":"a9006b2074cc97449c186ec00d7cabc119a472ff9a5634f0db3422f8101a8168","prev_hash":"adbfb52c2e7b47c39f4dc55ddb9a2efcddd235d31428e20c86056d2afb6af7e3","record_hash":"6483c02515822e964cf84b25133a1143693038f7fadce58e25765bc88abd4ea6","signature_hex":"7d8a7a9b601477d6e68d68c8dd0a163f7caf2b762a51c2b9cd35c08e3d1d3c59ffaef3aa6dd42d44a8f6a06aa7bcbbbabeb99f4d0a2a7aba9a0d3899168be008","public_key_hex":"c2f8243b0d573587f285c830a868acd19249d17d59ecbf9329e796dfed6fb630"}
{"seq":22,"ts":1778760000000,"agent_id":"baseline-momentum","symbol":"BTCUSDT","side":"buy","price":79755.42104463,"quantity":0.025076665307563587,"notional_usd":2000.0,"fee_usd":1.2,"balance_before_usd":9933.688466590804,"balance_after_usd":9931.88860656081,"decision":"ALLOW_CAPPED","cert_hash":"52c25747a02503bbfc844af1e0a8f5b35fa4447cb5e6c5383b8c3a6cefb2ffc2","prev_hash":"6483c02515822e964cf84b25133a1143693038f7fadce58e25765bc88abd4ea6","record_hash":"cc838557b41b7068be3900a66ef120efd34583a31cd10d29c2941ae196c982b3","signature_hex":"a64af8ea50864d19614777fc374b3e8b01f7551ebf54a4fdb67e59189932b445c087fab995fb487e89c466c18f836fb122fa7d817de23d448ee197996031560f","public_key_hex":"c2f8243b0d573587f285c830a868acd19249d17d59ecbf9329e796dfed6fb630"}
{"seq":23,"ts":1778767200000,"agent_id":"baseline-momentum","symbol":"BTCUSDT","side":"buy","price":80932.874198172,"quantity":0.024711837060213702,"notional_usd":2000.0,"fee_usd":1.2,"balance_before_usd":9887.92102643139,"balance_after_usd":9886.121166401395,"decision":"ALLOW_CAPPED","cert_hash":"dd7ecb5b5ad32a3108ad1d40156a99af0b9c8de8b3d359c81fc22287d0aff7b8","prev_hash":"cc838557b41b7068be3900a66ef120efd34583a31cd10d29c2941ae196c982b3","record_hash":"34404b1571dad8153b241b87fecafb9a11b638e991de04d2bdb3208044312ecc","signature_hex":"7975243d954736841743ce2f7bb4382930b8b43d70014e1021faba0bbb5dbc012f689c2d043fbf9a09fd46ba17fe55fd7fb56657647174dda915b2aa21b43903","public_key_hex":"c2f8243b0d573587f285c830a868acd19249d17d59ecbf9329e796dfed6fb630"}
{"seq":24,"ts":1778770800000,"agent_id":"baseline-momentum","symbol":"BTCUSDT","side":"buy","price":81256.87137465,"quantity":0.024613303049518434,"notional_usd":2000.0,"fee_usd":1.2,"balance_before_usd":9882.026868778848,"balance_after_usd":9880.227008748854,"decision":"ALLOW_CAPPED","cert_hash":"4c24604ef7bbc36e972fb38c40fa986702cb22ef94f1deb3b774a31b7a742248","prev_hash":"34404b1571dad8153b241b87fecafb9a11b638e991de04d2bdb3208044312ecc","record_hash":"a7244c0d38727adf63389ff4440485cee8c248383f61e1069d7d9a1d0c0ce80a","signature_hex":"40aabb04be4258b1f508c85332e17ec9399e8c1169b1b6eb332f871a16be40efc8b717491ebfa9e6efb6202b505d3ca1dcf2119454de903622819fcdab7bab0e","public_key_hex":"c2f8243b0d573587f285c830a868acd19249d17d59ecbf9329e796dfed6fb630"}
{"seq":25,"ts":1778774400000,"agent_id":"baseline-momentum","symbol":"BTCUSDT","side":"buy","price":81853.75039658399,"quantity":0.024433822400439044,"notional_usd":2000.0,"fee_usd":1.2,"balance_before_usd":9887.371107242338,"balance_after_usd":9885.571247212345,"decision":"ALLOW_CAPPED","cert_hash":"2db6acaf5ff8dbdafb1e0d28505db97cb33ce4527f456fd927b2153e26b0aacc","prev_hash":"a7244c0d38727adf63389ff4440485cee8c248383f61e1069d7d9a1d0c0ce80a","record_hash":"a6c5c1094d1d8e510ec0b7fb4ee7912fba937da0f9265a9fc61c724dcd7e2b96","signature_hex":"3ad912eed8b966c2131e5e62382ea1849f9056cc29dd284e221ae3008a825b9df68d536c175edd3ef198fe526edc17a26c0e71b933208d97507f1caaa7f6df0c","public_key_hex":"c2f8243b0d573587f285c830a868acd19249d17d59ecbf9329e796dfed6fb630"}
{"seq":26,"ts":1778778000000,"agent_id":"baseline-momentum","symbol":"BTCUSDT","side":"buy","price":81652.4567149717,"quantity":0.02409396317170788,"notional_usd":1967.33128497,"fee_usd":1.180398770982,"balance_before_usd":9878.249899465878,"balance_after_usd":9876.482650901384,"decision":"ALLOW","cert_hash":"a244d603ca9a0ea45f0df4b5466bc5eed80027302a71a78d1928429e9b303101","prev_hash":"a6c5c1094d1d8e510ec0b7fb4ee7912fba937da0f9265a9fc61c724dcd7e2b96","record_hash":"2fe7ae179c903f9ad2fb33a500e4bbbb25ac39aa65afbd5e56cfa33f5c141695","signature_hex":"3c955474c4e40eda63c0b574a13df436751220b4f9ce452fc3effdb01a78b3b1c540c310c7ccf596918f6a7cfe1de0f2a645331c1792414644828bb7f9953d0f","public_key_hex":"c2f8243b0d573587f285c830a868acd19249d17d59ecbf9329e796dfed6fb630"}
{"seq":27,"ts":1778842800000,"agent_id":"baseline-momentum","symbol":"BTCUSDT","side":"sell","price":80565.72464179799,"quantity":0.02482445244416492,"notional_usd":2000.0,"fee_usd":1.2,"balance_before_usd":9813.671066957191,"balance_after_usd":9811.870926927186,"decision":"ALLOW_CAPPED","cert_hash":"7ef0e6d4a03634adeae8ca09838c985c5a58d47a20979dd2a6c81aafa6a64d1c","prev_hash":"2fe7ae179c903f9ad2fb33a500e4bbbb25ac39aa65afbd5e56cfa33f5c141695","record_hash":"8ed9bd7648bfd41b4774d9f12e250fecd54b89238419552f34f3e076272a94cf","signature_hex":"ad703264a851d24f255847b6fb1a9346f840a50478cdb63aefc35c79a9eea7f6d14aa9b8513d4635cc42ae1e792624562b35d43eb10842a072eb00f47a535101","public_key_hex":"c2f8243b0d573587f285c830a868acd19249d17d59ecbf9329e796dfed6fb630"}
{"seq":28,"ts":1778846400000,"agent_id":"baseline-momentum","symbol":"BTCUSDT","side":"sell","price":80325.69666699601,"quantity":0.0248986324798569,"notional_usd":2000.0,"fee_usd":1.2,"balance_before_usd":9803.30511603936,"balance_after_usd":9801.504976009353,"decision":"ALLOW_CAPPED","cert_hash":"37bad5ed577e0f0eebc368c6456b83ca7a955f74ff3318dbfc33c146171c6c33","prev_hash":"8ed9bd7648bfd41b4774d9f12e250fecd54b89238419552f34f3e076272a94cf","record_hash":"9db4c88dbf47180f29c445a67b130999253265da2cc02535d14a15ca140659c6","signature_hex":"eebd9b673b3819a1e29b277798e604e042406244c226de989515b3809b2beab7e820942a7fa228ad0509e1b7b589ed1d5bd1cc50d19ce2238915e40cfb063001","public_key_hex":"c2f8243b0d573587f285c830a868acd19249d17d59ecbf9329e796dfed6fb630"}
{"seq":29,"ts":1778850000000,"agent_id":"baseline-momentum","symbol":"BTCUSDT","side":"sell","price":78707.88212463,"quantity":0.025410415653582187,"notional_usd":2000.0,"fee_usd":1.2,"balance_before_usd":9784.06393999121,"balance_after_usd":9782.263799961205,"decision":"ALLOW_CAPPED","cert_hash":"756cb8efb5d66c16a90991df30176a6c37e8ec3cde76db827ca7e9516629afaa","prev_hash":"9db4c88dbf47180f29c445a67b130999253265da2cc02535d14a15ca140659c6","record_hash":"26a35aca114728a2ca3afdfd22000cf033809f115f9022f163c0e364dd071b66","signature_hex":"fe4f8fad7f05d40b81d4adcf92c0d515f0d2bde4b4742989d2fa8e549be7733590157f52aaf46ecbee2bb8a14aac3ce28604ebd18df32bedd7da03e5e7940e03","public_key_hex":"c2f8243b0d573587f285c830a868acd19249d17d59ecbf9329e796dfed6fb630"}
{"seq":30,"ts":1778853600000,"agent_id":"baseline-momentum","symbol":"BTCUSDT","side":"sell","price":79098.66486244799,"quantity":0.025284876849413145,"notional_usd":2000.0,"fee_usd":1.2,"balance_before_usd":9776.543746798658,"balance_after_usd":9774.74360676865,"decision":"ALLOW_CAPPED","cert_hash":"b3fea98032fe2f1cfaf4288f329bd4a2e976f17b59766b11e7904da67e9a63e6","prev_hash":"26a35aca114728a2ca3afdfd22000cf033809f115f9022f163c0e364dd071b66","record_hash":"e5ef9900d8294f8318a91823266ac61f88498f8bc0eacbc92542f0f213ad9f77","signature_hex":"fa2c6becb037efff8acde7cb82b2aa125f2d2a8beedd9a4b6733dcd2e895190b083f42de9f837564d535a892cdb5592ff8d47f8594c61765fb7177096a473e0b","public_key_hex":"c2f8243b0d573587f285c830a868acd19249d17d59ecbf9329e796dfed6fb630"}
{"seq":31,"ts":1778857200000,"agent_id":"baseline-momentum","symbol":"BTCUSDT","side":"sell","price":79108.03656777623,"quantity":0.021849535852266042,"notional_usd":1728.47388119,"fee_usd":1.037084328714,"balance_before_usd":9774.412288104948,"balance_after_usd":9772.880018301326,"decision":"ALLOW","cert_hash":"a320e64aeb7adfdd4985cfbc5b2b6fa1aaf094a62685c137f84c0d09194c5e8d","prev_hash":"e5ef9900d8294f8318a91823266ac61f88498f8bc0eacbc92542f0f213ad9f77","record_hash":"92d6b6c5d0c2bc5e0fb15b5c243158fa33e957728a39553e05c0e2ab1c916902","signature_hex":"f20d5ba7e7bc0efcb817f29244d5b586f237291682e0f5f7e2022832643f23a3a4ea57f71d765c6fa19f9571fb7c25e131a0181d96cfd5869b7a5c1cc856d703","public_key_hex":"c2f8243b0d573587f285c830a868acd19249d17d59ecbf9329e796dfed6fb630"}
{"seq":32,"ts":1779051600000,"agent_id":"baseline-momentum","symbol":"BTCUSDT","side":"buy","price":78394.51286742001,"quantity":0.02551198963864192,"notional_usd":2000.0,"fee_usd":1.2,"balance_before_usd":9819.804747894765,"balance_after_usd":9818.00488786477,"decision":"ALLOW_CAPPED","cert_hash":"1b73b354137bf4e3df101ad6d179a396294526a7a3ced8cb1e1617c32373e243","prev_hash":"92d6b6c5d0c2bc5e0fb15b5c243158fa33e957728a39553e05c0e2ab1c916902","record_hash":"d421442d26f3b7604652cef610ca6e6d1986ec82348cd997e43788c5de7a133e","signature_hex":"36bfccf3751e2d15d4afb44e2adee0b352f20c8d18b10484bfc9b3639504e4e55a7e51beca73fb10c37878aaf4ca280a8f5a23224bf50af33030f9adfffeed0d","public_key_hex":"c2f8243b0d573587f285c830a868acd19249d17d59ecbf9329e796dfed6fb630"}
{"seq":33,"ts":1779062400000,"agent_id":"baseline-momentum","symbol":"BTCUSDT","side":"sell","price":77157.047483604,"quantity":0.025921157758466633,"notional_usd":2000.0,"fee_usd":1.2,"balance_before_usd":9861.177886659238,"balance_after_usd":9859.37774662923,"decision":"ALLOW_CAPPED","cert_hash":"ef6accac66949ce78fc8ba3a6fb5c54c11274d2419d98bc31175edd9acd5272c","prev_hash":"d421442d26f3b7604652cef610ca6e6d1986ec82348cd997e43788c5de7a133e","record_hash":"24e0d60beb42a5b659b49d743d3bb95e96d377902263dedd784d31940ce9c07c","signature_hex":"18dcc8f0c8b6c1783c60ab0272a4de7eb182484ccca56c7bc29047847a2126a48fc25b5207bbc3b55a5c8125fc842cffcb91ffddc577c6b4eafd0fb51e383409","public_key_hex":"c2f8243b0d573587f285c830a868acd19249d17d59ecbf9329e796dfed6fb630"}
{"seq":34,"ts":1779112800000,"agent_id":"baseline-momentum","symbol":"BTCUSDT","side":"sell","price":76357.13898544692,"quantity":0.002699813895977567,"notional_usd":206.15006489,"fee_usd":0.12369003893399999,"balance_before_usd":9909.554275145163,"balance_after_usd":9909.387223355956,"decision":"ALLOW","cert_hash":"5cca05f36fa2aac39c1c5e23d5cdb860b0183fb2abcb046438f186a5bc1051fa","prev_hash":"24e0d60beb42a5b659b49d743d3bb95e96d377902263dedd784d31940ce9c07c","record_hash":"ad6ce0a995a0313719b85ad77a6a6b8ddeec0bf2f32f70116762ad2616a9f2f5","signature_hex":"2d836a8835c8febf51a753476b9db9bfa51a7791c19c145bce61fafe19a9824935b2ca5ec75981fd6b52a0c8812aca462350c2bf756bec2bc1358aa7102b7f09","public_key_hex":"c2f8243b0d573587f285c830a868acd19249d17d59ecbf9329e796dfed6fb630"}
{"seq":35,"ts":1779184800000,"agent_id":"baseline-momentum","symbol":"BTCUSDT","side":"buy","price":77031.504060168,"quantity":0.02596340321276648,"notional_usd":2000.0,"fee_usd":1.2,"balance_before_usd":9868.177715555203,"balance_after_usd":9866.377855525208,"decision":"ALLOW_CAPPED","cert_hash":"dd5189ec954f82ec255630f297cb50189fe5841a7cf0520e310d372674725631","prev_hash":"ad6ce0a995a0313719b85ad77a6a6b8ddeec0bf2f32f70116762ad2616a9f2f5","record_hash":"0b37a4bada365084fc43727c7491df1270ba2d6966a35e344f994c9c1923c694","signature_hex":"df7b7fdd6a668e73e1d9ac008b300567432ce2770901dfc3b5e03d2226abf0662e4bd032df05308ab6037f74129cd93aae21a60423448670b794094de2c5fc0a","public_key_hex":"c2f8243b0d573587f285c830a868acd19249d17d59ecbf9329e796dfed6fb630"}
{"seq":36,"ts":1779267600000,"agent_id":"baseline-momentum","symbol":"BTCUSDT","side":"buy","price":77469.135318918,"quantity":0.025816733228873397,"notional_usd":2000.0,"fee_usd":1.2,"balance_before_usd":9849.35340667445,"balance_after_usd":9847.553546644456,"decision":"ALLOW_CAPPED","cert_hash":"b284895bcf5363fcb4c16654f0834f2554400d1e5cceeff800675663fdfc64cb","prev_hash":"0b37a4bada365084fc43727c7491df1270ba2d6966a35e344f994c9c1923c694","record_hash":"ee4f6681b5d347e21309d4bf767ed8ac0ba01aee295a8d5708a11918ba6c657c","signature_hex":"b2dc747fee79f07cac048eefbdd0a8b7167cb3838599abeb16e6269fe36b60e12c3138fcaf2ff7af2a9e01efc7994492bcbfe787d7fe4b7a9cda06324b3a9304","public_key_hex":"c2f8243b0d573587f285c830a868acd19249d17d59ecbf9329e796dfed6fb630"}
{"seq":37,"ts":1779271200000,"agent_id":"baseline-momentum","symbol":"BTCUSDT","side":"buy","price":77495.043089436,"quantity":0.025808102302644395,"notional_usd":2000.0,"fee_usd":1.2,"balance_before_usd":9847.214352663119,"balance_after_usd":9845.414492633123,"decision":"ALLOW_CAPPED","cert_hash":"d233605b43c1b6fe5cd551e19014b0fcf3282cfb6ab47cbbe99672d483d51f7f","prev_hash":"ee4f6681b5d347e21309d4bf767ed8ac0ba01aee295a8d5708a11918ba6c657c","record_hash":"a2bf2a20aad5894b890e32a90d52e4e6ad9246b4217e3bca862ffaa43bc6dc44","signature_hex":"adb428a8895ddc8b843a963f6e122ef5640443521af4e804a45e300f862829bf243e6ed98981071b60b9ba70caf8bfedeb21030d24074d0c5fcdf75f287fd109","public_key_hex":"c2f8243b0d573587f285c830a868acd19249d17d59ecbf9329e796dfed6fb630"}
{"seq":38,"ts":1779274800000,"agent_id":"baseline-momentum","symbol":"BTCUSDT","side":"buy","price":77368.105016898,"quantity":0.025850445730358513,"notional_usd":2000.0,"fee_usd":1.2,"balance_before_usd":9843.801363996543,"balance_after_usd":9842.001503966549,"decision":"ALLOW_CAPPED","cert_hash":"3f06c87b77559ae9557f6d030b29fc909b3dd54f2edb2936c2f2adefc30b1a05","prev_hash":"a2bf2a20aad5894b890e32a90d52e4e6ad9246b4217e3bca862ffaa43bc6dc44","record_hash":"4c7b5ca49cbd2949ca4c9766e3c806bd5639c341dae79e191283b19675900cb0","signature_hex":"1cf41710d952244fac9f030e8ef3cf3eee40e6834bfaf450bd26c8c6b7c9b77fe41ca57c76afa4de6d542380c1cd3041c9d1663e16909d95cafc8d0a43335908","public_key_hex":"c2f8243b0d573587f285c830a868acd19249d17d59ecbf9329e796dfed6fb630"}
{"seq":39,"ts":1779278400000,"agent_id":"baseline-momentum","symbol":"BTCUSDT","side":"buy","price":77608.22017703755,"quantity":0.02491712490389205,"notional_usd":1933.77371572,"fee_usd":1.160264229432,"balance_before_usd":9851.268013919293,"balance_after_usd":9849.534153063305,"decision":"ALLOW","cert_hash":"f824f0481882b38b720b5d88439a7d88cbb673daca44ad23cebd51c5c2ad6a29","prev_hash":"4c7b5ca49cbd2949ca4c9766e3c806bd5639c341dae79e191283b19675900cb0","record_hash":"f073f6886d9f79c483d442766583ba7ce298f16962c256c9988fd8da3fc3b47a","signature_hex":"e7ba1dda5be0136cd5be1dfb43a3d5259ef44e932873a3327773c4768e9eb850fe6f0268aaf2c2d5d521f0f565abc4c48bbdd84e614f3ea070bba2386f958f0f","public_key_hex":"c2f8243b0d573587f285c830a868acd19249d17d59ecbf9329e796dfed6fb630"}
{"seq":40,"ts":1779408000000,"agent_id":"baseline-momentum","symbol":"BTCUSDT","side":"sell","price":77319.898616862,"quantity":0.025866562628469845,"notional_usd":2000.0,"fee_usd":1.2,"balance_before_usd":9834.16579511176,"balance_after_usd":9832.365655081754,"decision":"ALLOW_CAPPED","cert_hash":"a34b33b2121aac4de3f57d6d8f8e8f9a08c9acf335f9f815201d41a53241ee62","prev_hash":"f073f6886d9f79c483d442766583ba7ce298f16962c256c9988fd8da3fc3b47a","record_hash":"7035d26dfc5c8e0ec18650c42885766928022cbc4c1c2d3c7e4f414a65e9166f","signature_hex":"4518d16c009e4bb9a849c229ab5cf66e49fa33561ef6cc7e8f09e82978c2c7d076af73a5586c3ea93e301e14e7e2623c353f797993405d56bee1519a288aac00","public_key_hex":"c2f8243b0d573587f285c830a868acd19249d17d59ecbf9329e796dfed6fb630"}
{"seq":41,"ts":1779458400000,"agent_id":"baseline-momentum","symbol":"BTCUSDT","side":"sell","price":76728.97593504,"quantity":0.026065772097535,"notional_usd":2000.0,"fee_usd":1.2,"balance_before_usd":9810.132718602703,"balance_after_usd":9808.332578572696,"decision":"ALLOW_CAPPED","cert_hash":"09fd5303d4ee93cec8e97d9a18a60499b7d395d58b97196a858c1a3b4d9fcf08","prev_hash":"7035d26dfc5c8e0ec18650c42885766928022cbc4c1c2d3c7e4f414a65e9166f","record_hash":"c1776811e0c36b7f673a6f93471f74e675a64fc1143542eb01100d91b90e7797","signature_hex":"f0416553702b0b9abb9147a59e2f5c8160e98043c16b977d25f7157ed1952ed9441c74e68a236d7c2368e5a90c5b479a739a5a4a87f7bd37558ef2652caaa705","public_key_hex":"c2f8243b0d573587f285c830a868acd19249d17d59ecbf9329e796dfed6fb630"}
{"seq":42,"ts":1779462000000,"agent_id":"baseline-momentum","symbol":"BTCUSDT","side":"sell","price":76749.06990544201,"quantity":0.026058947717074378,"notional_usd":2000.0,"fee_usd":1.2,"balance_before_usd":9808.56467418715,"balance_after_usd":9806.764534157142,"decision":"ALLOW_CAPPED","cert_hash":"f8b9dbfe334958316ac0dc9576d8d2bc9484a90a669fb95626e036ee8daf0b65","prev_hash":"c1776811e0c36b7f673a6f93471f74e675a64fc1143542eb01100d91b90e7797","record_hash":"e3f06cc44a47ace0057330256b4c0dd2cf5dfea392d970a34ce8fd1a9fcb6f20","signature_hex":"87c491547489f3da12be5da09fcdb839e0c06c645221c2284ce7be35e9ae2b9883264e3dd51d90375555dda4232c64d4c6794a126c89359a5f19d9620bc25f0a","public_key_hex":"c2f8243b0d573587f285c830a868acd19249d17d59ecbf9329e796dfed6fb630"}
{"seq":43,"ts":1779465600000,"agent_id":"baseline-momentum","symbol":"BTCUSDT","side":"sell","price":76900.92433848,"quantity":0.02600748973051331,"notional_usd":2000.0,"fee_usd":1.2,"balance_before_usd":9804.560176209636,"balance_after_usd":9802.760036179629,"decision":"ALLOW_CAPPED","cert_hash":"d0c3324c766149890f6443cc54ccf3561e2a4d83756486a3a53c5cb865c72e68","prev_hash":"e3f06cc44a47ace0057330256b4c0dd2cf5dfea392d970a34ce8fd1a9fcb6f20","record_hash":"50f2058dcd10e6853b77f3dbca55d86d29e0a91140d15b37d1cf9fea4d6d35c6","signature_hex":"af1180730102e54198af518f1e3a33d5595275d28a1ed07b102d2840f07fe54c74b8f958db3b72e628d1697e55b037c27c247944541c98c3dea65e8c708e190c","public_key_hex":"c2f8243b0d573587f285c830a868acd19249d17d59ecbf9329e796dfed6fb630"}
{"seq":44,"ts":1779469200000,"agent_id":"baseline-momentum","symbol":"BTCUSDT","side":"sell","price":76710.76394482222,"quantity":0.023413599669427233,"notional_usd":1796.07511734,"fee_usd":1.077645070404,"balance_before_usd":9810.49924004254,"balance_after_usd":9808.900968877977,"decision":"ALLOW","cert_hash":"f652b7a01129d0298ae5a525de5ec5d3eac69f5c1ad69e28317e99189c82677a","prev_hash":"50f2058dcd10e6853b77f3dbca55d86d29e0a91140d15b37d1cf9fea4d6d35c6","record_hash":"1fdb3e6e5223e3cb4cd739efa1621bdb338a1f38cc2dd41bc554c4fabd9438da","signature_hex":"444df40179ebf18d100a15f786a867769d30621b4e875aaf41152a7b120467a342e73688f58707f284b96b2985d95e795b4b977c32bc79e788447ea40005ce04","public_key_hex":"c2f8243b0d573587f285c830a868acd19249d17d59ecbf9329e796dfed6fb630"}
{"seq":45,"ts":1779519600000,"agent_id":"baseline-momentum","symbol":"BTCUSDT","side":"sell","price":74547.31730793824,"quantity":0.0027738372555491087,"notional_usd":206.78212605,"fee_usd":0.12406927562999999,"balance_before_usd":9947.635560697372,"balance_after_usd":9947.467990186235,"decision":"ALLOW","cert_hash":"e83b4765c699e78db1b65349173603a3d5cb59d5e785ed811d90967618e04a85","prev_hash":"1fdb3e6e5223e3cb4cd739efa1621bdb338a1f38cc2dd41bc554c4fabd9438da","record_hash":"1a484209691d1caaeca8cca20d8e829f6e8c0c4ed65a29cfff40fa813d0fb70d","signature_hex":"ee7968203402635a43fca18d8dab8b7082ffe40b74b0b8bfa8e379e8ad62004cfce5a0c7eea1a29cd4e8ded5a8b69e66fe726fff6380c268c0cd31eb1a5f0601","public_key_hex":"c2f8243b0d573587f285c830a868acd19249d17d59ecbf9329e796dfed6fb630"}
{"seq":46,"ts":1779566400000,"agent_id":"baseline-momentum","symbol":"BTCUSDT","side":"buy","price":77256.07141465798,"quantity":0.025887932991898614,"notional_usd":2000.0,"fee_usd":1.2,"balance_before_usd":9769.36742776649,"balance_after_usd":9767.567567736496,"decision":"ALLOW_CAPPED","cert_hash":"6358fdb825d978698d85ec7aec11c775405aa2cd1884b080a46527028f11114e","prev_hash":"1a484209691d1caaeca8cca20d8e829f6e8c0c4ed65a29cfff40fa813d0fb70d","record_hash":"7462d48fb2ee9444f086d418543fb8b77133ec5252c59d1047dbc622b2d0f25a","signature_hex":"d5e06cf80d941a58a8b385973b4a56de8719fc342a964842c396e9341d73187a699eb0752984dd31f4bdf292be75207ed70d86179b495030566c48b547cfcb0c","public_key_hex":"c2f8243b0d573587f285c830a868acd19249d17d59ecbf9329e796dfed6fb630"}
{"seq":47,"ts":1779570000000,"agent_id":"baseline-momentum","symbol":"BTCUSDT","side":"buy","price":76789.93160533799,"quantity":0.026045081147864593,"notional_usd":2000.0,"fee_usd":1.2,"balance_before_usd":9786.589173219136,"balance_after_usd":9784.789313189141,"decision":"ALLOW_CAPPED","cert_hash":"0c0c89b3c35e180d97dacd78e574b565eb3540d4e8f81c2c9b6702c5e7ddec2e","prev_hash":"7462d48fb2ee9444f086d418543fb8b77133ec5252c59d1047dbc622b2d0f25a","record_hash":"0f56bb80699dbe8bf958bb2f20125f5f0a7244120f80af6306e5743708bd92ea","signature_hex":"04d9705140e7a286596b194c0a56b0394aff42db63eb30db685907ff1b3ab9f19591bcab1e6a85447dac447d8788ffe278e2e507a1928b8591a66222578f7200","public_key_hex":"c2f8243b0d573587f285c830a868acd19249d17d59ecbf9329e796dfed6fb630"}
{"seq":48,"ts":1779573600000,"agent_id":"baseline-momentum","symbol":"BTCUSDT","side":"buy","price":76560.062660742,"quantity":0.026123280604700285,"notional_usd":2000.0,"fee_usd":1.2,"balance_before_usd":9788.184335815848,"balance_after_usd":9786.384475785853,"decision":"ALLOW_CAPPED","cert_hash":"c0d4cb203e7321135dbe29af4f07bb2026885207d1bacdf01e670970a7b8c6dc","prev_hash":"0f56bb80699dbe8bf958bb2f20125f5f0a7244120f80af6306e5743708bd92ea","record_hash":"7be787a77c83b2dc8290d93d9df7abb9fecd0b5faa2d20114ea0c2b2f25e357f","signature_hex":"ede1d2e6a4cb86dac81de1a271451e63606fa34c8923cff8e21692c7c5569d780e4691bdd984d0db7a8ceeeb0ffdd96e26a734252640ee12c7a7a7082d07cd03","public_key_hex":"c2f8243b0d573587f285c830a868acd19249d17d59ecbf9329e796dfed6fb630"}
{"seq":49,"ts":1779577200000,"agent_id":"baseline-momentum","symbol":"BTCUSDT","side":"buy","price":76724.411954028,"quantity":0.026067322629965115,"notional_usd":2000.0,"fee_usd":1.2,"balance_before_usd":9788.249193027814,"balance_after_usd":9786.44933299782,"decision":"ALLOW_CAPPED","cert_hash":"f029b63bac34180771b98835f69789f9a4c9fd77d5a666e4c55b259543f78410","prev_hash":"7be787a77c83b2dc8290d93d9df7abb9fecd0b5faa2d20114ea0c2b2f25e357f","record_hash":"5fb76c85463107b0d424a9560192978c2ff4545d3da2db82cb98d48f89f14f57","signature_hex":"71eeb9cd24457be64dc25912c517dcad811436926aa35c8ab5e536bde9692c06bd9d7cd722bfb7886b7f0628e74cf91f819ce2780f1bd8efff3ef0b38377ca0f","public_key_hex":"c2f8243b0d573587f285c830a868acd19249d17d59ecbf9329e796dfed6fb630"}
{"seq":50,"ts":1779580800000,"agent_id":"baseline-momentum","symbol":"BTCUSDT","side":"buy","price":76819.940605938,"quantity":0.026034906877361017,"notional_usd":2000.0,"fee_usd":1.2,"balance_before_usd":9790.022636299287,"balance_after_usd":9788.222776269293,"decision":"ALLOW_CAPPED","cert_hash":"9342d97192572d41ae4b40c826a6fd75a662d9db1e639718f3b3497b7e4cbcd7","prev_hash":"5fb76c85463107b0d424a9560192978c2ff4545d3da2db82cb98d48f89f14f57","record_hash":"9f4b84bab1c3010af91e74a8c64edb865c3ecb4f0b78cdcc18ba3611b5bd6812","signature_hex":"27f98e72e869ee04c29de755472fcddb7208977fd66da18c683cd5a04d612d8436779897afdcfdfc8191a855852ae68e59904868ed986f6fad6c60a9543e5900","public_key_hex":"c2f8243b0d573587f285c830a868acd19249d17d59ecbf9329e796dfed6fb630"}
{"seq":51,"ts":1779638400000,"agent_id":"baseline-momentum","symbol":"BTCUSDT","side":"sell","price":76618.709022834,"quantity":0.02610328502668921,"notional_usd":2000.0,"fee_usd":1.2,"balance_before_usd":9778.375073147188,"balance_after_usd":9776.574933117181,"decision":"ALLOW_CAPPED","cert_hash":"174daf9a4f9caf9cecb76f7c269961e809fc13ae4e9745654f101095acec9197","prev_hash":"9f4b84bab1c3010af91e74a8c64edb865c3ecb4f0b78cdcc18ba3611b5bd6812","record_hash":"7caee8d245d5f23267a5b72206c8ae44cddc430fa49f938e54dbf43540a5d3fd","signature_hex":"3dba2283948972864987ccfeb06bb5b255df2c37f1e098c0491cf862ec1b1788acc8d3f82291f687d3070a3b672a0a62932c5c82f6fb46e973ebf7f64aaef306","public_key_hex":"c2f8243b0d573587f285c830a868acd19249d17d59ecbf9329e796dfed6fb630"}
{"seq":52,"ts":1779656400000,"agent_id":"baseline-momentum","symbol":"BTCUSDT","side":"sell","price":76076.17182198001,"quantity":0.026289440597511215,"notional_usd":2000.0,"fee_usd":1.2,"balance_before_usd":9756.30595082148,"balance_after_usd":9754.505810791474,"decision":"ALLOW_CAPPED","cert_hash":"81c80495aa7b969573692db131bf37cfae95ad93099019967e0a14e7e9d07183","prev_hash":"7caee8d245d5f23267a5b72206c8ae44cddc430fa49f938e54dbf43540a5d3fd","record_hash":"039d7d598e7abb49829487606f78343e9bf798effd88b64d5c91caed8d14891d","signature_hex":"8d40d4117692d5774266cc35fac67e582c963a35c3d94ed892443cfba15c0ddb14210cbda354f3da27373ec8448764454bad69a6a89b3a607c6a6bf2fc65020c","public_key_hex":"c2f8243b0d573587f285c830a868acd19249d17d59ecbf9329e796dfed6fb630"}
{"seq":53,"ts":1779699600000,"agent_id":"baseline-momentum","symbol":"BTCUSDT","side":"buy","price":77577.967961094,"quantity":0.025780515429368,"notional_usd":2000.0,"fee_usd":1.2,"balance_before_usd":9770.604353056837,"balance_after_usd":9768.804493026844,"decision":"ALLOW_CAPPED","cert_hash":"bbd17212af2aeb70f18f3ea0b5c3af5cd57d859ff827473ce6bde267b94b2ad5","prev_hash":"039d7d598e7abb49829487606f78343e9bf798effd88b64d5c91caed8d14891d","record_hash":"a990333178d04e8ec14d6dd95cc02cbc1221fb6877a6d0d4f75a604bd6f5a558","signature_hex":"15da911e2c0dfd84c4f66197f619fcf6ef4c51e0a0fb1ead6b8a5f762e8973810ecfba3508c8e032c7d9ccd6d41ac5e03e01dbaa9f2213975c5eb4a22931250b","public_key_hex":"c2f8243b0d573587f285c830a868acd19249d17d59ecbf9329e796dfed6fb630"}
{"seq":54,"ts":1779703200000,"agent_id":"baseline-momentum","symbol":"BTCUSDT","side":"buy","price":77513.348579802,"quantity":0.025802007481859054,"notional_usd":2000.0,"fee_usd":1.2,"balance_before_usd":9766.424662284244,"balance_after_usd":9764.624802254251,"decision":"ALLOW_CAPPED","cert_hash":"d6079f7a22c2a2c7845cf1c6dfe6425ab8c558691d823304a85ae52be7a565fb","prev_hash":"a990333178d04e8ec14d6dd95cc02cbc1221fb6877a6d0d4f75a604bd6f5a558","record_hash":"712d64afc16b0a4b42645f84d60b5f61fe1de4c6bb8de1e695791058ee4e57bd","signature_hex":"a8b2f868e90c057bac5e6d5f169944339cc30e3f0109af328315b9f4ce128881ac57deff2fbf8a90697511303954b1e13cf9a9cbe81ccf286c996f7e8400b20c","public_key_hex":"c2f8243b0d573587f285c830a868acd19249d17d59ecbf9329e796dfed6fb630"}
{"seq":55,"ts":1779753600000,"agent_id":"baseline-momentum","symbol":"BTCUSDT","side":"sell","price":76731.57515509201,"quantity":0.026064889140585787,"notional_usd":2000.0,"fee_usd":1.2,"balance_before_usd":9718.551984401773,"balance_after_usd":9716.751844371767,"decision":"ALLOW_CAPPED","cert_hash":"4e4262196529b977e269aa0798e49f9795ab42929a93407b4583325beb2b7034","prev_hash":"712d64afc16b0a4b42645f84d60b5f61fe1de4c6bb8de1e695791058ee4e57bd","record_hash":"ff46f51c4357a76aa5e2dd855644cf813a3ff386fe639341d144bae70b65fe08","signature_hex":"59a6a081446c117b8353d62ad9221453a2880da7a9740a50eaa7091753e0d162a28dd7981868e99693d201b7942744f76719a62c3034685c684ed225609e020c","public_key_hex":"c2f8243b0d573587f285c830a868acd19249d17d59ecbf9329e796dfed6fb630"}
{"seq":56,"ts":1779757200000,"agent_id":"baseline-momentum","symbol":"BTCUSDT","side":"sell","price":76699.084904442,"quantity":0.026075930403755974,"notional_usd":2000.0,"fee_usd":1.2,"balance_before_usd":9715.563104757339,"balance_after_usd":9713.762964727333,"decision":"ALLOW_CAPPED","cert_hash":"ab63ac789a75ead6a2b55344d167437d957d4b77ba4d3116f1796799e2f23c45","prev_hash":"ff46f51c4357a76aa5e2dd855644cf813a3ff386fe639341d144bae70b65fe08","record_hash":"a8d2d928bc9c8cf4eae40556d40e58dcdd14457ea9bda5ed14eae179d92785ba","signature_hex":"a48e4f24da4a8a107780cdf1a07fea5ee362d52039be03aa3fb7cac9380080a4f95e86b2097855c156f93a62cd94cb4cfdcd62158c52a793b6464ffc9826310a","public_key_hex":"c2f8243b0d573587f285c830a868acd19249d17d59ecbf9329e796dfed6fb630"}
{"seq":57,"ts":1779760800000,"agent_id":"baseline-momentum","symbol":"BTCUSDT","side":"sell","price":76606.912562598,"quantity":0.026107304590375382,"notional_usd":2000.0,"fee_usd":1.2,"balance_before_usd":9712.794802665938,"balance_after_usd":9710.99466263593,"decision":"ALLOW_CAPPED","cert_hash":"a631096a02186836c3b04886df7caf6ccd80ae78f81fb153cc0303619abf4923","prev_hash":"a8d2d928bc9c8cf4eae40556d40e58dcdd14457ea9bda5ed14eae179d92785ba","record_hash":"381202136a65514cd45d8d9e8bc6c6662c4ad35c69e8d4e87438e9383974e0a6","signature_hex":"2be44bd20c7efa1b930e03ff9c68df7aafca5f318e84d9e0630bec0f6ea9c92b9a1dcdc7df5f66a1b9bc640fb7f542a8ec5a91046693f39ddd85ff2f87270801","public_key_hex":"c2f8243b0d573587f285c830a868acd19249d17d59ecbf9329e796dfed6fb630"}
{"seq":58,"ts":1779764400000,"agent_id":"baseline-momentum","symbol":"BTCUSDT","side":"sell","price":76606.412712588,"quantity":0.026107474938209176,"notional_usd":2000.0,"fee_usd":1.2,"balance_before_usd":9711.002465951668,"balance_after_usd":9709.20232592166,"decision":"ALLOW_CAPPED","cert_hash":"7ecb3a694329c66e4ce55e2f643a7bd828e69818d473fbd07fe343ff750fa1b3","prev_hash":"381202136a65514cd45d8d9e8bc6c6662c4ad35c69e8d4e87438e9383974e0a6","record_hash":"400b42e393e86b1c5cf68c8c400db80ada379174e59b3cb246a9854298e468e4","signature_hex":"c87de4f0cfd2baaa5b9259a9772b9eff8aa16fc7f967ea65d837807e1b6df28466220a568a2c61ceec23e103111e53297a4985e59957ec04445cd6f441bf500c","public_key_hex":"c2f8243b0d573587f285c830a868acd19249d17d59ecbf9329e796dfed6fb630"}
{"seq":59,"ts":1779768000000,"agent_id":"baseline-momentum","symbol":"BTCUSDT","side":"sell","price":76692.81900885807,"quantity":0.021550249851151074,"notional_usd":1652.74941143,"fee_usd":0.9916496468580001,"balance_before_usd":9705.652455466041,"balance_after_usd":9704.193575043057,"decision":"ALLOW","cert_hash":"59ac19239d7d7debeb218c505d6c138fb4e6fe42fe86cbda0e65b2224cc5b862","prev_hash":"400b42e393e86b1c5cf68c8c400db80ada379174e59b3cb246a9854298e468e4","record_hash":"304c1bc4b42f4e7d86b9592eb8824548ed97a7f629df1d62c0f21b159697b130","signature_hex":"000190422ec6313e69b0e1dbf164c1988d49e18e7a395de57d6c015b75ae88dac712e03de89156261a26279712ac85004791a1f4dbc7484ed8fde0eab847bf05","public_key_hex":"c2f8243b0d573587f285c830a868acd19249d17d59ecbf9329e796dfed6fb630"}
{"seq":60,"ts":1779915600000,"agent_id":"baseline-momentum","symbol":"BTCUSDT","side":"sell","price":74429.2146118641,"quantity":0.002877640246332243,"notional_usd":214.18050347,"fee_usd":0.128508302082,"balance_before_usd":9847.77835801677,"balance_after_usd":9847.60471281051,"decision":"ALLOW","cert_hash":"c80390f62dc5c0ebcd306c634f873a63660ae2b26f19288d559be1b419ec64a8","prev_hash":"304c1bc4b42f4e7d86b9592eb8824548ed97a7f629df1d62c0f21b159697b130","record_hash":"301a246e529e597f6b29701521184a3ca73102732cd70785e28affa9cd528e14","signature_hex":"d58975ea5c383e7ee38067ab298694a3dfe28479175e938b69bfaa16724b010b9a6dd2d081ba85c6ad1ab33d70553e027f7adbe495ce028efc342037f1d9df0e","public_key_hex":"c2f8243b0d573587f285c830a868acd19249d17d59ecbf9329e796dfed6fb630"}
{"seq":61,"ts":1780016400000,"agent_id":"baseline-momentum","symbol":"BTCUSDT","side":"buy","price":73575.46749106799,"quantity":0.027182973730242335,"notional_usd":2000.0,"fee_usd":1.2,"balance_before_usd":9906.570302698266,"balance_after_usd":9904.770442668272,"decision":"ALLOW_CAPPED","cert_hash":"16c766f5cf4cec056757f0b619ff0a566f41147f9ba16599fe1f7b6d691cb374","prev_hash":"301a246e529e597f6b29701521184a3ca73102732cd70785e28affa9cd528e14","record_hash":"ff2389f8e4076f06b25185557f5031eec71afe9bf3c25d0da4f08033cdfe4db8","signature_hex":"6ebfbd844c317bf5243d589a171251baf0bc825fdb7d755c3dd2bc3b1c8423d1d7f8f9d75a3783dc1c9c51de2d1ad057f7d01b45778379e06e4d32e58668f20a","public_key_hex":"c2f8243b0d573587f285c830a868acd19249d17d59ecbf9329e796dfed6fb630"}
{"seq":62,"ts":1780045200000,"agent_id":"baseline-momentum","symbol":"BTCUSDT","side":"buy","price":73723.61192403,"quantity":0.027128350711586684,"notional_usd":2000.0,"fee_usd":1.2,"balance_before_usd":9899.000611394742,"balance_after_usd":9897.200751364746,"decision":"ALLOW_CAPPED","cert_hash":"607732a885d270969f33d335535e66f30f5fbb29ddad94fd693041993c2439f3","prev_hash":"ff2389f8e4076f06b25185557f5031eec71afe9bf3c25d0da4f08033cdfe4db8","record_hash":"2722dbff69f094b679b200c1efe46ef39167643c09bea8c5ae87dbb0f237060f","signature_hex":"41b37eeb1db2c59f4d2987be791203ce7f43e271881a3eb7fc7f979a3f4b043f270b02da6ae8178802e80490a5f8e87c5d858801c5f9c9b08fae2b02970fc302","public_key_hex":"c2f8243b0d573587f285c830a868acd19249d17d59ecbf9329e796dfed6fb630"}
{"seq":63,"ts":1780048800000,"agent_id":"baseline-momentum","symbol":"BTCUSDT","side":"buy","price":73621.08117198,"quantity":0.027166131876384274,"notional_usd":2000.0,"fee_usd":1.2,"balance_before_usd":9898.41339525163,"balance_after_usd":9896.613535221635,"decision":"ALLOW_CAPPED","cert_hash":"90ecb4fb754174661891c26aac486dfbf4898034d1a5a2720f75808245fcca6e","prev_hash":"2722dbff69f094b679b200c1efe46ef39167643c09bea8c5ae87dbb0f237060f","record_hash":"ccb33316f5b57dac6d26477cc284085687908409bb154ce83b41ebce7d380315","signature_hex":"2b9bf394fbc0561aefd786fb9addb4f6898d28e68dc18e69cd2e0c22acfc47e53a8cc878be0a01eaf9af7853cb72ac4b35672b5129de88580b77d5a4365b7f0d","public_key_hex":"c2f8243b0d573587f285c830a868acd19249d17d59ecbf9329e796dfed6fb630"}
{"seq":64,"ts":1780063200000,"agent_id":"baseline-momentum","symbol":"BTCUSDT","side":"sell","price":73044.58151133,"quantity":0.027380538824632438,"notional_usd":2000.0,"fee_usd":1.2,"balance_before_usd":9888.44740287322,"balance_after_usd":9886.647262843213,"decision":"ALLOW_CAPPED","cert_hash":"01f124f8e827e3d477e9eb831907ff372a4af9d742cd9dcb610f72f606fce35f","prev_hash":"ccb33316f5b57dac6d26477cc284085687908409bb154ce83b41ebce7d380315","record_hash":"b29fe62004ef0d0a578f870ea5f9671b73c34ed2696dd156635d13df44621969","signature_hex":"4401d3abc4b1bbd3ece008b726afdb83c5df3fb68c8faca20daa1a5dbcef6ca78bc2a531f4f999cac8d079497e1acac9be97f4a8d83e7852463dd04b541b9305","public_key_hex":"c2f8243b0d573587f285c830a868acd19249d17d59ecbf9329e796dfed6fb630"}
{"seq":65,"ts":1780160400000,"agent_id":"baseline-momentum","symbol":"BTCUSDT","side":"buy","price":73997.1939795,"quantity":0.0270280519090234,"notional_usd":2000.0,"fee_usd":1.2,"balance_before_usd":9875.70430855772,"balance_after_usd":9873.904448527726,"decision":"ALLOW_CAPPED","cert_hash":"735c88f61cb07e0b160af113ababf4e6e28324b5b6b5590e7634d946f6052795","prev_hash":"b29fe62004ef0d0a578f870ea5f9671b73c34ed2696dd156635d13df44621969","record_hash":"7c0cd377ceb69d49bd518f589cd819dfca5d359ce4c74ba86653163d153945b4","signature_hex":"bf3f2222153c04501e494465b19cfac0c13985ff731ef8d6899e4d2e5962581aff6772ddc0ca8568e1fb45b0ea9dc9b06fd2c3385496e9b4aa096df12782b402","public_key_hex":"c2f8243b0d573587f285c830a868acd19249d17d59ecbf9329e796dfed6fb630"}
{"seq":66,"ts":1780185600000,"agent_id":"baseline-momentum","symbol":"BTCUSDT","side":"buy","price":74016.79985989201,"quantity":0.027020892605271275,"notional_usd":2000.0,"fee_usd":1.2,"balance_before_usd":9874.19811479644,"balance_after_usd":9872.398254766447,"decision":"ALLOW_CAPPED","cert_hash":"6f51e5e30d20c82c369c3527b7fa3cc77a570499e2a1fdc7088295e76a7f63fd","prev_hash":"7c0cd377ceb69d49bd518f589cd819dfca5d359ce4c74ba86653163d153945b4","record_hash":"cde097323e358760eb736c5e1f73921d79f21fc93d4469fa97f70aaaa9d12735","signature_hex":"145c0c544d7d49cff52de2a5f0ebe6ee9e7ec5d33ed97ab2a118584942a8fd4b2bb30d3e596cc992adcae272d80e2f558342a1f915090e8706c67a0516579f04","public_key_hex":"c2f8243b0d573587f285c830a868acd19249d17d59ecbf9329e796dfed6fb630"}
{"seq":67,"ts":1780196400000,"agent_id":"baseline-momentum","symbol":"BTCUSDT","side":"buy","price":74123.08679467929,"quantity":0.024633280583520798,"notional_usd":1825.89479473,"fee_usd":1.095536876838,"balance_before_usd":9876.888467988278,"balance_after_usd":9875.261177541206,"decision":"ALLOW","cert_hash":"49301fb092cfb4fec24679f61f7b0c1941193bc6747df409d1ef00151fffcc9d","prev_hash":"cde097323e358760eb736c5e1f73921d79f21fc93d4469fa97f70aaaa9d12735","record_hash":"db5087a38f376097bf4eb136281bdbcbe4ba82865ca88f094532688ac10e29e7","signature_hex":"33cdc172033259bb2be6451ed65834fbe6673af382b717ae70050b04caec4deb4faa6daadafdd49682ea12f00c593924ed4df67e0d6fa35e6d16036e08df5501","public_key_hex":"c2f8243b0d573587f285c830a868acd19249d17d59ecbf9329e796dfed6fb630"}
{"seq":68,"ts":1780275600000,"agent_id":"baseline-momentum","symbol":"BTCUSDT","side":"sell","price":73249.02016542,"quantity":0.02730411950198586,"notional_usd":2000.0,"fee_usd":1.2,"balance_before_usd":9819.919027719763,"balance_after_usd":9818.118887689756,"decision":"ALLOW_CAPPED","cert_hash":"cabf20cf5466dfd91dc9f3cf27f772fb7056c4b8084984fabfbe534d98f71df5","prev_hash":"db5087a38f376097bf4eb136281bdbcbe4ba82865ca88f094532688ac10e29e7","record_hash":"cf3ef0ef01ece695678c1c49311933d8cfd63de13722d0c1f5eaffa21deab6a6","signature_hex":"f8347d80b78f5fe850d3f1cf1065da497855fa47ac68540d2df310f12d734f2ea64a61e466da97fe58f29ac1438ffead7779cf388a81dce929df7dc7a0056d01","public_key_hex":"c2f8243b0d573587f285c830a868acd19249d17d59ecbf9329e796dfed6fb630"}
{"seq":69,"ts":1780293600000,"agent_id":"baseline-momentum","symbol":"BTCUSDT","side":"sell","price":73090.267802244,"quantity":0.02736342416217822,"notional_usd":2000.0,"fee_usd":1.2,"balance_before_usd":9811.872803068785,"balance_after_usd":9810.072663038776,"decision":"ALLOW_CAPPED","cert_hash":"de81c64e30db04a4142a184575c10390e5a9083c59e7b9c8b57525a883156868","prev_hash":"cf3ef0ef01ece695678c1c49311933d8cfd63de13722d0c1f5eaffa21deab6a6","record_hash":"ab06103ff7dda901adb759c0deb1532d9cbd345b0cab6c8ccb0b0858ff1f73af","signature_hex":"f7ca0f0930a9037276a5752ea41b9b28be6297bbda82c04fd24701baabb1a0e608802df2c9dfd417d9153e5cb993a3221fd6d9f8dc133ea88bebe12865139409","public_key_hex":"c2f8243b0d573587f285c830a868acd19249d17d59ecbf9329e796dfed6fb630"}
{"seq":70,"ts":1780297200000,"agent_id":"baseline-momentum","symbol":"BTCUSDT","side":"sell","price":72763.465865706,"quantity":0.027486321276823836,"notional_usd":2000.0,"fee_usd":1.2,"balance_before_usd":9806.15980000825,"balance_after_usd":9804.359659978245,"decision":"ALLOW_CAPPED","cert_hash":"74ece2170d338d5f316df64494a88853566cfb3918dfb1165acb3dbb03c91976","prev_hash":"ab06103ff7dda901adb759c0deb1532d9cbd345b0cab6c8ccb0b0858ff1f73af","record_hash":"3f58d4fd9d044f9cf96aabf4790e6198f32cb59b906095142f8a8c27705388b7","signature_hex":"d553f259c1d4044f14a39685a07eb1629e35a5ef540ad610b1f120da66d256998c34e28924617b9ab58e256ea955537b3c819e06f036a5cf28e140f190f2f608","public_key_hex":"c2f8243b0d573587f285c830a868acd19249d17d59ecbf9329e796dfed6fb630"}
{"seq":71,"ts":1780300800000,"agent_id":"baseline-momentum","symbol":"BTCUSDT","side":"sell","price":72863.23592770202,"quantity":0.027448684848206367,"notional_usd":2000.0,"fee_usd":1.2,"balance_before_usd":9802.811091436159,"balance_after_usd":9801.010951406151,"decision":"ALLOW_CAPPED","cert_hash":"a92cfe22924b99f2e6118800da232ee2248f3f215eb78e1bd5be78ad6ebc1184","prev_hash":"3f58d4fd9d044f9cf96aabf4790e6198f32cb59b906095142f8a8c27705388b7","record_hash":"ba84de753769ed725fcb3df956191fa68bed6960712eda59fcb6544e8f4dbf97","signature_hex":"df1867c0316196dd54bddbc4b65b49948e86faaf762df103f6397ed86de7b0615d4c333202da0c435f49a01f24f46421d8405184fda2913cb5dbfdff14596100","public_key_hex":"c2f8243b0d573587f285c830a868acd19249d17d59ecbf9329e796dfed6fb630"}
{"seq":72,"ts":1780304400000,"agent_id":"baseline-momentum","symbol":"BTCUSDT","side":"sell","price":72847.47867445672,"quantity":0.024297856298637375,"notional_usd":1770.03756855,"fee_usd":1.06202254113,"balance_before_usd":9801.724177107684,"balance_after_usd":9800.151381419299,"decision":"ALLOW","cert_hash":"3eddf3b41cdf6eea377a0054c91ba62e567817209845cddf83c9f57f4493f738","prev_hash":"ba84de753769ed725fcb3df956191fa68bed6960712eda59fcb6544e8f4dbf97","record_hash":"cf9ff84d44fe9a39d20b5fbe84f5ce64017a610d3103c9803036fe9c4051ac33","signature_hex":"4c6d1b9dcfa1f5763d28f4a4fb59f223a0bc76cb1dcefaa4457cc014e60cd776981180124e22a4ab9423f3b5008e5cdd3e9ce4781efcefb95cbdb4f53099c10a","public_key_hex":"c2f8243b0d573587f285c830a868acd19249d17d59ecbf9329e796dfed6fb630"}
{"seq":73,"ts":1780362000000,"agent_id":"baseline-momentum","symbol":"BTCUSDT","side":"sell","price":70613.48153386581,"quantity":0.0031823593346297025,"notional_usd":224.71747211,"fee_usd":0.134830483266,"balance_before_usd":9950.827810157436,"balance_after_usd":9950.64550375421,"decision":"ALLOW","cert_hash":"47b66bc023689d360bff89d9b77452c012354484af7f1712280a8861e697b969","prev_hash":"cf9ff84d44fe9a39d20b5fbe84f5ce64017a610d3103c9803036fe9c4051ac33","record_hash":"6962b9dd4a7763e3ada86e9284c53a4351dc7aedf42df582fc73b2f2243d0746","signature_hex":"57c80225b801570a5e3b1c69436c6ac6245f205a38b3462ad3cbf129f0680ffc1d13b279d51333969d96d18b5ca4c2399c42ade51de0862b247532dbc64b9109","public_key_hex":"c2f8243b0d573587f285c830a868acd19249d17d59ecbf9329e796dfed6fb630"}
{"seq":74,"ts":1780408800000,"agent_id":"baseline-momentum","symbol":"BTCUSDT","side":"sell","price":67981.95642474349,"quantity":0.0040888806943606415,"notional_usd":277.97010919,"fee_usd":0.16678206551400002,"balance_before_usd":10136.051329295282,"balance_after_usd":10135.825080285675,"decision":"ALLOW","cert_hash":"3727a57919bcbf357c49071b41b31934e9e687e03fed2c6ca4a65ca2a690191c","prev_hash":"6962b9dd4a7763e3ada86e9284c53a4351dc7aedf42df582fc73b2f2243d0746","record_hash":"e8cc8067a318d9e01ab152c786850c208ae17d42d74d36b0adbe585c0d13f9de","signature_hex":"7fb9083082eaac4909ff33fe9ea7fda5e6007f2044f867677f8370e5324d2d6d50167ad9594cc3ac1af86a4c288f3e20cfbcfebac56d0f1a92d81689e3f9f209","public_key_hex":"c2f8243b0d573587f285c830a868acd19249d17d59ecbf9329e796dfed6fb630"}
{"seq":75,"ts":1780455600000,"agent_id":"baseline-momentum","symbol":"BTCUSDT","side":"sell","price":65809.53703098632,"quantity":0.0036890186798562478,"notional_usd":242.77261142,"fee_usd":0.14566356685200002,"balance_before_usd":10297.788548860448,"balance_after_usd":10297.591375640077,"decision":"ALLOW","cert_hash":"6b7c8f214adf16c0646e9ebd6f891ce60b2a63a1f7ef0e6ed383250681bedf87","prev_hash":"e8cc8067a318d9e01ab152c786850c208ae17d42d74d36b0adbe585c0d13f9de","record_hash":"2252d20d7f9df1249dabbcb2af61643e19e2c28d3fddb92b076823f88b24064c","signature_hex":"e120af8b4e906b52aef40a443c2e79ecb75be0d8829f4949f82897dc9b6e3af07872b4ad9fb7dddad6a60132a5c097da83f7c1a080e9a73ad89bb3dc4518ba02","public_key_hex":"c2f8243b0d573587f285c830a868acd19249d17d59ecbf9329e796dfed6fb630"}
{"seq":76,"ts":1780531200000,"agent_id":"baseline-momentum","symbol":"BTCUSDT","side":"sell","price":63302.20653407643,"quantity":0.00464583458700901,"notional_usd":294.09158055,"fee_usd":0.17645494833,"balance_before_usd":10493.752493519838,"balance_after_usd":10493.512885577366,"decision":"ALLOW","cert_hash":"dea9b5d74328ab8dddf869b5272ba56132fc393a66000e80c6840c8c06075e48","prev_hash":"2252d20d7f9df1249dabbcb2af61643e19e2c28d3fddb92b076823f88b24064c","record_hash":"b19395533e4fd2c393f4012275da09bdf395be3d67ba0255a1c8e32ba9b0581c","signature_hex":"88319ef23e01bce205961ac0e42faeeccc88247ad6952c0b605ff67ff6445c643db9eb284042d08ff6ee8e93ea9e7a1b8fca4509662a6318be201720fa90cb02","public_key_hex":"c2f8243b0d573587f285c830a868acd19249d17d59ecbf9329e796dfed6fb630"}
{"seq":77,"ts":1780606800000,"agent_id":"baseline-momentum","symbol":"BTCUSDT","side":"buy","price":63269.876535018,"quantity":0.03161061961126255,"notional_usd":2000.0,"fee_usd":1.2,"balance_before_usd":10498.891106606618,"balance_after_usd":10497.091246576623,"decision":"ALLOW_CAPPED","cert_hash":"d1913fa8f1cfd919996a296e75274cee07d485f699d77d15d7fe55b927302535","prev_hash":"b19395533e4fd2c393f4012275da09bdf395be3d67ba0255a1c8e32ba9b0581c","record_hash":"0d7756f01bd70be54a231ad9eb8c4bd4ea24ee2b5a5afd45c851bc2e75510d1c","signature_hex":"3dd1a9a18cfda31c3b3094919a84a1130567fb6eb798176936d1242991fdc5a8886d21977cf6c1c08b79285a1536cf1343c66b79ba249dac9d4dffc1fefd1c06","public_key_hex":"c2f8243b0d573587f285c830a868acd19249d17d59ecbf9329e796dfed6fb630"}
{"seq":78,"ts":1780610400000,"agent_id":"baseline-momentum","symbol":"BTCUSDT","side":"buy","price":63722.412264066,"quantity":0.031386131330245155,"notional_usd":2000.0,"fee_usd":1.2,"balance_before_usd":10473.901795455262,"balance_after_usd":10472.101935425268,"decision":"ALLOW_CAPPED","cert_hash":"e11407b091c176f042477438be962afafdc1483e645a413f6d12caeb35a21939","prev_hash":"0d7756f01bd70be54a231ad9eb8c4bd4ea24ee2b5a5afd45c851bc2e75510d1c","record_hash":"a53d26f482c67323ebed850a024def93a576164667100ac66489e74d329f9f45","signature_hex":"6a92435f8bd838e900be225e0f530174c8acb8edbb3c9812438c068a6b44ff2b5d638b7f6b61ea5991aaafec9ccd9d76c15db730aac4258da7c32c2d1a64f803","public_key_hex":"c2f8243b0d573587f285c830a868acd19249d17d59ecbf9329e796dfed6fb630"}
{"seq":79,"ts":1780617600000,"agent_id":"baseline-momentum","symbol":"BTCUSDT","side":"sell","price":63374.283277866,"quantity":0.03155854230699468,"notional_usd":2000.0,"fee_usd":1.2,"balance_before_usd":10478.262442156794,"balance_after_usd":10476.462302126787,"decision":"ALLOW_CAPPED","cert_hash":"d6cc690217cdb4f71de73189685d83eb5a34bf0ffc720a5cac34fab7b567ed35","prev_hash":"a53d26f482c67323ebed850a024def93a576164667100ac66489e74d329f9f45","record_hash":"dd9ceb324b274792f03fa36ff37e90a2ac8f6cb7d9cc4b8e2f91c0f7ff72ac1c","signature_hex":"0ffe959d0383c2730c35b01042316c092fc6428f017ef8d98710259e5f590e0955da0b2c9be40f64a839530c2a36628052bbe36dce26d6619d4595182d5dc703","public_key_hex":"c2f8243b0d573587f285c830a868acd19249d17d59ecbf9329e796dfed6fb630"}
{"seq":80,"ts":1780621200000,"agent_id":"baseline-momentum","symbol":"BTCUSDT","side":"sell","price":63324.75621302751,"quantity":0.03129372718551928,"notional_usd":1981.66764502,"fee_usd":1.189000587012,"balance_before_usd":10479.01328690226,"balance_after_usd":10477.23146461387,"decision":"ALLOW","cert_hash":"3e08e2add9c4b18a0ece4203f711d8319977ba1cbee0b12998b98b28f46f4c64","prev_hash":"dd9ceb324b274792f03fa36ff37e90a2ac8f6cb7d9cc4b8e2f91c0f7ff72ac1c","record_hash":"683177a53a3e9aa4db9852ebf1138d225724fceebc471e90e0f837af39f4d0ec","signature_hex":"51a897da0dac88bbf9bedff2f52f85da973f280d9d07adce4b2d00471ca88344e20fa6da787ec7a5c2239f326e765322950c3d52cfab907904a2ecbc0c35d903","public_key_hex":"c2f8243b0d573587f285c830a868acd19249d17d59ecbf9329e796dfed6fb630"}
{"seq":81,"ts":1780642800000,"agent_id":"baseline-momentum","symbol":"BTCUSDT","side":"buy","price":63088.822231398,"quantity":0.03170133677031367,"notional_usd":2000.0,"fee_usd":1.2,"balance_before_usd":10499.881534527023,"balance_after_usd":10498.081674497029,"decision":"ALLOW_CAPPED","cert_hash":"e3854628b626b0da7cf1be9c2c9b5cc08069e4fa70569f2439b3ba3cca7f918f","prev_hash":"683177a53a3e9aa4db9852ebf1138d225724fceebc471e90e0f837af39f4d0ec","record_hash":"3ad541d9bcd92b629c689f6f89653f039f825e3cbfa1b8f10f6df10deae8e3c3","signature_hex":"2d0368007aab9d16ad7975ce95605da4d57b8c41b7e38e2e1347b812edf6e58b17bfc442a9c0bc6408d8f5f98bab083951fe1101cd412ddafa3dd37165841308","public_key_hex":"c2f8243b0d573587f285c830a868acd19249d17d59ecbf9329e796dfed6fb630"}
{"seq":82,"ts":1780646400000,"agent_id":"baseline-momentum","symbol":"BTCUSDT","side":"sell","price":62406.17377849801,"quantity":0.03204811125095925,"notional_usd":2000.0,"fee_usd":1.2,"balance_before_usd":10530.9918546249,"balance_after_usd":10529.191714594892,"decision":"ALLOW_CAPPED","cert_hash":"866ffcf1c837fdb0d6faa30a6ef36a7361c3b754e172b2f8ab70d05932701e14","prev_hash":"3ad541d9bcd92b629c689f6f89653f039f825e3cbfa1b8f10f6df10deae8e3c3","record_hash":"46593cd8603c951610bfafe1d47cede0bcfb92e1578fe052bf73e5007e8533d5","signature_hex":"4f57618127f175b62907f80e1dd6696089f171cd039624ddb1435b2a413157ef11d1866c45d1d01b1205c88b23c9113d63de5cea541699fa901ca5fdd8649c0d","public_key_hex":"c2f8243b0d573587f285c830a868acd19249d17d59ecbf9329e796dfed6fb630"}
{"seq":83,"ts":1780664400000,"agent_id":"baseline-momentum","symbol":"BTCUSDT","side":"sell","price":60686.969037244766,"quantity":0.004841106269283183,"notional_usd":293.79206627,"fee_usd":0.176275239762,"balance_before_usd":10672.481997354556,"balance_after_usd":10672.242637839305,"decision":"ALLOW","cert_hash":"5483fbe6b3528ab8660e50c7ff37a945a175f8a5eb8eecbb93c227d68e668a96","prev_hash":"46593cd8603c951610bfafe1d47cede0bcfb92e1578fe052bf73e5007e8533d5","record_hash":"4f7632ecb109ad47f0c36cf1c00a31d1d9c7f200df563f3ce45e733dfe0b04be","signature_hex":"98dbc93ff6bbbe60b1ca36bea1b30325d48df882a4a47efee14f3c4dfc5dad56fc893c1427ba88f990dfe1a22ecea7e384ede3a8a63a07c3ae2df380fac7000b","public_key_hex":"c2f8243b0d573587f285c830a868acd19249d17d59ecbf9329e796dfed6fb630"}
{"seq":84,"ts":1780754400000,"agent_id":"baseline-momentum","symbol":"BTCUSDT","side":"buy","price":60779.72966523,"quantity":0.03290570739646003,"notional_usd":2000.0,"fee_usd":1.2,"balance_before_usd":10666.836003554268,"balance_after_usd":10665.036143524274,"decision":"ALLOW_CAPPED","cert_hash":"2b01308f30f68f072382615d60025548fefc460f9d42fcf0f8ad0f933f49f4a3","prev_hash":"4f7632ecb109ad47f0c36cf1c00a31d1d9c7f200df563f3ce45e733dfe0b04be","record_hash":"b9e62cabfdd7db3be0bc8b87c88fe2584293d7ebe5f9353e3991aa6e10362691","signature_hex":"44ef4b7e2398624f1130fa6dd1d0c6a48939041e545794b412833617731700ca28c555de9739152c7639091f8838f44103d6c3d828ad2cb0963a7347b82b2907","public_key_hex":"c2f8243b0d573587f285c830a868acd19249d17d59ecbf9329e796dfed6fb630"}
{"seq":85,"ts":1780758000000,"agent_id":"baseline-momentum","symbol":"BTCUSDT","side":"buy","price":60768.026154996,"quantity":0.03291204481282253,"notional_usd":2000.0,"fee_usd":1.2,"balance_before_usd":10665.679725953181,"balance_after_usd":10663.879865923187,"decision":"ALLOW_CAPPED","cert_hash":"e5955eac59006f1105f3f5c1af3c4b04a9d3449532eff49a800cf2f0a65f5780","prev_hash":"b9e62cabfdd7db3be0bc8b87c88fe2584293d7ebe5f9353e3991aa6e10362691","record_hash":"11d173f6973ccd07bfe181487554b95182cbd6d86f85a1ca16c2f4e8be66e953","signature_hex":"2d7f67b067a406688b5cd5b8676f97066510cd4e3e19217f66ba003683af6370cf313f075f3193c7bdd375bc35122b6474deeaf20f739f2ed0d5e720bd5d9809","public_key_hex":"c2f8243b0d573587f285c830a868acd19249d17d59ecbf9329e796dfed6fb630"}
{"seq":86,"ts":1780761600000,"agent_id":"baseline-momentum","symbol":"BTCUSDT","side":"sell","price":60732.076125006,"quantity":0.03293152692299472,"notional_usd":2000.0,"fee_usd":1.2,"balance_before_usd":10663.86881842299,"balance_after_usd":10662.068678392985,"decision":"ALLOW_CAPPED","cert_hash":"d9afef0f684701fdb9cd710ce56f151ad5073fbea122a69596549776f6560f07","prev_hash":"11d173f6973ccd07bfe181487554b95182cbd6d86f85a1ca16c2f4e8be66e953","record_hash":"39c0f4a1c66268570c72023c09314e2256c6d6fb26a490c6956acc0b98d7c983","signature_hex":"06c956047dac546e018eab5369d6bc38c864f5fe285ccb5ee5765215471a0a687e4882f9f13b16e91f77de3fdd013b7e0ac7ad6a7929a24dfdd3ab8b43f7e20f","public_key_hex":"c2f8243b0d573587f285c830a868acd19249d17d59ecbf9329e796dfed6fb630"}
{"seq":87,"ts":1780765200000,"agent_id":"baseline-momentum","symbol":"BTCUSDT","side":"sell","price":60532.33606101,"quantity":0.03304019190642532,"notional_usd":2000.0,"fee_usd":1.2,"balance_before_usd":10673.062978550704,"balance_after_usd":10671.262838520699,"decision":"ALLOW_CAPPED","cert_hash":"9c0e5ca4885491491a75bd300287858fa0c6ad2a54f2119b93bba8c4dfd9ed38","prev_hash":"39c0f4a1c66268570c72023c09314e2256c6d6fb26a490c6956acc0b98d7c983","record_hash":"1587017cc92327e06e36ac2518850b50d19940c2fb5b1939b1473022fa9d77b0","signature_hex":"62c1d584ea4e9a1d3ac34f45522da6cfb1c7eeb560d7c424984a58d2e7f6b2245534fc206da9359c428a0847303a17332bd853a0c9a3d74d0876fb1d02c63502","public_key_hex":"c2f8243b0d573587f285c830a868acd19249d17d59ecbf9329e796dfed6fb630"}
{"seq":88,"ts":1780790400000,"agent_id":"baseline-momentum","symbol":"BTCUSDT","side":"buy","price":60768.226214999995,"quantity":0.03291193646041163,"notional_usd":2000.0,"fee_usd":1.2,"balance_before_usd":10653.693528035841,"balance_after_usd":10651.893668005845,"decision":"ALLOW_CAPPED","cert_hash":"679544b76fd64e535231266f8e62e51d92d6df1682e475f1b67456fc3a5558b6","prev_hash":"1587017cc92327e06e36ac2518850b50d19940c2fb5b1939b1473022fa9d77b0","record_hash":"27e9b22e4c1d25e0373e1f6cf34e904572aded277194d8069ed2d3dfac8e73b4","signature_hex":"7fd643058c6d8081380f3a550243eb7cc41fcf9cec04ddce6e8739254faf83f91a610d9a772c7958925e86e14825ee7af1f0f88ec396eb6c34cea054f875760b","public_key_hex":"c2f8243b0d573587f285c830a868acd19249d17d59ecbf9329e796dfed6fb630"}
{"seq":89,"ts":1780794000000,"agent_id":"baseline-momentum","symbol":"BTCUSDT","side":"buy","price":61463.834848908,"quantity":0.03253946007300801,"notional_usd":2000.0,"fee_usd":1.2,"balance_before_usd":10613.539032073197,"balance_after_usd":10611.7391720432,"decision":"ALLOW_CAPPED","cert_hash":"2c4ca6b0d2fc06401afe6d1d8fdf7d130eaa86ca4822affdbda2f4e44fa579e1","prev_hash":"27e9b22e4c1d25e0373e1f6cf34e904572aded277194d8069ed2d3dfac8e73b4","record_hash":"e92a7d2b6d74d53241f176bc06b82c8ae017ed04dabb8a082a12c3379db3bf04","signature_hex":"dc63c28d51f4b942b720259d17a88bf93a90c346d491a21b11c826660dc42609e8402041d3a3b97dc1d2847be3241b8a00bb59e449ff03ad924b9aec428c0a02","public_key_hex":"c2f8243b0d573587f285c830a868acd19249d17d59ecbf9329e796dfed6fb630"}
{"seq":90,"ts":1780797600000,"agent_id":"baseline-momentum","symbol":"BTCUSDT","side":"buy","price":61484.841149328,"quantity":0.03252834296412359,"notional_usd":2000.0,"fee_usd":1.2,"balance_before_usd":10611.264250266733,"balance_after_usd":10609.464390236739,"decision":"ALLOW_CAPPED","cert_hash":"b1761912c20a431f3d385084cfdace7b62d76ea5accf36db5fa23cf15da34ee2","prev_hash":"e92a7d2b6d74d53241f176bc06b82c8ae017ed04dabb8a082a12c3379db3bf04","record_hash":"f806d5c2370237d00fadf793c401ead24cb3b6133abbbd1203c4d88f492db03c","signature_hex":"6d1b9a96d56108a0584f646c097b1b3cb9598b24b703aad60aac4eb9271b003763731862e6ecfa85e5a1892e17a145b7787c8d840501ae8a9579184cea7c7d07","public_key_hex":"c2f8243b0d573587f285c830a868acd19249d17d59ecbf9329e796dfed6fb630"}
{"seq":91,"ts":1780801200000,"agent_id":"baseline-momentum","symbol":"BTCUSDT","side":"buy","price":61684.50103332,"quantity":0.03242305549200542,"notional_usd":2000.0,"fee_usd":1.2,"balance_before_usd":10611.443029083668,"balance_after_usd":10609.643169053676,"decision":"ALLOW_CAPPED","cert_hash":"74670c67f3a430c364713a231f1b4d22311f6f8ba6e66eb61468539c45d849c7","prev_hash":"f806d5c2370237d00fadf793c401ead24cb3b6133abbbd1203c4d88f492db03c","record_hash":"a764df26f10284a41849ff9d637c48c2fb5c47f8546eb17122c0217977171f8a","signature_hex":"6eb23420adbf1c562ab0bae0f345d38e446a12eb53196a10d080fa49d3a5bcb7fdfe484fcf04b995ff057e57bcf4d17744573b76b1be406c18658d77a873f206","public_key_hex":"c2f8243b0d573587f285c830a868acd19249d17d59ecbf9329e796dfed6fb630"}
{"seq":92,"ts":1780804800000,"agent_id":"baseline-momentum","symbol":"BTCUSDT","side":"buy","price":61869.55653702,"quantity":0.032326076214935995,"notional_usd":2000.0,"fee_usd":1.2,"balance_before_usd":10617.475343070608,"balance_after_usd":10615.675483040613,"decision":"ALLOW_CAPPED","cert_hash":"c3c0ee78297323b5d3d369bdd591599ef0e061c54246d84f4826f6a92b759b0f","prev_hash":"a764df26f10284a41849ff9d637c48c2fb5c47f8546eb17122c0217977171f8a","record_hash":"6a66b3a969fa599fc4547f982f79a4c551b787f6dae4d1e4d06c82e80e8c9701","signature_hex":"0d35be92981c60ac964596742c0b59b6a7af5374d3a4c76a26a23c0f750195cb7a513745c799599c237a3292d45082ba24c415d206ce54fef10fdbc9e256fc0b","public_key_hex":"c2f8243b0d573587f285c830a868acd19249d17d59ecbf9329e796dfed6fb630"}
{"seq":93,"ts":1780808400000,"agent_id":"baseline-momentum","symbol":"BTCUSDT","side":"buy","price":61725.58791837184,"quantity":0.011261643999556023,"notional_usd":695.1315968,"fee_usd":0.41707895808,"balance_before_usd":10605.230247978312,"balance_after_usd":10604.650011241232,"decision":"ALLOW","cert_hash":"7130fbc693fc1ccf02b96d4a701723f5b70c6b3a86ffdf50e30b5663b8978cbf","prev_hash":"6a66b3a969fa599fc4547f982f79a4c551b787f6dae4d1e4d06c82e80e8c9701","record_hash":"2fff598a6ce298161feceaba66d1b7f9a59280cc3c94e1faa368300a77241f43","signature_hex":"c31f981647719064d7efe0abc78386d089eed4b5b778f21bf09fcda8c2c256777abeac2f64ce8d5cc0a05f41248903d478cec84f4788222b29b3c4315fa3b10f","public_key_hex":"c2f8243b0d573587f285c830a868acd19249d17d59ecbf9329e796dfed6fb630"}
{"seq":94,"ts":1780992000000,"agent_id":"baseline-momentum","symbol":"BTCUSDT","side":"sell","price":62801.555136408,"quantity":0.031846345136770954,"notional_usd":2000.0,"fee_usd":1.2,"balance_before_usd":10699.965278123727,"balance_after_usd":10698.16513809372,"decision":"ALLOW_CAPPED","cert_hash":"9716ec5879356727b348d5b13b0af9bab968f2dd3563cc9c00a30842e5e770b6","prev_hash":"2fff598a6ce298161feceaba66d1b7f9a59280cc3c94e1faa368300a77241f43","record_hash":"24eb4b5eae6a56d663b0c1120a26a83dfac91b4534563d5b91b790b941d4f782","signature_hex":"66fc16ca49a800b7f10e77f1b12cb211b27f3b60ca5b5b81839af53de5bb45dec56d381516404cc783d838dcb917108b054b7485022619ac60c50a130db1250c","public_key_hex":"c2f8243b0d573587f285c830a868acd19249d17d59ecbf9329e796dfed6fb630"}
{"seq":95,"ts":1780995600000,"agent_id":"baseline-momentum","symbol":"BTCUSDT","side":"sell","price":62670.294523782,"quantity":0.03191304612811487,"notional_usd":2000.0,"fee_usd":1.2,"balance_before_usd":10691.064768797782,"balance_after_usd":10689.264628767774,"decision":"ALLOW_CAPPED","cert_hash":"d92a73fa8dfd1b1322856afe8b8b6b505db399c5bcf6b77201b1cc1b3480c24d","prev_hash":"24eb4b5eae6a56d663b0c1120a26a83dfac91b4534563d5b91b790b941d4f782","record_hash":"85f6f341dd5ec13b95b131adbd9a067bc7552330083ae574f639454e08cf7171","signature_hex":"84227b23b34b793468971d7ec147191d24d01e8eb5ff7177debd806290d47b5e4391cd012ee6114dcc5e44164d4c0c0d985592631d7e15a64b59096132055203","public_key_hex":"c2f8243b0d573587f285c830a868acd19249d17d59ecbf9329e796dfed6fb630"}
{"seq":96,"ts":1780999200000,"agent_id":"baseline-momentum","symbol":"BTCUSDT","side":"sell","price":62731.276225002,"quantity":0.031882023136696296,"notional_usd":2000.0,"fee_usd":1.2,"balance_before_usd":10690.616657455499,"balance_after_usd":10688.816517425494,"decision":"ALLOW_CAPPED","cert_hash":"5ff6aa66f4559cf85a10285a84f27dfa2ca422a0d34b8cc348de76a49256fe1d","prev_hash":"85f6f341dd5ec13b95b131adbd9a067bc7552330083ae574f639454e08cf7171","record_hash":"ddbcc712f0e6d3d88e9ebf982006c541afd42c0de7805ae6387fbc3c8c17b4c1","signature_hex":"d7afe3b565a0ae4879e478e371e43c5b396136c298059ab53c8b70d8840b5e7fdbfc3c39d5a617db9f5aaffd51280dda45e9b735d2e03a4cb8b5ce0bbfdf8b0a","public_key_hex":"c2f8243b0d573587f285c830a868acd19249d17d59ecbf9329e796dfed6fb630"}
{"seq":97,"ts":1781002800000,"agent_id":"baseline-momentum","symbol":"BTCUSDT","side":"sell","price":62665.296023682,"quantity":0.03191559167364621,"notional_usd":2000.0,"fee_usd":1.2,"balance_before_usd":10689.457880241205,"balance_after_usd":10687.657740211198,"decision":"ALLOW_CAPPED","cert_hash":"933d3300f1255925fd0941f59ae36072c783a8640cf350cc4f2f994064a05734","prev_hash":"ddbcc712f0e6d3d88e9ebf982006c541afd42c0de7805ae6387fbc3c8c17b4c1","record_hash":"9265394006fdb7138dd1888bd30f24120901e6fba868e58cb20ac3987e84da2d","signature_hex":"e60100ebba916a9bf998de767d7da68ca0db9c436da4c97729992ffb7cf6012a814ad3992018264b134d824fab57c451d1d15e2ac6632b6c99a4559c02ef6b0a","public_key_hex":"c2f8243b0d573587f285c830a868acd19249d17d59ecbf9329e796dfed6fb630"}
{"seq":98,"ts":1781006400000,"agent_id":"baseline-momentum","symbol":"BTCUSDT","side":"sell","price":62595.117082278004,"quantity":0.031951374056399716,"notional_usd":2000.0,"fee_usd":1.2,"balance_before_usd":10690.580391559764,"balance_after_usd":10688.780251529759,"decision":"ALLOW_CAPPED","cert_hash":"be2dc01147d3a5d51f978730c3256088406eb46e52504d6b1b2a273d99dd2b6b","prev_hash":"9265394006fdb7138dd1888bd30f24120901e6fba868e58cb20ac3987e84da2d","record_hash":"64365e9cac259f9dea81558a98843104cbbdad7a59ddae87352638885521ae8d","signature_hex":"d16e6ded0bdda73658a9d6451aac65beb5c57bdd8b9cd9db36af495032bf7061d192394fbfda4166f63dacc79bb180431fde00d5af23916fb9c106201f8a5702","public_key_hex":"c2f8243b0d573587f285c830a868acd19249d17d59ecbf9329e796dfed6fb630"}
{"seq":99,"ts":1781010000000,"agent_id":"baseline-momentum","symbol":"BTCUSDT","side":"sell","price":62232.53174876672,"quantity":0.012492267879096956,"notional_usd":777.4254574,"fee_usd":0.46645527444,"balance_before_usd":10715.749001620708,"balance_after_usd":10715.09680816897,"decision":"ALLOW","cert_hash":"9f95dfafa4479208396b76fc5361df59c88e26be6dc4e482e6db2600bb4bc607","prev_hash":"64365e9cac259f9dea81558a98843104cbbdad7a59ddae87352638885521ae8d","record_hash":"0f4043e390cb4edc07223e04778cc5afaf606cf2dbebe57a6abccc8857b5dd5f","signature_hex":"536d1bcfd8f80e29aa30f23e67596ff067aa56d852cd5d09df19c8e1dd27b88e75392cfab3541f0ad4b01202aab690f7fc50d3d2791bc4ce43ba3f4f29fe7406","public_key_hex":"c2f8243b0d573587f285c830a868acd19249d17d59ecbf9329e796dfed6fb630"}
{"seq":100,"ts":1781103600000,"agent_id":"baseline-momentum","symbol":"BTCUSDT","side":"buy","price":62616.48056195399,"quantity":0.03194047289229487,"notional_usd":2000.0,"fee_usd":1.2,"balance_before_usd":10684.9440869032,"balance_after_usd":10683.144226873206,"decision":"ALLOW_CAPPED","cert_hash":"4e02be582deec9514c1087e69b0147c9aff1b402699960c846a0c51b3c633be2","prev_hash":"0f4043e390cb4edc07223e04778cc5afaf606cf2dbebe57a6abccc8857b5dd5f","record_hash":"2a29deac489807f4e391cd94137de6e8e9255130b98a56459cb57bf2cdd5e77a","signature_hex":"2ea4a84dca7b7f556a8617d3639aaa99237c708645ac8d0f7f409d05692ccb7df4cf36d7c474c8c4f87b5917a55cd5803eafbf30f43e8deaf71727bab50f4d00","public_key_hex":"c2f8243b0d573587f285c830a868acd19249d17d59ecbf9329e796dfed6fb630"}
{"seq":101,"ts":1781136000000,"agent_id":"baseline-momentum","symbol":"BTCUSDT","side":"buy","price":61815.04018593,"quantity":0.032354585453383385,"notional_usd":2000.0,"fee_usd":1.2,"balance_before_usd":10726.518293837558,"balance_after_usd":10724.718433807564,"decision":"ALLOW_CAPPED","cert_hash":"d642b21f3ebf9be7bc771c4110b59a4ec7bf44297c266661e39ccf31302a8956","prev_hash":"2a29deac489807f4e391cd94137de6e8e9255130b98a56459cb57bf2cdd5e77a","record_hash":"030b3467318cad3246fa73fd1a50252dbe02d5fa7a42e22ad38604df7b33b28e","signature_hex":"714c07e066bfdb805c26011e6286638c52d166697ebfe41f2218cd4cc8f3ae36a428b49538f08267d8dc2215efedb778388aa1356e6bcda5f8f196b6fca3950a","public_key_hex":"c2f8243b0d573587f285c830a868acd19249d17d59ecbf9329e796dfed6fb630"}
{"seq":102,"ts":1781139600000,"agent_id":"baseline-momentum","symbol":"BTCUSDT","side":"buy","price":62195.65434354,"quantity":0.03215658748363553,"notional_usd":2000.0,"fee_usd":1.2,"balance_before_usd":10716.430461311049,"balance_after_usd":10714.630601281055,"decision":"ALLOW_CAPPED","cert_hash":"9c2b43e6f9987a579e94781ae6459d115910d3d69983b8aaf5875b3b2a207c57","prev_hash":"030b3467318cad3246fa73fd1a50252dbe02d5fa7a42e22ad38604df7b33b28e","record_hash":"46fcac537e57368d43979d7f3a856717ef8db86462eccde8152d811b7a315930","signature_hex":"6cb32a6f2b4354f3e923bbf0e7828ef8cc0868e2fe067199128090a7cf4bc6bc38721086dfb799ea6f9a88ef8524ca685359509bc8f9220c54f5e2648451770c","public_key_hex":"c2f8243b0d573587f285c830a868acd19249d17d59ecbf9329e796dfed6fb630"}
{"seq":103,"ts":1781143200000,"agent_id":"baseline-momentum","symbol":"BTCUSDT","side":"buy","price":62131.935232266,"quantity":0.03218956551930112,"notional_usd":2000.0,"fee_usd":1.2,"balance_before_usd":10713.969726915977,"balance_after_usd":10712.169866885983,"decision":"ALLOW_CAPPED","cert_hash":"59440091ec0117907efc30557c10b70acd599856acb37648cef91a8ce3786473","prev_hash":"46fcac537e57368d43979d7f3a856717ef8db86462eccde8152d811b7a315930","record_hash":"4f1cf0874019dfd9fcb146b9bd48691be19d24df812e0255071be5fc21dae2e4","signature_hex":"0bcc94628d15e7c60939d3c88ebfeebc846e3b2dca3b3213e2e0819429658a39184fd3c79865fb760bbb46da9cfa8bc23915f2eb932e4518e8b8121ee46a920a","public_key_hex":"c2f8243b0d573587f285c830a868acd19249d17d59ecbf9329e796dfed6fb630"}
{"seq":104,"ts":1781146800000,"agent_id":"baseline-momentum","symbol":"BTCUSDT","side":"buy","price":62670.496763033996,"quantity":0.03191294314392117,"notional_usd":2000.0,"fee_usd":1.2,"balance_before_usd":10735.086517943646,"balance_after_usd":10733.286657913653,"decision":"ALLOW_CAPPED","cert_hash":"62a023071199ba4dc61cc486a53ab598849a864cf398b1621178bc77ba1a1037","prev_hash":"4f1cf0874019dfd9fcb146b9bd48691be19d24df812e0255071be5fc21dae2e4","record_hash":"b4abfd88c16335b5690d95ed0780a5d204495a66bf57ab38093dc3a3db0965a4","signature_hex":"cbf141aeb127d3c49b5b410f79e37c2a3b41737a823962fcd81f0a283e4b082a9ce9f77173a2adf52828bec5b3b9a48920f024bc9b657f6c0d77e936219c4f0d","public_key_hex":"c2f8243b0d573587f285c830a868acd19249d17d59ecbf9329e796dfed6fb630"}
{"seq":105,"ts":1781150400000,"agent_id":"baseline-momentum","symbol":"BTCUSDT","side":"buy","price":62698.22936714395,"quantity":0.011153895989548837,"notional_usd":699.32952909,"fee_usd":0.41959771745400004,"balance_before_usd":10735.655036131993,"balance_after_usd":10735.071148585423,"decision":"ALLOW","cert_hash":"cedefa6d245f00abc130b9e1707b54073e2fffef289c5f42dd33a8839232d3c8","prev_hash":"b4abfd88c16335b5690d95ed0780a5d204495a66bf57ab38093dc3a3db0965a4","record_hash":"b2b452b9465932eb3511cc5a259491908e35ec72624e966edea2fa5632eec648","signature_hex":"5ddb51bcc481bf980a3d0b08359dbc2fc8566b5ba2e4e4f011a4e82c06d44356834c543128f2fb61dd24f7700da02c8552ccb9b4033533c41e02d1030ef9560c","public_key_hex":"c2f8243b0d573587f285c830a868acd19249d17d59ecbf9329e796dfed6fb630"}
{"seq":106,"ts":1781456400000,"agent_id":"baseline-momentum","symbol":"BTCUSDT","side":"sell","price":63685.689834096,"quantity":0.03140422919513139,"notional_usd":2000.0,"fee_usd":1.2,"balance_before_usd":10822.526291565526,"balance_after_usd":10820.72615153552,"decision":"ALLOW_CAPPED","cert_hash":"144dcd3eee562f0039bbfea0d7bef29092c427571612e37f7a545744ab4a2834","prev_hash":"b2b452b9465932eb3511cc5a259491908e35ec72624e966edea2fa5632eec648","record_hash":"e2417fd97c7230fc971f23d521e0017ec1c01e917e4d2297b1c935f257932508","signature_hex":"8ae0354e825fcc1652227751caaf2b74db38cdcc0134d1d93bd67ecfdab430f30c5ebf6bd77caf847c8340acdbd7a4a52dd0fd4c51784c91b38e8b620987640b","public_key_hex":"c2f8243b0d573587f285c830a868acd19249d17d59ecbf9329e796dfed6fb630"}
{"seq":107,"ts":1781460000000,"agent_id":"baseline-momentum","symbol":"BTCUSDT","side":"sell","price":63768.464995752,"quantity":0.03136346468639683,"notional_usd":2000.0,"fee_usd":1.2,"balance_before_usd":10825.216144590077,"balance_after_usd":10823.41600456007,"decision":"ALLOW_CAPPED","cert_hash":"6400910c47a06dd2da71677650abbb88d893087c0744282b1ba1bf9cac6602aa","prev_hash":"e2417fd97c7230fc971f23d521e0017ec1c01e917e4d2297b1c935f257932508","record_hash":"2729eb912a356f350d7f738c924324bdb7d12497c1abea1f42f5a25cc4893d68","signature_hex":"249a2a0b2989efb3735ac04a3d7799c8d0006de0478469df8f3a34d0a2b798cb91828e5055c47006ec7a2d66e6626d0daf48abdecc4b13170b373f38e443770d","public_key_hex":"c2f8243b0d573587f285c830a868acd19249d17d59ecbf9329e796dfed6fb630"}
{"seq":108,"ts":1781463600000,"agent_id":"baseline-momentum","symbol":"BTCUSDT","side":"sell","price":63765.265955688,"quantity":0.03136503816027126,"notional_usd":2000.0,"fee_usd":1.2,"balance_before_usd":10823.34284134544,"balance_after_usd":10821.542701315433,"decision":"ALLOW_CAPPED","cert_hash":"fedfa12207108975cddc730f992ca1fb3bb254624413416e10e8dd97a83e27a8","prev_hash":"2729eb912a356f350d7f738c924324bdb7d12497c1abea1f42f5a25cc4893d68","record_hash":"ffc05fceeed23773c32dd2e96623a9df94bcf8022ec728493b4509f42f4e9541","signature_hex":"72f6bc0c619bdecf785f302a063428a54e855a00f1cc8eab0b36e1f6ec1a97bc3c847e2f51190e7030f36830040e8724027fa62436e21e194e3714d41f2d3306","public_key_hex":"c2f8243b0d573587f285c830a868acd19249d17d59ecbf9329e796dfed6fb630"}
{"seq":109,"ts":1781467200000,"agent_id":"baseline-momentum","symbol":"BTCUSDT","side":"sell","price":63961.30712961,"quantity":0.03126890443228806,"notional_usd":2000.0,"fee_usd":1.2,"balance_before_usd":10819.875550578681,"balance_after_usd":10818.075410548674,"decision":"ALLOW_CAPPED","cert_hash":"b7c48db11d08dab2a487e188615fd74e24203548d8670443237b17f0da9b9b94","prev_hash":"ffc05fceeed23773c32dd2e96623a9df94bcf8022ec728493b4509f42f4e9541","record_hash":"72578a562df408843f0013cf765729d669b2593ef9da21c47733144c44abcd88","signature_hex":"b532cd4da105b97e75f025cd157fd8084048e2c62f9bf4b6e23784cff67f6c3c086f093d80e3e973b67c0f05899e462792e3c50fd1843b447ef6a76a98379d09","public_key_hex":"c2f8243b0d573587f285c830a868acd19249d17d59ecbf9329e796dfed6fb630"}
{"seq":110,"ts":1781470800000,"agent_id":"baseline-momentum","symbol":"BTCUSDT","side":"buy","price":65301.885995646,"quantity":0.0306269867938171,"notional_usd":2000.0,"fee_usd":1.2,"balance_before_usd":10766.302254332892,"balance_after_usd":10764.502394302897,"decision":"ALLOW_CAPPED","cert_hash":"8b4c5e06f95ccc178fbea14790f934db9f639328a03a87655382bf972189bc07","prev_hash":"72578a562df408843f0013cf765729d669b2593ef9da21c47733144c44abcd88","record_hash":"b0dc7e2e12d8919a1be76cae48ab48b5a251d4128bd9bc41fd27753c79c03d1a","signature_hex":"db23d83bb661181bc6f0c0c5cb009ce0de0fcd8e5d8d4916b5086e817a46fcfce5c413a78adb70d037b20985d2d11e347ede6d21c4aaf14f932056359f25d406","public_key_hex":"c2f8243b0d573587f285c830a868acd19249d17d59ecbf9329e796dfed6fb630"}
{"seq":111,"ts":1781474400000,"agent_id":"baseline-momentum","symbol":"BTCUSDT","side":"buy","price":65404.916897705996,"quantity":0.03057874078684362,"notional_usd":2000.0,"fee_usd":1.2,"balance_before_usd":10763.560618826494,"balance_after_usd":10761.7607587965,"decision":"ALLOW_CAPPED","cert_hash":"161c00f57f12ab1e71f266cb17be3e96789973b31a71b73252863f853534fd70","prev_hash":"b0dc7e2e12d8919a1be76cae48ab48b5a251d4128bd9bc41fd27753c79c03d1a","record_hash":"a3aa0e47739097f4ac5838733de629afbc25703417f4263f905fb3f4613af474","signature_hex":"718d6654cb80d34a7f32e11ead0b4947243e60e7c6aaec8904af6212ada1295045b7936f0fb6e45f32b40532dbda4586a6b28e7479973b81556677894ff8e309","public_key_hex":"c2f8243b0d573587f285c830a868acd19249d17d59ecbf9329e796dfed6fb630"}
{"seq":112,"ts":1781478000000,"agent_id":"baseline-momentum","symbol":"BTCUSDT","side":"buy","price":65722.012004046,"quantity":0.030431204691007865,"notional_usd":2000.0,"fee_usd":1.2,"balance_before_usd":10768.555745586902,"balance_after_usd":10766.755885556908,"decision":"ALLOW_CAPPED","cert_hash":"b629940ccd93e85a95a7fa5911dad8e0c6665f8b18be75f90e0a03d28f26fd68","prev_hash":"a3aa0e47739097f4ac5838733de629afbc25703417f4263f905fb3f4613af474","record_hash":"4557d6cf7518b1f6d7d2b59339c28ecb2d42d594f1a6f2310a429b468f784bb4","signature_hex":"f3f9e608fbdaba6fd43a4513a82a5245260b3c43b24a7df40d16453e5d37d6e8a81baeb057fa6d14119d7885751a32182986422a5f12882420a481fbb5d8cc08","public_key_hex":"c2f8243b0d573587f285c830a868acd19249d17d59ecbf9329e796dfed6fb630"}
{"seq":113,"ts":1781481600000,"agent_id":"baseline-momentum","symbol":"BTCUSDT","side":"buy","price":65611.3082977842,"quantity":0.030154835287392327,"notional_usd":1978.49819471,"fee_usd":1.187098916826,"balance_before_usd":10761.019451292786,"balance_after_usd":10759.241067386014,"decision":"ALLOW","cert_hash":"ba326f78cf6598321d31b5cfb28fb48556e0f4caa2668e13c3964804e5dee2d7","prev_hash":"4557d6cf7518b1f6d7d2b59339c28ecb2d42d594f1a6f2310a429b468f784bb4","record_hash":"20332ed0dfb1e36c869332327f9d851b0252977332906ab0a851d9ef5e461706","signature_hex":"eab658ac7b3919f03797c49514654091ea05ad84c477a8fc5437676af1f8fe907abc94320db29975e7ab642f8f28275b2c7bc92634e6d53c070de4bb89d00100","public_key_hex":"c2f8243b0d573587f285c830a868acd19249d17d59ecbf9329e796dfed6fb630"}
{"seq":114,"ts":1781607600000,"agent_id":"baseline-momentum","symbol":"BTCUSDT","side":"sell","price":66435.964559118,"quantity":0.030104176454310395,"notional_usd":2000.0,"fee_usd":1.2,"balance_before_usd":10830.123900372775,"balance_after_usd":10828.32376034277,"decision":"ALLOW_CAPPED","cert_hash":"b17932a023110d1eb3c591fd35f38f3073747d0e41e70947ba7173861369d779","prev_hash":"20332ed0dfb1e36c869332327f9d851b0252977332906ab0a851d9ef5e461706","record_hash":"652681ce13c6330d8cd298a53cd5990e9af5dba0a4f0e3f96111db4d3a561fd7","signature_hex":"600038354d96f5f7fd0aac835147ab81c3ea839de338495c3ebf607477a48b2370198d8d6e96a575b803eba4261d0c200551d841403682cf9815ae2d5976c604","public_key_hex":"c2f8243b0d573587f285c830a868acd19249d17d59ecbf9329e796dfed6fb630"}
{"seq":115,"ts":1781611200000,"agent_id":"baseline-momentum","symbol":"BTCUSDT","side":"sell","price":66375.0828279,"quantity":0.030131789141200484,"notional_usd":2000.0,"fee_usd":1.2,"balance_before_usd":10825.162005719973,"balance_after_usd":10823.361865689965,"decision":"ALLOW_CAPPED","cert_hash":"de675b4b6ee9c4a6bee5a43a48f792df9b175926043f7b28e308d4ae0c1f6114","prev_hash":"652681ce13c6330d8cd298a53cd5990e9af5dba0a4f0e3f96111db4d3a561fd7","record_hash":"84efba7686d8b7ff4f4f39eed593424b03bc9003f8daab9422c6d04cec464d77","signature_hex":"b3b156361852a8e07fa0f22b627761d9cc9cd4bf77d62bae76145d0d0ebd32ed66ea513b94d561a95cbf8ee2ce4642a4f09520dd911431ffc3ca748ab8c7ea04","public_key_hex":"c2f8243b0d573587f285c830a868acd19249d17d59ecbf9329e796dfed6fb630"}
{"seq":116,"ts":1781614800000,"agent_id":"baseline-momentum","symbol":"BTCUSDT","side":"sell","price":66000.49523040601,"quantity":0.030302802926221267,"notional_usd":2000.0,"fee_usd":1.2,"balance_before_usd":10815.198889820706,"balance_after_usd":10813.398749790698,"decision":"ALLOW_CAPPED","cert_hash":"452f824da458524d782295297a56915aafa3e01f99961367d7276be4cc9b2ecf","prev_hash":"84efba7686d8b7ff4f4f39eed593424b03bc9003f8daab9422c6d04cec464d77","record_hash":"55563f30f5b7aa5c251f3305876b3b5782d4d2eee9b5a77f2d569d9fc5bd089f","signature_hex":"2c406bacdde06e08623833c754c0d03d65e3a2b048ca0adf0c596e26999e7f89ae701d5d0748e15ea4c4bebc185d25c01968f733bfdc212acfb646379794e604","public_key_hex":"c2f8243b0d573587f285c830a868acd19249d17d59ecbf9329e796dfed6fb630"}
{"seq":117,"ts":1781618400000,"agent_id":"baseline-momentum","symbol":"BTCUSDT","side":"sell","price":65610.112372596,"quantity":0.03048310584566776,"notional_usd":2000.0,"fee_usd":1.2,"balance_before_usd":10816.724809713834,"balance_after_usd":10814.924669683829,"decision":"ALLOW_CAPPED","cert_hash":"d0f1834ef370a81ebc8077f67581043e467b5f930a78349320d33a89498e7c50","prev_hash":"55563f30f5b7aa5c251f3305876b3b5782d4d2eee9b5a77f2d569d9fc5bd089f","record_hash":"10fba56b897e8a338687f2499f36ae038c3ac74d3f6e5d094c23b572b3a970d6","signature_hex":"9cab1cadd6296614e07f2874bd3aab74acdb0695f234f3f879b41c4f5c4fbc6a43983c9a5a2ba3a66f03b99098c8bc4725eef5ad811ec3fece87f3dddb2edd06","public_key_hex":"c2f8243b0d573587f285c830a868acd19249d17d59ecbf9329e796dfed6fb630"}
{"seq":118,"ts":1781622000000,"agent_id":"baseline-momentum","symbol":"BTCUSDT","side":"sell","price":65814.75096669,"quantity":0.030388324359264612,"notional_usd":2000.0,"fee_usd":1.2,"balance_before_usd":10806.941258157256,"balance_after_usd":10805.141118127249,"decision":"ALLOW_CAPPED","cert_hash":"9a69132172c96a6a2dc8dbebc3260990ccaf4e876ca31f7b265fe76c89d9c4b5","prev_hash":"10fba56b897e8a338687f2499f36ae038c3ac74d3f6e5d094c23b572b3a970d6","record_hash":"5a8185dc0353afa3b1aab951722b86f5c3dd0c8137ad96de956f3dd6a2e01b0a","signature_hex":"dbb7f36f0501ff58f336b432aba55d6a59311c4624a4007812786fec2fc11e4413a3fcf92d22e98473e5162642135fdcee468ccc4baf0754c6c5575b7f66f30c","public_key_hex":"c2f8243b0d573587f285c830a868acd19249d17d59ecbf9329e796dfed6fb630"}
{"seq":119,"ts":1781625600000,"agent_id":"baseline-momentum","symbol":"BTCUSDT","side":"sell","price":65717.0772685968,"quantity":0.012857441945364251,"notional_usd":844.9535058,"fee_usd":0.50697210348,"balance_before_usd":10812.184088349895,"balance_after_usd":10811.472390651787,"decision":"ALLOW","cert_hash":"8c50dd191376af7b6528484e683bc0a283bd963b249f1aa5682c9637e327cc9a","prev_hash":"5a8185dc0353afa3b1aab951722b86f5c3dd0c8137ad96de956f3dd6a2e01b0a","record_hash":"a46cc90c3ce0e8306504ad5d9251d302cbeaff7a3bcbb48e36a0f103d14b10cc","signature_hex":"ee7eb2848c436443c69edca4c2f50135e8b8640bc4f782c35a0188596f4a5027ccbb9dbedbddac6a3db4d52a3b1050299b9e937c584c18efad14d178751eca0e","public_key_hex":"c2f8243b0d573587f285c830a868acd19249d17d59ecbf9329e796dfed6fb630"}
{"seq":120,"ts":1781755200000,"agent_id":"baseline-momentum","symbol":"BTCUSDT","side":"sell","price":63836.19081467306,"quantity":0.0036308736350340624,"notional_usd":231.78114219,"fee_usd":0.139068685314,"balance_before_usd":10966.366868410452,"balance_after_usd":10966.178749580302,"decision":"ALLOW","cert_hash":"4dbb88669974c3465f0c380bb43705e1c7ee3bf56427691db95e17b0c9476d25","prev_hash":"a46cc90c3ce0e8306504ad5d9251d302cbeaff7a3bcbb48e36a0f103d14b10cc","record_hash":"be0dc4e3466a9401dc78f1fbf252490dafc6908289e06e2de4fef4f5254bd749","signature_hex":"c59fb0cfdf7b4bb48f8f637f706dfca210f3e1ccece99a202c04600ee7f2e9f87a052c5c8840055b5356a8718338b298881413d2ed3c015f2bbe954782000a0a","public_key_hex":"c2f8243b0d573587f285c830a868acd19249d17d59ecbf9329e796dfed6fb630"}
{"seq":121,"ts":1781874000000,"agent_id":"baseline-momentum","symbol":"BTCUSDT","side":"buy","price":63192.95346348,"quantity":0.03164909836277592,"notional_usd":2000.0,"fee_usd":1.2,"balance_before_usd":11024.205963328739,"balance_after_usd":11022.406103298745,"decision":"ALLOW_CAPPED","cert_hash":"44a5c8de9a6a484e7ae19eb05bae3f218db3006c1fb4a6f11ef3e67074e8a7ec","prev_hash":"be0dc4e3466a9401dc78f1fbf252490dafc6908289e06e2de4fef4f5254bd749","record_hash":"380d19d5d06cb2b8eee8d6071a62801882c96a8fe5dd0571898235818670816f","signature_hex":"38e685f0892b23a10bd861234fc855cac9b794898d7ee37fcb8ad9f9a84289fb4ba976fd277e1454255adfab9671d0bdc31fc11ae53e5b6d8abeeb9143285c0b","public_key_hex":"c2f8243b0d573587f285c830a868acd19249d17d59ecbf9329e796dfed6fb630"}
{"seq":122,"ts":1781877600000,"agent_id":"baseline-momentum","symbol":"BTCUSDT","side":"buy","price":63188.252053386,"quantity":0.03165145315794233,"notional_usd":2000.0,"fee_usd":1.2,"balance_before_usd":11022.660975304854,"balance_after_usd":11020.86111527486,"decision":"ALLOW_CAPPED","cert_hash":"175a24d0200c2bea57c324e5ead685fd21c7069b66d408930b03ce6a277613ef","prev_hash":"380d19d5d06cb2b8eee8d6071a62801882c96a8fe5dd0571898235818670816f","record_hash":"1f16905b9b18ee4e64361c96dfb7d87b0b6a468daf08ffd606189579a5cc1a00","signature_hex":"438dff636875f00a79fa9c36cf6200d627e648763a7449b303bec5a8d994e915ec0eea34845eee7469887cf5feebd8c27096691d1c93a48d6317ba05f4eebe00","public_key_hex":"c2f8243b0d573587f285c830a868acd19249d17d59ecbf9329e796dfed6fb630"}
{"seq":123,"ts":1781910000000,"agent_id":"baseline-momentum","symbol":"BTCUSDT","side":"buy","price":63531.855110256,"quantity":0.031480270748101266,"notional_usd":2000.0,"fee_usd":1.2,"balance_before_usd":11013.106041754063,"balance_after_usd":11011.306181724069,"decision":"ALLOW_CAPPED","cert_hash":"d7589cd0a587f21e23e56677edfffa5f64aaa06d4877c26651fe5a83779819d9","prev_hash":"1f16905b9b18ee4e64361c96dfb7d87b0b6a468daf08ffd606189579a5cc1a00","record_hash":"9e8c7271ba36e49610e313053ff1eadfb72f24eb4a74812fc262277ae8453fdb","signature_hex":"7f462c72e6f67846ee310cdbb9e5e216d2ef6b27ee3a2187d7fb3f28a9b3cb05158332f341ce669f4de77d12835c997c6331afbc2b1126761fb4f4065f805806","public_key_hex":"c2f8243b0d573587f285c830a868acd19249d17d59ecbf9329e796dfed6fb630"}
{"seq":124,"ts":1781913600000,"agent_id":"baseline-momentum","symbol":"BTCUSDT","side":"buy","price":63509.948539818,"quantity":0.03149112927947165,"notional_usd":2000.0,"fee_usd":1.2,"balance_before_usd":11011.111192062823,"balance_after_usd":11009.311332032828,"decision":"ALLOW_CAPPED","cert_hash":"83a4cd74d0dbc3837c8a8e746009c8550978b60e398906274e31f35a6eef10d6","prev_hash":"9e8c7271ba36e49610e313053ff1eadfb72f24eb4a74812fc262277ae8453fdb","record_hash":"9b8a540c4edb9ccad93a7e58778944e88a1f2639811d7a0f659c4dbbfab5b4d1","signature_hex":"507ee1529bdd1f5367dc0fc38f7a90b8eada49e39e2dfaa8930bc1d8dfc582f7dd811f5d1069fb05cfdfc33322a74eadc935c2826cd6933a00da7366fdb9e107","public_key_hex":"c2f8243b0d573587f285c830a868acd19249d17d59ecbf9329e796dfed6fb630"}
{"seq":125,"ts":1781917200000,"agent_id":"baseline-momentum","symbol":"BTCUSDT","side":"buy","price":63564.865010916,"quantity":0.03146392271353899,"notional_usd":2000.0,"fee_usd":1.2,"balance_before_usd":11011.52900472901,"balance_after_usd":11009.729144699017,"decision":"ALLOW_CAPPED","cert_hash":"f46f629a97d9b1d8c911295f4c6663756aee6a75dc8af0a49f1d7cbeace05f50","prev_hash":"9b8a540c4edb9ccad93a7e58778944e88a1f2639811d7a0f659c4dbbfab5b4d1","record_hash":"c95d8d5a0e5719f1d7ef38e7176fe239b64866ac4e0e916f66e2dd5cd6c65c30","signature_hex":"69df1f6af79dc4666cbade4fe6fc7d0cd75de847eb37b7f3cf28f04123511c653fd194019445f614aab8b18adbcbc8f390759a0c513c5b483cb51543e2950108","public_key_hex":"c2f8243b0d573587f285c830a868acd19249d17d59ecbf9329e796dfed6fb630"}
{"seq":126,"ts":1781924400000,"agent_id":"baseline-momentum","symbol":"BTCUSDT","side":"buy","price":63454.67792797056,"quantity":0.01485129144725516,"notional_usd":942.3839156,"fee_usd":0.56543034936,"balance_before_usd":11002.054636661185,"balance_after_usd":11001.256368834245,"decision":"ALLOW","cert_hash":"4e8cbecf9886aa7e5ac369581b7769ca554cdb75bb49d8d9c9bc399812b89c84","prev_hash":"c95d8d5a0e5719f1d7ef38e7176fe239b64866ac4e0e916f66e2dd5cd6c65c30","record_hash":"715579750e1d2189e71be3a949fa78f1dced868c332461fce5b249d4b344d8d1","signature_hex":"1b5945a304fb461c8d2aff382d75ab8ee79f9d6fb15f00a97d59c71aa9caa14e4004d2ef9f56bf8ed19c76f94cc46207d8282e03a89080cc440a5c9416f1d40b","public_key_hex":"c2f8243b0d573587f285c830a868acd19249d17d59ecbf9329e796dfed6fb630"}
{"seq":127,"ts":1778515200000,"agent_id":"baseline-momentum","symbol":"BTCUSDT","side":"buy","price":81544.4576304,"quantity":0.0245264982822621,"notional_usd":2000.0,"fee_usd":1.2,"balance_before_usd":10000.0,"balance_after_usd":9998.200139970006,"decision":"ALLOW_CAPPED","cert_hash":"114f14d8997000c3d864a6de9a88838d1f8ffe63820b29e2f4d07ae25346a831","prev_hash":"715579750e1d2189e71be3a949fa78f1dced868c332461fce5b249d4b344d8d1","record_hash":"49c900f4e43c5431a0edc284156ff9a06923ab1d128024d67acd1fa3fd53c0af","signature_hex":"f4328d875d6766de3856a91ce6ac329abed072da3d768665af70a76e61c0e39ec48f00bd2d695204de886b25345fc10bd5febf9cf0e365b78df9b5526b63b60a","public_key_hex":"c2f8243b0d573587f285c830a868acd19249d17d59ecbf9329e796dfed6fb630"}
{"seq":128,"ts":1778518800000,"agent_id":"baseline-momentum","symbol":"BTCUSDT","side":"buy","price":81913.16821777199,"quantity":0.024416098699574867,"notional_usd":2000.0,"fee_usd":1.2,"balance_before_usd":10007.240607236849,"balance_after_usd":10005.440747206856,"decision":"ALLOW_CAPPED","cert_hash":"263602c1579d617ca28fe7aec35818a015fa6019e04573d9e9fa8933fd0c57b0","prev_hash":"49c900f4e43c5431a0edc284156ff9a06923ab1d128024d67acd1fa3fd53c0af","record_hash":"a29e048b545b0edaf39d8e9600588782e168178fa330cfb06c79faa732504dd6","signature_hex":"6f3dec54eafaea1d8c80679584d95aa80ec4b42e64631b1d5bc5619b2d1af9e34c50aa0b320d282c2971c74679715509ded68c29163560f594bd982968587906","public_key_hex":"c2f8243b0d573587f285c830a868acd19249d17d59ecbf9329e796dfed6fb630"}
{"seq":129,"ts":1778536800000,"agent_id":"baseline-momentum","symbol":"BTCUSDT","side":"buy","price":81801.93638006752,"quantity":0.012194094010506315,"notional_usd":997.50050246,"fee_usd":0.598500301476,"balance_before_usd":10000.198995070099,"balance_after_usd":9999.351291628846,"decision":"ALLOW","cert_hash":"e271cb0edace3ff1f2a527cff5a2292fc124f0bc679773f954ad0d32c2e72f0b","prev_hash":"a29e048b545b0edaf39d8e9600588782e168178fa330cfb06c79faa732504dd6","record_hash":"47eb4e927577f2e3b3689bb3dbce49e4a20bbf40b35b205618e430838ccff87f","signature_hex":"f48f184c66e7a2df57906488ab6b92682b10cbacbcc1b536d3d083e1541aba2d608eba084d0384419a23e85397c8c42f8cff8dfcd03ea9b812be7578d8185d01","public_key_hex":"c2f8243b0d573587f285c830a868acd19249d17d59ecbf9329e796dfed6fb630"}
{"seq":130,"ts":1778583600000,"agent_id":"baseline-momentum","symbol":"BTCUSDT","side":"sell","price":80728.475805054,"quantity":0.024774405562043203,"notional_usd":2000.0,"fee_usd":1.2,"balance_before_usd":9936.561832249266,"balance_after_usd":9934.761692219261,"decision":"ALLOW_CAPPED","cert_hash":"e414fd1da88c562635a884975f328ea2dd4044428cfb16c693c7bcf23518badd","prev_hash":"47eb4e927577f2e3b3689bb3dbce49e4a20bbf40b35b205618e430838ccff87f","record_hash":"9328b8369cda14be133b03cf1b53cbc6aa540b5f797f60a17ed67ba21e9ed243","signature_hex":"8e577e7a6d2ec484361c19ef07edbe8d6ff84d468e975d169456d5ca32f80e505ceed337638e986bc3a1357a97db659772fa91e184c6f53100ddb70286f84202","public_key_hex":"c2f8243b0d573587f285c830a868acd19249d17d59ecbf9329e796dfed6fb630"}
