{"seq":0,"ts":1781782560000,"agent_id":"benchmark-buyhold","symbol":"BTCUSDT","side":"buy","price":63987.991919376,"quantity":0.03125586442093655,"notional_usd":2000.0,"fee_usd":1.2,"balance_before_usd":10000.0,"balance_after_usd":9998.200139970006,"decision":"ALLOW_CAPPED","cert_hash":"bd2f2ec2607f839e2421f6c9b4f4beaa9db60edaed2885c92938a186b1b420b8","prev_hash":"0000000000000000000000000000000000000000000000000000000000000000","record_hash":"73ba8caf8bdf353570bd112400ee84038fc1c89f2addb6796ee332e913339afa","signature_hex":"ebf69ffa014697c140f9c6ac6cd7cd809bc12ba2c8c5a5015f421eb196633ffc0bf4e2adac78c1432926f62336e01a22b87db35d3acdd6d1c3ecdf5260a5fd06","public_key_hex":"c2f8243b0d573587f285c830a868acd19249d17d59ecbf9329e796dfed6fb630"}
{"seq":1,"ts":1781782620000,"agent_id":"benchmark-buyhold","symbol":"BTCUSDT","side":"buy","price":63961.684028849995,"quantity":0.03126872017781611,"notional_usd":2000.0,"fee_usd":1.2,"balance_before_usd":9997.378110735735,"balance_after_usd":9995.578250705741,"decision":"ALLOW_CAPPED","cert_hash":"11553b633142e5763c9e13d3a0befc71d22bf9c316813752241a903555cc046b","prev_hash":"73ba8caf8bdf353570bd112400ee84038fc1c89f2addb6796ee332e913339afa","record_hash":"495de201101b9c687f071fc6a5913b233e6a19bbb30904237a21b7b47253f7df","signature_hex":"fa9eae792892c8fa1588875c8fd6e53a940aff44a839d279660d4ad1a98a2216b8b4c1679c56f2b1573fe89847a5c42ec249753c813791a0ffb8cd203649750d","public_key_hex":"c2f8243b0d573587f285c830a868acd19249d17d59ecbf9329e796dfed6fb630"}
{"seq":2,"ts":1781782680000,"agent_id":"benchmark-buyhold","symbol":"BTCUSDT","side":"buy","price":63940.377323290304,"quantity":0.03127759786383893,"notional_usd":1999.90140918,"fee_usd":1.199940845508,"balance_before_usd":9994.246477053788,"balance_after_usd":9992.446715602302,"decision":"ALLOW","cert_hash":"9dc342b2a7decae48afe545280323f62d6c0b40aa67e808df7874240a7bc88b3","prev_hash":"495de201101b9c687f071fc6a5913b233e6a19bbb30904237a21b7b47253f7df","record_hash":"8a4d7c1b88cba7e364754ba6bf8565e13bb387e7e8d3e6336927acf6fbb5c532","signature_hex":"320bb6916aa6b690b1fcf0bea8808544a5488d6879a56fb6893a1e6daf581024b5bcf9288048bd16ea32b63c5a3c39c27674b7dd1ecaef446e1d762546986306","public_key_hex":"c2f8243b0d573587f285c830a868acd19249d17d59ecbf9329e796dfed6fb630"}
{"seq":3,"ts":1781782680000,"agent_id":"benchmark-buyhold","symbol":"BTCUSDT","side":"buy","price":63940.37763842399,"quantity":0.031279139627697954,"notional_usd":2000.0,"fee_usd":1.2,"balance_before_usd":10000.0,"balance_after_usd":9998.200139970006,"decision":"ALLOW_CAPPED","cert_hash":"9c9f6d9ec97809c202ce13b4818f0c67e1c3143301d7e57a9c901eff474d41d1","prev_hash":"8a4d7c1b88cba7e364754ba6bf8565e13bb387e7e8d3e6336927acf6fbb5c532","record_hash":"ba56c61a8ae5cc3f7456e129b0fc0dc4da57cf8d337fd34634a192057b6493d8","signature_hex":"83f4a51de257bbceefab6cc6f7e7e19dc9d3a3f183b1378b7e391ae3788ffd661ac369984b01da856954f7d2e7816ca341c41031c8e4b1503e882ad825622d02","public_key_hex":"c2f8243b0d573587f285c830a868acd19249d17d59ecbf9329e796dfed6fb630"}
{"seq":4,"ts":1781782740000,"agent_id":"benchmark-buyhold","symbol":"BTCUSDT","side":"buy","price":63966.485468946004,"quantity":0.03126637309112357,"notional_usd":2000.0,"fee_usd":1.2,"balance_before_usd":9999.01652551429,"balance_after_usd":9997.216665484297,"decision":"ALLOW_CAPPED","cert_hash":"eef2b0878620f066d88d11a72a5d4333fec78abb00556987033a80b7f92dffc2","prev_hash":"ba56c61a8ae5cc3f7456e129b0fc0dc4da57cf8d337fd34634a192057b6493d8","record_hash":"ad327edcc514f98026c9d21fe25e836915d5c566e979d92568d4caf8dd1b52cd","signature_hex":"a49cedcbb46a1aedd54fa397700c9c8af62ce667b2f8d20c7e4f3e72ec8bb953105da84266cfa6bfe78e8865724067d8967f8b69145b5ba7651fa139f2276b00","public_key_hex":"c2f8243b0d573587f285c830a868acd19249d17d59ecbf9329e796dfed6fb630"}
{"seq":5,"ts":1781782800000,"agent_id":"benchmark-buyhold","symbol":"BTCUSDT","side":"buy","price":63955.779000927905,"quantity":0.03125567477758339,"notional_usd":1998.9810286,"fee_usd":1.19938861716,"balance_before_usd":9996.547428498205,"balance_after_usd":9994.748587265483,"decision":"ALLOW","cert_hash":"5caab2cea09b7185fb3d71d373c2b3aa824d5225c399d82a0dcbd23c236dfc4c","prev_hash":"ad327edcc514f98026c9d21fe25e836915d5c566e979d92568d4caf8dd1b52cd","record_hash":"1a15256fe4c557ea945ce715823651a6841ef40b9168595672440e4990962481","signature_hex":"0b9a3641150b6da356b920e5fb6ca1d0ffededfd7979ce7f858dec19b84b9760c6870133b02b184edf5e80ec8edadb222e47eac06e1c89d1185181fb479d1401","public_key_hex":"c2f8243b0d573587f285c830a868acd19249d17d59ecbf9329e796dfed6fb630"}
{"seq":6,"ts":1781784000000,"agent_id":"benchmark-buyhold","symbol":"BTCUSDT","side":"buy","price":63967.785858972,"quantity":0.03126573748244694,"notional_usd":2000.0,"fee_usd":1.2,"balance_before_usd":10000.0,"balance_after_usd":9998.200139970006,"decision":"ALLOW_CAPPED","cert_hash":"d1ecf1e221d658d67b91e0f672daabaf02e17dfd2089c4fc0fdb9e0c669e95de","prev_hash":"1a15256fe4c557ea945ce715823651a6841ef40b9168595672440e4990962481","record_hash":"d23da209fbf62ac3846f1041ab0ede64d78ef503930d5904435cbb9808e5233e","signature_hex":"98de7e878a1ad083b82895cabc475220e8c83d3c451c41df46c8f4319e3e44168eeff23c9df2d4a9afc98927f08cec384e06204ae6823f582caeaaa71963550d","public_key_hex":"c2f8243b0d573587f285c830a868acd19249d17d59ecbf9329e796dfed6fb630"}
{"seq":7,"ts":1781784060000,"agent_id":"benchmark-buyhold","symbol":"BTCUSDT","side":"buy","price":63996.69452955,"quantity":0.031251614082607265,"notional_usd":2000.0,"fee_usd":1.2,"balance_before_usd":9999.103719783248,"balance_after_usd":9997.303859753256,"decision":"ALLOW_CAPPED","cert_hash":"0406c36bd21bcbcdc0c9d85b1a4fb2500538564f343521b1ef1e48b3c7c485ed","prev_hash":"d23da209fbf62ac3846f1041ab0ede64d78ef503930d5904435cbb9808e5233e","record_hash":"4b63f1b85b625bc2a7aab881c42ab94c41cb18500e2aeb14d1f0433b8414eb58","signature_hex":"6bc812669f887ca074c3bead61d2ffeb90c678544d4f92f42c92c67ac81d4e2e50b785db27c2e37e18b43de4b21f6ea921a0e326797ea5b4483608537490570e","public_key_hex":"c2f8243b0d573587f285c830a868acd19249d17d59ecbf9329e796dfed6fb630"}
{"seq":8,"ts":1781784120000,"agent_id":"benchmark-buyhold","symbol":"BTCUSDT","side":"buy","price":64034.59863605203,"quantity":0.031197676499923593,"notional_usd":1997.73069305,"fee_usd":1.1986384158299999,"balance_before_usd":9999.673267377571,"balance_after_usd":9997.87567612495,"decision":"ALLOW","cert_hash":"e55c17d678f0dbc7d2cf35b6d47847cb587f6293b6b70c40b703dba764a46fd1","prev_hash":"4b63f1b85b625bc2a7aab881c42ab94c41cb18500e2aeb14d1f0433b8414eb58","record_hash":"004455fac9e86b9fa40d57c2743db6ff5a2e1bf1ce5aee4b2c3dfa74c8864e35","signature_hex":"34c022ac6400cafe4eb015c3f0047102a11fdc9fbabcf544a2a96be517a5a0fa2975b244918dc84d6fa3e6e004ee65c848042c91753433de4de5c8dfe19d1c06","public_key_hex":"c2f8243b0d573587f285c830a868acd19249d17d59ecbf9329e796dfed6fb630"}
{"seq":9,"ts":1781791920000,"agent_id":"benchmark-buyhold","symbol":"BTCUSDT","side":"buy","price":63746.61952455,"quantity":0.031374212702051804,"notional_usd":2000.0,"fee_usd":1.2,"balance_before_usd":10000.0,"balance_after_usd":9998.200139970006,"decision":"ALLOW_CAPPED","cert_hash":"70c26c2cd3356c18b4be2862aa5acb637908d744914bbee1a94b01a155c66c2d","prev_hash":"004455fac9e86b9fa40d57c2743db6ff5a2e1bf1ce5aee4b2c3dfa74c8864e35","record_hash":"1283f7fe838b0a042cac5d59cc970a0ca98cf21c1781e38a8b20224aff25f48c","signature_hex":"3434c1d7ea470ea76ecb54aff98d48dc4868609140a463653cb3d7ddb00e33003b302ef537b383525274c272defeef94efea16b468ccca909234affc09298306","public_key_hex":"c2f8243b0d573587f285c830a868acd19249d17d59ecbf9329e796dfed6fb630"}
{"seq":10,"ts":1781791980000,"agent_id":"benchmark-buyhold","symbol":"BTCUSDT","side":"buy","price":63746.11937454,"quantity":0.03137445886311934,"notional_usd":2000.0,"fee_usd":1.2,"balance_before_usd":9998.184452863656,"balance_after_usd":9996.384592833661,"decision":"ALLOW_CAPPED","cert_hash":"9738a9e3c939ccf968f84cb936184c0daf6effa5381b912dcfb4303da10180a6","prev_hash":"1283f7fe838b0a042cac5d59cc970a0ca98cf21c1781e38a8b20224aff25f48c","record_hash":"9034f6e1d3848a0b709ccefb3a8e88b447504cbf3633cf461d1157b4faf2ac10","signature_hex":"4d80513087098e73aff0e90b4ff5b75c8fe67484b0e944f47f59f8ded60c067f16352b3c7f343342610289e2cf7d5bf1d7ed8d470a211fdb16ffd169ae00750d","public_key_hex":"c2f8243b0d573587f285c830a868acd19249d17d59ecbf9329e796dfed6fb630"}
{"seq":11,"ts":1781792040000,"agent_id":"benchmark-buyhold","symbol":"BTCUSDT","side":"buy","price":63769.1213940513,"quantity":0.03133913140720216,"notional_usd":1998.46887509,"fee_usd":1.199081325054,"balance_before_usd":9997.82781227966,"balance_after_usd":9996.029483073744,"decision":"ALLOW","cert_hash":"b76ea0df23371eba09e093ed27c7eb8043e207558a89471be31b56e081f277aa","prev_hash":"9034f6e1d3848a0b709ccefb3a8e88b447504cbf3633cf461d1157b4faf2ac10","record_hash":"56cb2024a260ade63ec7d6c4da1bd7e85910634a5448783cce31ad29e5938e96","signature_hex":"2b652d07c4079627639bdc37e0bab40f6c89eeba31e17a98f6e03e6779de4ba565f5528780d3c2e0c2fa0e28e694dea37d6f53616d9e9eac9e078d6a195cb007","public_key_hex":"c2f8243b0d573587f285c830a868acd19249d17d59ecbf9329e796dfed6fb630"}
{"seq":12,"ts":1781886780000,"agent_id":"benchmark-buyhold","symbol":"BTCUSDT","side":"buy","price":63259.673474814,"quantity":0.03161571804186238,"notional_usd":2000.0,"fee_usd":1.2,"balance_before_usd":10000.0,"balance_after_usd":9998.200139970006,"decision":"ALLOW_CAPPED","cert_hash":"1a306c6e258431102d7087be8ffcff222c5503b384f966ffa1333f0c42a28891","prev_hash":"56cb2024a260ade63ec7d6c4da1bd7e85910634a5448783cce31ad29e5938e96","record_hash":"105c97464fb1eb49ebc50acfd26cf5f4d376add5f3f784454e53964e04fd29b8","signature_hex":"4c31cf160c05b5719bedb4395375664920b9f05c297ac33cb1b6e5cad5c1baa5774a7d30e3693cbe18b5569317fa1a2ee52610dd48bd782d9b3f92cf4aedf703","public_key_hex":"c2f8243b0d573587f285c830a868acd19249d17d59ecbf9329e796dfed6fb630"}
{"seq":13,"ts":1781886840000,"agent_id":"benchmark-buyhold","symbol":"BTCUSDT","side":"buy","price":63276.178425144,"quantity":0.0316074714019907,"notional_usd":2000.0,"fee_usd":1.2,"balance_before_usd":9998.721799317696,"balance_after_usd":9996.921939287702,"decision":"ALLOW_CAPPED","cert_hash":"6bccd1b1e0285977760ab1bf9a7d9cfd912903c4b7610383ef74956fca3bf1d4","prev_hash":"105c97464fb1eb49ebc50acfd26cf5f4d376add5f3f784454e53964e04fd29b8","record_hash":"3f2c4dd7199a5a95b05e474d9eb55e5a8a6df4a81f7848a9548431eb6eeae2f5","signature_hex":"8e0f1a5509b04facf40338cc9094c4db29925e274ceda7ad639ab25a7b5db5cb9ac945f0afdd2e5c1866f8e096ceb98c4c5f193738d388ff10c213687c3bf90d","public_key_hex":"c2f8243b0d573587f285c830a868acd19249d17d59ecbf9329e796dfed6fb630"}
{"seq":14,"ts":1781886900000,"agent_id":"benchmark-buyhold","symbol":"BTCUSDT","side":"buy","price":63271.573716224855,"quantity":0.03159313792186278,"notional_usd":1998.94755495,"fee_usd":1.19936853297,"balance_before_usd":9996.631112616262,"balance_after_usd":9994.83230484971,"decision":"ALLOW","cert_hash":"8271e7920acc0893e1c88a0c5bff8bba98802c82bde56ab429cbb7aedca27d65","prev_hash":"3f2c4dd7199a5a95b05e474d9eb55e5a8a6df4a81f7848a9548431eb6eeae2f5","record_hash":"51f2fc6079138ac5e2450bbd81301b2e076e2eaf4ff6353694d26716f6d04736","signature_hex":"0eb0247de3c0f5ea8f04d2c1c778956cd4b9c3f033ea40835c383705c0bfcb309743b3ef42f4e1ffd2886d18a3e045da2f98bf9f3124a3822daf5dd4143f920b","public_key_hex":"c2f8243b0d573587f285c830a868acd19249d17d59ecbf9329e796dfed6fb630"}
{"seq":15,"ts":1778349600000,"agent_id":"benchmark-buyhold","symbol":"BTCUSDT","side":"buy","price":80892.46207736399,"quantity":0.024724182558409937,"notional_usd":2000.0,"fee_usd":1.2,"balance_before_usd":10000.0,"balance_after_usd":9998.200139970006,"decision":"ALLOW_CAPPED","cert_hash":"1df731043746b2683c18c299ef9c82408b90d85943af67360a77aa6c881dcbb5","prev_hash":"51f2fc6079138ac5e2450bbd81301b2e076e2eaf4ff6353694d26716f6d04736","record_hash":"719706cae17986b29b328ae93722f1c2043c64a64cc42ddb262cf64eb1dab8cd","signature_hex":"8a2323c6f853cdb08e33426a2ea0d3c6deeb8031a302a26dfbb2faf7826e1070b32099fad7a5257ed08332e7c0e53c9fe976de8b48caf29b3ab31ca079f5d201","public_key_hex":"c2f8243b0d573587f285c830a868acd19249d17d59ecbf9329e796dfed6fb630"}
{"seq":16,"ts":1778353200000,"agent_id":"benchmark-buyhold","symbol":"BTCUSDT","side":"buy","price":80923.77146799,"quantity":0.02471461677723603,"notional_usd":2000.0,"fee_usd":1.2,"balance_before_usd":9998.974006884086,"balance_after_usd":9997.174146854091,"decision":"ALLOW_CAPPED","cert_hash":"9799aeec72ab9933cdd87ef623bcbfd16a20b70f76fcf23c9e6782b3143e083b","prev_hash":"719706cae17986b29b328ae93722f1c2043c64a64cc42ddb262cf64eb1dab8cd","record_hash":"1846a7393da912eb83c80d97674343617ed16b683712ffff5418424265d5d5a4","signature_hex":"cb2c2521e44a86a5c17046123ad2d5d8c1033c326c101f19a004ab1e266089056e52a702b09edb02aaed7833da19653abfe2025f9119f41a935e88c91c8d300b","public_key_hex":"c2f8243b0d573587f285c830a868acd19249d17d59ecbf9329e796dfed6fb630"}
{"seq":17,"ts":1778356800000,"agent_id":"benchmark-buyhold","symbol":"BTCUSDT","side":"buy","price":80786.13018523798,"quantity":0.024756724890944947,"notional_usd":2000.0,"fee_usd":1.2,"balance_before_usd":9990.371368065506,"balance_after_usd":9988.571508035513,"decision":"ALLOW_CAPPED","cert_hash":"177e0317da44e82baa3f7ba3b51eeba6a9ddf176a932446d9ecfa7ebfaa79928","prev_hash":"1846a7393da912eb83c80d97674343617ed16b683712ffff5418424265d5d5a4","record_hash":"af87b519df80a9c4bc2483c165a2c77bf824567b4993277371e9d69425676381","signature_hex":"3a7e2785ba698a663370620d054520b6826f318451cc1fee51a86d7f3c196c19341c86b5901fbcbfacff6db7449e565051114b700b209a782a6c520c2a6fb30d","public_key_hex":"c2f8243b0d573587f285c830a868acd19249d17d59ecbf9329e796dfed6fb630"}
{"seq":18,"ts":1780455600000,"agent_id":"benchmark-buyhold","symbol":"BTCUSDT","side":"buy","price":65838.12782737799,"quantity":0.006748617846408999,"notional_usd":444.31636443,"fee_usd":0.266589818658,"balance_before_usd":8880.209088929008,"balance_after_usd":8879.843781493451,"decision":"ALLOW","cert_hash":"3b9ee463442124218b251a8477b20686f867e2f87a4e87f863d7683516146821","prev_hash":"af87b519df80a9c4bc2483c165a2c77bf824567b4993277371e9d69425676381","record_hash":"875b429ff5cdea5ac524d7a6c298727ffd41daac1f20afd57cdbb7bb4537244a","signature_hex":"d8cc79498685eeba70008416350963018ba7bc8b6c8708b8efa003dc4cac593363c38e8820daf9744779c26b4c171f616d6e09a92b325375b288006c15af7605","public_key_hex":"c2f8243b0d573587f285c830a868acd19249d17d59ecbf9329e796dfed6fb630"}
{"seq":19,"ts":1778356800000,"agent_id":"benchmark-buyhold","symbol":"BTCUSDT","side":"buy","price":80786.13018523798,"quantity":0.024756724890944947,"notional_usd":2000.0,"fee_usd":1.2,"balance_before_usd":10000.0,"balance_after_usd":9998.200139970008,"decision":"ALLOW_CAPPED","cert_hash":"55033f8a4837428eb25bba58f6125ebf307e8342a151594d3d4d4b2b6cbe0335","prev_hash":"875b429ff5cdea5ac524d7a6c298727ffd41daac1f20afd57cdbb7bb4537244a","record_hash":"420f7f194874cc8add12d8beabf6bc754f6754814ea83592c7ff292863ce3150","signature_hex":"73ac9be72af3e70b5b63baca729727968af373e1965220e628812b5add8febbc3a1ce36bda6010dc26bc734dab950868c3d8c9a350888ae9559352dee8755f03","public_key_hex":"c2f8243b0d573587f285c830a868acd19249d17d59ecbf9329e796dfed6fb630"}
{"seq":20,"ts":1778360400000,"agent_id":"benchmark-buyhold","symbol":"BTCUSDT","side":"buy","price":80759.82229471201,"quantity":0.02476478951007989,"notional_usd":2000.0,"fee_usd":1.2,"balance_before_usd":9997.549038105375,"balance_after_usd":9995.74917807538,"decision":"ALLOW_CAPPED","cert_hash":"cbc29355a9a986bce9a083dab9aee381f6c7f4534789dc382d8a92cfeba47e06","prev_hash":"420f7f194874cc8add12d8beabf6bc754f6754814ea83592c7ff292863ce3150","record_hash":"f6e1597dd4f5342ac26f9c9e8a9f6dcea5ee01383715492d011564ac5e4db32d","signature_hex":"85153f7712544171da4dce3aebe6a5a3f7f8774cfe298bf29c74a053e2d271bd6a22621c7359573bef2e6455d60d53a5b9c51bb1922abeafda5fddda877a8006","public_key_hex":"c2f8243b0d573587f285c830a868acd19249d17d59ecbf9329e796dfed6fb630"}
{"seq":21,"ts":1778364000000,"agent_id":"benchmark-buyhold","symbol":"BTCUSDT","side":"buy","price":80751.71768783208,"quantity":0.024760597492296876,"notional_usd":1999.46077848,"fee_usd":1.199676467088,"balance_before_usd":9995.348053808733,"balance_after_usd":9993.548732921041,"decision":"ALLOW","cert_hash":"bca77c1e94bc1a737eeeefc591890f7c0d0d83663be52a91b929ed2f80e0647e","prev_hash":"f6e1597dd4f5342ac26f9c9e8a9f6dcea5ee01383715492d011564ac5e4db32d","record_hash":"9845c1d004557decb6787481d5daf345c380e334a412c85163b199d76867be7f","signature_hex":"b2c55373f00d25b9d3f584e5941df67357c96eb034e6edaaa86cb8bed7bb000fbf96b34762ce9d79e49fb1558f582c7b7646afac01e1017330c2093f5247270a","public_key_hex":"c2f8243b0d573587f285c830a868acd19249d17d59ecbf9329e796dfed6fb630"}
{"seq":22,"ts":1780513200000,"agent_id":"benchmark-buyhold","symbol":"BTCUSDT","side":"buy","price":65447.93859545896,"quantity":0.006776987284375288,"notional_usd":443.53984765,"fee_usd":0.26612390859,"balance_before_usd":8840.118313343683,"balance_after_usd":8839.753661558534,"decision":"ALLOW","cert_hash":"b53161cdb7cb3e113364a69f8d52f3d22c1bbe5b13d79d68a10a737d86c070da","prev_hash":"9845c1d004557decb6787481d5daf345c380e334a412c85163b199d76867be7f","record_hash":"4a7f1c545fd552b478d21cc756fed8c4d29daccc7e882cbdc51eb7f834407bb3","signature_hex":"3a0460ae4aa0a44ad62b3d0bec6e0c669d744e51f898c6399803efca092df1b61ad7142c899afde26b4914385c2799da58665f20b1600feb49ca86367989b40b","public_key_hex":"c2f8243b0d573587f285c830a868acd19249d17d59ecbf9329e796dfed6fb630"}
