{"seq":0,"ts":1778486400000,"agent_id":"funding-carry","symbol":"BTCUSDT","side":"sell","price":80696.58537441601,"quantity":0.024784196143125513,"notional_usd":2000.0,"fee_usd":1.2,"balance_before_usd":10000.0,"balance_after_usd":9998.199859969993,"decision":"ALLOW_CAPPED","cert_hash":"36e2b89cb1e4a3c190e54dd9f1d07fe8a9002d56f0ad6ab69e15d664ea53837f","prev_hash":"0000000000000000000000000000000000000000000000000000000000000000","record_hash":"1180adc8d1b4745f78cb8b410a78028c23ba4c3b13ec43ffccdd682e36676256","signature_hex":"9475e923c5c8c3bf8c853e91d6821d9f699f07afb4da01768a47c675230febe9de7a800ccc9e72a54381f305f3d4e852405b2992a5950ebcc61bddf618e76a05","public_key_hex":"c2f8243b0d573587f285c830a868acd19249d17d59ecbf9329e796dfed6fb630"}
{"seq":1,"ts":1778490000000,"agent_id":"funding-carry","symbol":"BTCUSDT","side":"sell","price":80901.323938512,"quantity":0.0247214742928073,"notional_usd":2000.0,"fee_usd":1.2,"balance_before_usd":9993.124056599881,"balance_after_usd":9991.323916569874,"decision":"ALLOW_CAPPED","cert_hash":"94f6ee00ecc7086a2abcdd907a934f433532f910f1edca3421c44251b566b03b","prev_hash":"1180adc8d1b4745f78cb8b410a78028c23ba4c3b13ec43ffccdd682e36676256","record_hash":"6760d4183378e04adbdb9edbbca3b7f9c81b77378b60ad7b394cf8e1e65afe49","signature_hex":"da8d2fe1e3f21d6cdf78bddf19f33aca9a1bc6fc84c048fce6fb124d86cf1c177703afb0ec72798656ff9d9a358dfb28bf696dd452739d7e7c8554cde08db10f","public_key_hex":"c2f8243b0d573587f285c830a868acd19249d17d59ecbf9329e796dfed6fb630"}
{"seq":2,"ts":1778493600000,"agent_id":"funding-carry","symbol":"BTCUSDT","side":"sell","price":80880.91151037534,"quantity":0.012255119158898809,"notional_usd":991.20520824,"fee_usd":0.594723124944,"balance_before_usd":9992.536805495554,"balance_after_usd":9991.69467002462,"decision":"ALLOW","cert_hash":"fba3c9e547f585a79f6ce0df0084152eac25e0f331dd3d98c4f58b9b5e5195ca","prev_hash":"6760d4183378e04adbdb9edbbca3b7f9c81b77378b60ad7b394cf8e1e65afe49","record_hash":"ae05b7fe5a1b600deeb87cf95c599c60270058872066894c2fdcfa99378b8dcf","signature_hex":"b550b35f19cd8ad37e8f5e24331b69a4ffc6d8c7f9a3b5ed1d4bd52f5fdfb045cd89c9c134e658cdad59974cbf8b9f874f0462c8b2ea15cd4617867798117004","public_key_hex":"c2f8243b0d573587f285c830a868acd19249d17d59ecbf9329e796dfed6fb630"}
{"seq":3,"ts":1778515200000,"agent_id":"funding-carry","symbol":"BTCUSDT","side":"buy","price":81544.4576304,"quantity":0.0245264982822621,"notional_usd":2000.0,"fee_usd":1.2,"balance_before_usd":9953.49609104222,"balance_after_usd":9951.696231012225,"decision":"ALLOW_CAPPED","cert_hash":"c5e01e76ef045780f0dafb50c398fd8593a3f8be04126ed224e71133617baecd","prev_hash":"ae05b7fe5a1b600deeb87cf95c599c60270058872066894c2fdcfa99378b8dcf","record_hash":"0867d2f3764ec3c6d6f19aa4e1aeb0c627bce9c6c06b6380f9216b4b9afb9bf3","signature_hex":"43934fdc961d0933d7fa0215c72977052321dc3a935e7009ba400a5e7a888007dc291cb1b2147f2627ccdc69f471e6241cba927fa8e107c58c9b217a0f619c0b","public_key_hex":"c2f8243b0d573587f285c830a868acd19249d17d59ecbf9329e796dfed6fb630"}
{"seq":4,"ts":1778518800000,"agent_id":"funding-carry","symbol":"BTCUSDT","side":"buy","price":81913.16821777199,"quantity":0.024416098699574867,"notional_usd":2000.0,"fee_usd":1.2,"balance_before_usd":9937.97167123441,"balance_after_usd":9936.171811204416,"decision":"ALLOW_CAPPED","cert_hash":"cf0d191e23008ea636be6ada3dbaab50f76aee2365254698316d113bbde24cb8","prev_hash":"0867d2f3764ec3c6d6f19aa4e1aeb0c627bce9c6c06b6380f9216b4b9afb9bf3","record_hash":"dadab0fe9b507fcac9349b3d6c88b24e603e876774c2f04730ab77528d2f9655","signature_hex":"8080ba3ab46cb66bfee97f7426ab645a4c0299e18cfbdb38154be9c5edf7308e1e6704999349e9a4e9011b356518c057c67d1399dfac3a26e3cf74d78c98f00b","public_key_hex":"c2f8243b0d573587f285c830a868acd19249d17d59ecbf9329e796dfed6fb630"}
{"seq":5,"ts":1778522400000,"agent_id":"funding-carry","symbol":"BTCUSDT","side":"buy","price":81830.1526233592,"quantity":0.012814957505904159,"notional_usd":1048.64992857,"fee_usd":0.6291899571419999,"balance_before_usd":9937.185730240106,"balance_after_usd":9936.29187779223,"decision":"ALLOW","cert_hash":"38f8244f5ff801ab83ac29011f3d95f63bcb4a50e3850c15c6916e02ba42f8d2","prev_hash":"dadab0fe9b507fcac9349b3d6c88b24e603e876774c2f04730ab77528d2f9655","record_hash":"b1025ba8055a3d21a1946f309588382e234fb21b74620f1084f3d2ee8360256d","signature_hex":"33e1d01e0d8425ba2c34459683929c7d30464b3107381a15da48b4212137936b4e27f3c74b687b1110e8b85b2864e1825dfea209d6024a87daa59d7ff346e80b","public_key_hex":"c2f8243b0d573587f285c830a868acd19249d17d59ecbf9329e796dfed6fb630"}
{"seq":6,"ts":1778544000000,"agent_id":"funding-carry","symbol":"BTCUSDT","side":"buy","price":81528.45283008,"quantity":0.024531313064021475,"notional_usd":2000.0,"fee_usd":1.2,"balance_before_usd":9936.292839750029,"balance_after_usd":9934.492979720035,"decision":"ALLOW_CAPPED","cert_hash":"0327697b4d3eec0ec850f854d2525ea4713defdde22f2d94e31c3a608c974b8c","prev_hash":"b1025ba8055a3d21a1946f309588382e234fb21b74620f1084f3d2ee8360256d","record_hash":"8790966dbd906b69e0e0e9a569fea766e89b3f53ccb54171575e36fc15a063dd","signature_hex":"9b7e5e46e1f5cd5d7e052a312a4ff5f51c485db1babdf537f348fd51c47bfb5ab37acdf1e92359d5d5ea9dd03a7aba5776c2da439d711e6eca1f1b4375506d09","public_key_hex":"c2f8243b0d573587f285c830a868acd19249d17d59ecbf9329e796dfed6fb630"}
{"seq":7,"ts":1778547600000,"agent_id":"funding-carry","symbol":"BTCUSDT","side":"buy","price":81182.148963156,"quantity":0.024635957849646076,"notional_usd":2000.0,"fee_usd":1.2,"balance_before_usd":9926.001359131345,"balance_after_usd":9924.201499101353,"decision":"ALLOW_CAPPED","cert_hash":"fa8af8330774a3037064f9e36ea043fa08ee1e7fcbac2420df30e6454a555805","prev_hash":"8790966dbd906b69e0e0e9a569fea766e89b3f53ccb54171575e36fc15a063dd","record_hash":"e3464fa44fb985eb598d159f9b4582b5ea15063b6f5beae596a7bf9b18e67eb9","signature_hex":"d19c3b39350ef353fef8cdf11153e914fd09ab2709ecc90e1213fdea4df7a915150d65505f2a79b4c07ef63835d1207925f298dfeaed87277d9e736bcb870e0a","public_key_hex":"c2f8243b0d573587f285c830a868acd19249d17d59ecbf9329e796dfed6fb630"}
{"seq":8,"ts":1778551200000,"agent_id":"funding-carry","symbol":"BTCUSDT","side":"buy","price":81244.48715491778,"quantity":0.011944454253610978,"notional_usd":970.42106018,"fee_usd":0.582252636108,"balance_before_usd":9927.47090748249,"balance_after_usd":9926.647530297956,"decision":"ALLOW","cert_hash":"8c3e5eba53a796763c400bccd81f73f922460683a9e5450c2a0e4b97f18db85c","prev_hash":"e3464fa44fb985eb598d159f9b4582b5ea15063b6f5beae596a7bf9b18e67eb9","record_hash":"e1de9a6ea8cb2c21005547b7b6b5791d72da8be3152308b29e50a34ef25fdb75","signature_hex":"09eefef800b3f410156a8c4f773fa86a749a5d079456075433ed951dfd4825f75c7888f773a154843f5017c20966295768de169cafa6b16696147526a490210f","public_key_hex":"c2f8243b0d573587f285c830a868acd19249d17d59ecbf9329e796dfed6fb630"}
{"seq":9,"ts":1778572800000,"agent_id":"funding-carry","symbol":"BTCUSDT","side":"sell","price":80790.7571163,"quantity":0.02475530705970434,"notional_usd":2000.0,"fee_usd":1.2,"balance_before_usd":9901.245685189006,"balance_after_usd":9899.445545159,"decision":"ALLOW_CAPPED","cert_hash":"cb1e8f374ccadca7b01895a0bf2702f755c64eb10ad312e7d7484c90885b066b","prev_hash":"e1de9a6ea8cb2c21005547b7b6b5791d72da8be3152308b29e50a34ef25fdb75","record_hash":"2444aa83918b640b22bc33305bef74f5ce9c47b48449e8727948f1b28d89d82c","signature_hex":"9eef2ac9fecb870e759b63426a8985fc193868f7cedab8139fc9e554dfbcd3699fea2b2c1730a957f93803baa34c148ba6589ebb8019fadfdccafbe744d45207","public_key_hex":"c2f8243b0d573587f285c830a868acd19249d17d59ecbf9329e796dfed6fb630"}
{"seq":10,"ts":1778576400000,"agent_id":"funding-carry","symbol":"BTCUSDT","side":"sell","price":80786.25846621001,"quantity":0.024756685579596784,"notional_usd":2000.0,"fee_usd":1.2,"balance_before_usd":9899.281955835499,"balance_after_usd":9897.481815805491,"decision":"ALLOW_CAPPED","cert_hash":"fc2dd041f2d92e36799f83488bd9ea05351cbaba3e72a06929b8a42ec0febd6a","prev_hash":"2444aa83918b640b22bc33305bef74f5ce9c47b48449e8727948f1b28d89d82c","record_hash":"52370b6aa9565fec16d7de643c95acde952dc8e1bfcfbdfc0346e409c3b9af2b","signature_hex":"b8940b7c1b94219ce772cd233bec562ebc7b3a6b3cf69157a60bc4f2fc693e123f7e701c78e48a70ad8363debf0da08854deb6186d773ee8bc779626b5ecd400","public_key_hex":"c2f8243b0d573587f285c830a868acd19249d17d59ecbf9329e796dfed6fb630"}
{"seq":11,"ts":1778580000000,"agent_id":"funding-carry","symbol":"BTCUSDT","side":"sell","price":80627.90040341658,"quantity":0.011599359527168956,"notional_usd":935.2320047,"fee_usd":0.56113920282,"balance_before_usd":9895.595065675114,"balance_after_usd":9894.803103897077,"decision":"ALLOW","cert_hash":"d7c3c479de6a4c1b090732a76fb3f436cbd19ba6b0fe903318cdc8dd986b6797","prev_hash":"52370b6aa9565fec16d7de643c95acde952dc8e1bfcfbdfc0346e409c3b9af2b","record_hash":"a4875e5c42e767e0fef6033abfc05a404802802feaaa807652e95100b45808d3","signature_hex":"52e417c1bd52a77926934177a17888af9399355d59d898cffa69af49ba7928ee0a91c9d00b79acca88d9b5217a0ea6c6abdd472a5c0c83f5ff6c4c4b10281f03","public_key_hex":"c2f8243b0d573587f285c830a868acd19249d17d59ecbf9329e796dfed6fb630"}
{"seq":12,"ts":1778659200000,"agent_id":"funding-carry","symbol":"BTCUSDT","side":"buy","price":81174.346623,"quantity":0.024638325816019793,"notional_usd":2000.0,"fee_usd":1.2,"balance_before_usd":9894.801655831243,"balance_after_usd":9893.001795801249,"decision":"ALLOW_CAPPED","cert_hash":"085bd892852eae1b7452de14fc0b19ebc6224ff1a9f86991c92c5106acd4272e","prev_hash":"a4875e5c42e767e0fef6033abfc05a404802802feaaa807652e95100b45808d3","record_hash":"53f59af8deba2b5a0a2dcaba6c0ae3d2fe37058b97ea604a4674df19c78348d8","signature_hex":"5eed49afc7bff814091fd6c60ab9534641ec565278cc63404698aa54b4aed48b2ecc2d9de1504041156184abc89ebdaaf2d9070fb3a6fe33955e5f8f628e9504","public_key_hex":"c2f8243b0d573587f285c830a868acd19249d17d59ecbf9329e796dfed6fb630"}
{"seq":13,"ts":1778662800000,"agent_id":"funding-carry","symbol":"BTCUSDT","side":"buy","price":81274.276594998,"quantity":0.024608032009516397,"notional_usd":2000.0,"fee_usd":1.2,"balance_before_usd":9895.46287862585,"balance_after_usd":9893.663018595857,"decision":"ALLOW_CAPPED","cert_hash":"992d139bd96605c855871e8bb61dd0fd46b86e586e2d2f9d8f3c0d748fa6ab9f","prev_hash":"53f59af8deba2b5a0a2dcaba6c0ae3d2fe37058b97ea604a4674df19c78348d8","record_hash":"b2e35790a33a6c8e42f110ad97815032d05dd8d7c60c771f9ec7fba06969a42f","signature_hex":"fbcdea57ef16aed84f672401b604066df11e0aed30ae56c98cde46c1ecacf47d13fada99bf1a8a526ea1dc235b40ea0d930a616f807aef05a41449c1fc6d5705","public_key_hex":"c2f8243b0d573587f285c830a868acd19249d17d59ecbf9329e796dfed6fb630"}
{"seq":14,"ts":1778666400000,"agent_id":"funding-carry","symbol":"BTCUSDT","side":"buy","price":80800.02402066019,"quantity":0.011848661895635135,"notional_usd":957.37216578,"fee_usd":0.574423299468,"balance_before_usd":9870.52349995738,"balance_after_usd":9869.711818807318,"decision":"ALLOW","cert_hash":"11553f537ad4a2f8c62781f2cc07b0432d9799c81c86d91c10ab81a85d789b52","prev_hash":"b2e35790a33a6c8e42f110ad97815032d05dd8d7c60c771f9ec7fba06969a42f","record_hash":"d316298c937319162be2722aed6cb0a926edc16f561abb77b1984537da7bdb88","signature_hex":"3d128f86bda27eed6101acd3b581dfd080ec0faf4ed85a16236360e7bd8ad273df1672ac22f8eba7295d04bc9004b02dff3da55b4776dfb7ab1100a3040d6005","public_key_hex":"c2f8243b0d573587f285c830a868acd19249d17d59ecbf9329e796dfed6fb630"}
{"seq":15,"ts":1778688000000,"agent_id":"funding-carry","symbol":"BTCUSDT","side":"sell","price":79082.969572134,"quantity":0.02528989504087525,"notional_usd":2000.0,"fee_usd":1.2,"balance_before_usd":9767.003031571843,"balance_after_usd":9765.202891541838,"decision":"ALLOW_CAPPED","cert_hash":"dc13cca34a65f0af6834262de46451ad2e21bfd894fa9b5d5ae0d1e642dda1a0","prev_hash":"d316298c937319162be2722aed6cb0a926edc16f561abb77b1984537da7bdb88","record_hash":"300dc7ad18e384dc4b039f280d9a654efcc253b101daa82be4f2952bb4c0b57e","signature_hex":"4bcb9d93ea26343d25b605687ecbc1b8e9c637bf7baa25b19231c3026439be193df31c4c647b5db351296269c6ce2d53bec75c7d2e19e39deb2be4a719b7b40f","public_key_hex":"c2f8243b0d573587f285c830a868acd19249d17d59ecbf9329e796dfed6fb630"}
{"seq":16,"ts":1778691600000,"agent_id":"funding-carry","symbol":"BTCUSDT","side":"sell","price":79480.15039008,"quantity":0.02516351554676502,"notional_usd":2000.0,"fee_usd":1.2,"balance_before_usd":9779.427130462494,"balance_after_usd":9777.626990432487,"decision":"ALLOW_CAPPED","cert_hash":"1cd6598ee0a21625f275828dd4c5f57bcca19374bc382b0698e8fa20f092334b","prev_hash":"300dc7ad18e384dc4b039f280d9a654efcc253b101daa82be4f2952bb4c0b57e","record_hash":"686e68aff51ccae0d3a6941cbe8dfbf2e89ecf078ae24af595da34f794e5613d","signature_hex":"fe88d9f0f2df06479f88aa2131139a734461519fa591b0309e563be9938382ad587d2dbc85d5d9213d071928fba26da7bcdd23e48d75f74180e27edc2e27ea01","public_key_hex":"c2f8243b0d573587f285c830a868acd19249d17d59ecbf9329e796dfed6fb630"}
{"seq":17,"ts":1778695200000,"agent_id":"funding-carry","symbol":"BTCUSDT","side":"sell","price":79544.431101366,"quantity":0.025143180638897727,"notional_usd":2000.0,"fee_usd":1.2,"balance_before_usd":9778.31106186634,"balance_after_usd":9776.510921836332,"decision":"ALLOW_CAPPED","cert_hash":"889664c183dd29a78cbe3afa28da07d92e1cac7508ea2bc5200bc701d0f24896","prev_hash":"686e68aff51ccae0d3a6941cbe8dfbf2e89ecf078ae24af595da34f794e5613d","record_hash":"b079a7edb231e213f94619e42bca0ab9a15d9da2a815252cf99ab630c9db94e5","signature_hex":"b01cafddd12b37a0fb396596d873b0ded7b6a161e68e8bb119c6fa32b1b9620f9d05d8c7d7e4135d22b7ee5d76d9e28d3749b072934c454a93328ebac6a85e00","public_key_hex":"c2f8243b0d573587f285c830a868acd19249d17d59ecbf9329e796dfed6fb630"}
{"seq":18,"ts":1778698800000,"agent_id":"funding-carry","symbol":"BTCUSDT","side":"sell","price":79592.716612332,"quantity":0.02512792734216239,"notional_usd":2000.0,"fee_usd":1.2,"balance_before_usd":9775.81035769289,"balance_after_usd":9774.010217662882,"decision":"ALLOW_CAPPED","cert_hash":"fd5ed9f128ad710a6c6b1d5e45de1cb18c1fcbb66e8d2c9a67286c93362562a7","prev_hash":"b079a7edb231e213f94619e42bca0ab9a15d9da2a815252cf99ab630c9db94e5","record_hash":"419a618c131ec7de1bd99076fa66d10918162279f53eee7a053cc9aa58b18307","signature_hex":"40fb5af4e1953bea68d844dbcca4a2c51dabdeaf00488181e076097d4effa27c23b5e658e91e3e6686a504e55d413f299d9c480f127cdc8ca8600c0069ffe90d","public_key_hex":"c2f8243b0d573587f285c830a868acd19249d17d59ecbf9329e796dfed6fb630"}
{"seq":19,"ts":1778702400000,"agent_id":"funding-carry","symbol":"BTCUSDT","side":"sell","price":79649.0821632632,"quantity":0.021699230279104965,"notional_usd":1728.32377538,"fee_usd":1.0369942652279998,"balance_before_usd":9771.818548102137,"balance_after_usd":9770.286424343087,"decision":"ALLOW","cert_hash":"dd13f2498a15fb8c312f9620f69b53b2057f9123834875df7ddd931ad537c92f","prev_hash":"419a618c131ec7de1bd99076fa66d10918162279f53eee7a053cc9aa58b18307","record_hash":"0f0728ab7f227dd6ac50293887aa95fef5c56f813ec53e60e19652bd08fb3f8f","signature_hex":"c784d2387f7be2f2ebff2fd2dc620c24d5ba2800d99d7e5690112e705ead19c608d4dc78fbf01b866a932c10f8e3e354bb581fb4905cc8a9d4c398358b081504","public_key_hex":"c2f8243b0d573587f285c830a868acd19249d17d59ecbf9329e796dfed6fb630"}
{"seq":20,"ts":1778716800000,"agent_id":"funding-carry","symbol":"BTCUSDT","side":"buy","price":79560.062450724,"quantity":0.025138240700083813,"notional_usd":2000.0,"fee_usd":1.2,"balance_before_usd":9779.057904790403,"balance_after_usd":9777.258044760409,"decision":"ALLOW_CAPPED","cert_hash":"f05177fd9b4d8c18cfa704b6cbdcecd69f519a480d9df740cc564e18f92d539f","prev_hash":"0f0728ab7f227dd6ac50293887aa95fef5c56f813ec53e60e19652bd08fb3f8f","record_hash":"05ce38cf99eeda087abf5981f5f9e1b7767faac8adbf9047beaad4e79e31a986","signature_hex":"296e5dd2e99bb28c29fe22fa44535e22423ed1d9b9af129f053451d7d1c2f62c8afd36fe6a9e9fa265f13acf5288accc3822eb2f0abcc5c857cbc666d2f6ad03","public_key_hex":"c2f8243b0d573587f285c830a868acd19249d17d59ecbf9329e796dfed6fb630"}
{"seq":21,"ts":1778720400000,"agent_id":"funding-carry","symbol":"BTCUSDT","side":"buy","price":79583.8695912,"quantity":0.0251307207135496,"notional_usd":2000.0,"fee_usd":1.2,"balance_before_usd":9776.396643017728,"balance_after_usd":9774.596782987732,"decision":"ALLOW_CAPPED","cert_hash":"10b67c85ca7aaa02c3a30006903d09e9b8215b479b0461abb07571447e5ea9bb","prev_hash":"05ce38cf99eeda087abf5981f5f9e1b7767faac8adbf9047beaad4e79e31a986","record_hash":"4cb72cb0441107acaef46c54a40bc5c3361816842e0d314dea2f324876a07481","signature_hex":"4bf04c224930f003fe399d19af74bb57902d138ed4c9803ead8fd55553f51392a73d24c698154c847e57e17c9d4d600f44d3445def21feaf5e18f4023c7cc803","public_key_hex":"c2f8243b0d573587f285c830a868acd19249d17d59ecbf9329e796dfed6fb630"}
{"seq":22,"ts":1778724000000,"agent_id":"funding-carry","symbol":"BTCUSDT","side":"buy","price":79351.24868232783,"quantity":0.011059932353092926,"notional_usd":877.61944256,"fee_usd":0.526571665536,"balance_before_usd":9777.120168849511,"balance_after_usd":9776.379602066307,"decision":"ALLOW","cert_hash":"c0e7d946674be48fe4061dfc0207836295aa5b0678dc2324b5e20a0f89213606","prev_hash":"4cb72cb0441107acaef46c54a40bc5c3361816842e0d314dea2f324876a07481","record_hash":"9fc43fc1f6f73092d5ba3dd2406c990110a93be78a5671afe4ddc6b4ac78ab04","signature_hex":"7c7df644c5eeccb154a3bf483550ff853f6f3580a1be41d0ad4d90bf993a110abec9023652660e97027968ed726abddf35dcbb2fee4668ecbfcf1866df5c8006","public_key_hex":"c2f8243b0d573587f285c830a868acd19249d17d59ecbf9329e796dfed6fb630"}
{"seq":23,"ts":1778832000000,"agent_id":"funding-carry","symbol":"BTCUSDT","side":"sell","price":80589.81741228,"quantity":0.024817031037164837,"notional_usd":2000.0,"fee_usd":1.2,"balance_before_usd":9776.376133659713,"balance_after_usd":9774.575993629705,"decision":"ALLOW_CAPPED","cert_hash":"6816931f14c588319cadea9d497f337d7422cc967cc85897904c348ae0a30f9d","prev_hash":"9fc43fc1f6f73092d5ba3dd2406c990110a93be78a5671afe4ddc6b4ac78ab04","record_hash":"c02e0bc1c621c1b10d738d1aa166fa5f9b6d2e40820377c3b7eef10a2fd3a67c","signature_hex":"6cb8d6c9c1e9df71567a982da6751abe0533ea8e82de876b9d0818f1ddbfb1d8d5cb1e47d82e1efe137ac60c647dff270fa381b8110e082be609f5ad2b3e6d03","public_key_hex":"c2f8243b0d573587f285c830a868acd19249d17d59ecbf9329e796dfed6fb630"}
{"seq":24,"ts":1778835600000,"agent_id":"funding-carry","symbol":"BTCUSDT","side":"sell","price":80429.765439078,"quantity":0.02486641592303178,"notional_usd":2000.0,"fee_usd":1.2,"balance_before_usd":9778.549632163093,"balance_after_usd":9776.749492133085,"decision":"ALLOW_CAPPED","cert_hash":"83dc133746b312f6e5ef7bb7304d362a597fffa4a06cc7586741906773a525b9","prev_hash":"c02e0bc1c621c1b10d738d1aa166fa5f9b6d2e40820377c3b7eef10a2fd3a67c","record_hash":"c0089226a5cb26cee617329c4fbb11702f0923847abd0fa4f4feaf03205e3328","signature_hex":"ba566890ec7240a8a80a7d60e7c9ddea7ae9d185e4cc964e7bcb11c4a3173536f9ead0c2204f59627dc478c0426598f31a48c3e0c50774035f80c54e14548b0e","public_key_hex":"c2f8243b0d573587f285c830a868acd19249d17d59ecbf9329e796dfed6fb630"}
{"seq":25,"ts":1778839200000,"agent_id":"funding-carry","symbol":"BTCUSDT","side":"sell","price":80662.1392248052,"quantity":0.010834642509223764,"notional_usd":873.94544253,"fee_usd":0.5243672655180001,"balance_before_usd":9765.426019818311,"balance_after_usd":9764.688635082102,"decision":"ALLOW","cert_hash":"c39d26dbee5732347a55099e1a61a2edcbb392f35027bcce57c6f9e33777c8b2","prev_hash":"c0089226a5cb26cee617329c4fbb11702f0923847abd0fa4f4feaf03205e3328","record_hash":"b977007b969fff88bdcca1df280b30ac08f9644465e1000df1a750a5b35a27da","signature_hex":"ac9d3e801cf7c656f8eb1ad9fe8edffa058ef819267008a0807fc32f5e9740b526818c62bacc07984988afdabfd4be6718ad3ba3a8d06a1a31751bbedc39ed03","public_key_hex":"c2f8243b0d573587f285c830a868acd19249d17d59ecbf9329e796dfed6fb630"}
{"seq":26,"ts":1778914800000,"agent_id":"funding-carry","symbol":"BTCUSDT","side":"sell","price":78333.50199749344,"quantity":0.0027010292889340028,"notional_usd":211.5810832,"fee_usd":0.12694864992,"balance_before_usd":9906.76947920813,"balance_after_usd":9906.597968970229,"decision":"ALLOW","cert_hash":"95271feec74ac17d986877c1d80cfece311ecf5b0c36577acbaa7e5082956354","prev_hash":"b977007b969fff88bdcca1df280b30ac08f9644465e1000df1a750a5b35a27da","record_hash":"feef346294044e5ed89acd86c1dc573ec2aa4dbd8fd74429213800be0264dad9","signature_hex":"660c13a639ffcd616be79f4ddab444e10a313b8ba086c0c6c3fa9a1e04d13f42972a720918d9667b1ffc86b7ebd8602419e52015789774a3b9091dccce72e60a","public_key_hex":"c2f8243b0d573587f285c830a868acd19249d17d59ecbf9329e796dfed6fb630"}
{"seq":27,"ts":1779033600000,"agent_id":"funding-carry","symbol":"BTCUSDT","side":"buy","price":78023.30152999799,"quantity":0.025633367991112894,"notional_usd":2000.0,"fee_usd":1.2,"balance_before_usd":9930.994115583106,"balance_after_usd":9929.194255553111,"decision":"ALLOW_CAPPED","cert_hash":"b907f85e9f10d3e66dd304eb322d0508bc5389d1e84a68f6c424191ffc42b1c9","prev_hash":"feef346294044e5ed89acd86c1dc573ec2aa4dbd8fd74429213800be0264dad9","record_hash":"13ee40c01fcf04783eb3384a27feeba03cd7822b83fb0b45651090bd0812e9ee","signature_hex":"f6ef002d3ecae7397115f463ca213c73ede5c2f836dbcbe223af7e09deb7cd6054827806162538a309b665b78f4bd79d119911b03c16f63b61fb70305c257d0b","public_key_hex":"c2f8243b0d573587f285c830a868acd19249d17d59ecbf9329e796dfed6fb630"}
{"seq":28,"ts":1779037200000,"agent_id":"funding-carry","symbol":"BTCUSDT","side":"buy","price":78077.91791109,"quantity":0.02561543716211117,"notional_usd":2000.0,"fee_usd":1.2,"balance_before_usd":9927.141926279566,"balance_after_usd":9925.342066249572,"decision":"ALLOW_CAPPED","cert_hash":"eb5359c841a50c42f0e7d417a60bd0a03025b48922909bb32500d074f1b402db","prev_hash":"13ee40c01fcf04783eb3384a27feeba03cd7822b83fb0b45651090bd0812e9ee","record_hash":"753cff31b76bb9b88b7ad84bfeb561fcef206fee0a4a06db47ca16472b81878a","signature_hex":"5f4faa9e5e711993dcf9e4a8cec6ce106f856c6161c115da2886ea288bf58d2c4e08d15bc78dcc4c0a388f5eeefb344511167196c356e8793f6f1bb18707480a","public_key_hex":"c2f8243b0d573587f285c830a868acd19249d17d59ecbf9329e796dfed6fb630"}
{"seq":29,"ts":1779040800000,"agent_id":"funding-carry","symbol":"BTCUSDT","side":"buy","price":78252.31173094657,"quantity":0.01197005627591661,"notional_usd":936.68457514,"fee_usd":0.562010745084,"balance_before_usd":9923.20488377334,"balance_after_usd":9922.411710522041,"decision":"ALLOW","cert_hash":"9f55663591be5513d9c0b7a64ee95aeb78f3c872b8e4ed1c1593e6623788df40","prev_hash":"753cff31b76bb9b88b7ad84bfeb561fcef206fee0a4a06db47ca16472b81878a","record_hash":"c7517ae721159a7c59b0329c512ee4f612cf787c4a411b6e3d444c51076d5ced","signature_hex":"feed67c04c900002a2f6087bba34191d36ee802f252ae33959a1f67e74995d30a51af69f1946d782b6ceea83baea26b0b7222d8fb7a06d689f4a2be9220f0e03","public_key_hex":"c2f8243b0d573587f285c830a868acd19249d17d59ecbf9329e796dfed6fb630"}
{"seq":30,"ts":1779091200000,"agent_id":"funding-carry","symbol":"BTCUSDT","side":"sell","price":76986.8985402,"quantity":0.025978446176210965,"notional_usd":2000.0,"fee_usd":1.2,"balance_before_usd":9922.415368200509,"balance_after_usd":9920.6152281705,"decision":"ALLOW_CAPPED","cert_hash":"0e1eb798e9832f865004cabcc441fca335ddfe3b57eed35d253dd1ba117e245c","prev_hash":"c7517ae721159a7c59b0329c512ee4f612cf787c4a411b6e3d444c51076d5ced","record_hash":"349f4787b50bfb2c8132bf9c972477b9e6c9e83adfffafb7935527c889f4cf37","signature_hex":"748ae71c9f5589e3fd415154956ddfdbdbe0263e99d4bc418353d2d8cc64c4df450029f6f389d95feb2cdb3747450945407b45c198709ee9068c03d4271c6105","public_key_hex":"c2f8243b0d573587f285c830a868acd19249d17d59ecbf9329e796dfed6fb630"}
{"seq":31,"ts":1779094800000,"agent_id":"funding-carry","symbol":"BTCUSDT","side":"sell","price":76887.328418208,"quantity":0.026012088612593437,"notional_usd":2000.0,"fee_usd":1.2,"balance_before_usd":9923.202975707274,"balance_after_usd":9921.402835677267,"decision":"ALLOW_CAPPED","cert_hash":"211d2a3efd2445ad0f61696c3081dace56e8286b25fd2270c9665d578fa6cd07","prev_hash":"349f4787b50bfb2c8132bf9c972477b9e6c9e83adfffafb7935527c889f4cf37","record_hash":"e9b232229656600330ca13b211df751a305ac3d68a5ec6ae9e4a11c5a17ab0e3","signature_hex":"586633915e4fc58adb9e76a7a1e9adcab4c78857a2ecd2eb4310262e76b662973087340a41aa187438606d4e0e3339eb6fc2da388929f683eca01eacc10da304","public_key_hex":"c2f8243b0d573587f285c830a868acd19249d17d59ecbf9329e796dfed6fb630"}
{"seq":32,"ts":1779098400000,"agent_id":"funding-carry","symbol":"BTCUSDT","side":"sell","price":76728.81188667098,"quantity":0.012701027497329098,"notional_usd":974.53474961,"fee_usd":0.584720849766,"balance_before_usd":9929.8517777347,"balance_after_usd":9929.024618232672,"decision":"ALLOW","cert_hash":"105112386112f1c9d72d6897070f6f400d1eaba44e50166886f9a1bf08400503","prev_hash":"e9b232229656600330ca13b211df751a305ac3d68a5ec6ae9e4a11c5a17ab0e3","record_hash":"541a05150e4f21b425eec4e5f54adb3655c6c8ce0da677c7b88f0a95e8af0fef","signature_hex":"061d587fae2f9a2396f623a987417df1eb09bcd492e0aa234269ce2c60c02cfa2657e7b7a3766bf8b5ef5739ecc0e80e1e271cc9ef1b0a6d1bb6ba90aca96902","public_key_hex":"c2f8243b0d573587f285c830a868acd19249d17d59ecbf9329e796dfed6fb630"}
{"seq":33,"ts":1779148800000,"agent_id":"funding-carry","symbol":"BTCUSDT","side":"buy","price":77125.032112038,"quantity":0.025931917890090986,"notional_usd":2000.0,"fee_usd":1.2,"balance_before_usd":9906.821488946962,"balance_after_usd":9905.021628916968,"decision":"ALLOW_CAPPED","cert_hash":"f48b153e094fa5f864f899b5f7b6741b8f9970b44c3191cf0cce13ce206e9d7a","prev_hash":"541a05150e4f21b425eec4e5f54adb3655c6c8ce0da677c7b88f0a95e8af0fef","record_hash":"390ee4484af68a95a3c75bea69948ab9ae1626abe7246ae6c985a6ee79420ab8","signature_hex":"6da09698b27ccb4cb81c33c780d89b7639753127b302db58c81907d51d98108f2b26655e19d2b38a94af30e43f77fa7499ee7f64ea058be2b30836265001f909","public_key_hex":"c2f8243b0d573587f285c830a868acd19249d17d59ecbf9329e796dfed6fb630"}
{"seq":34,"ts":1779152400000,"agent_id":"funding-carry","symbol":"BTCUSDT","side":"buy","price":76651.790172576,"quantity":0.026092019449214996,"notional_usd":2000.0,"fee_usd":1.2,"balance_before_usd":9923.360214594439,"balance_after_usd":9921.560354564444,"decision":"ALLOW_CAPPED","cert_hash":"6f6a630d207fa12d5fdbaf7182ac0a03bff2beb417e45890b893eff80ce91d3e","prev_hash":"390ee4484af68a95a3c75bea69948ab9ae1626abe7246ae6c985a6ee79420ab8","record_hash":"9a35b2e556250e63149555c189a0a10499832074adc3c1f14dfe2cf467e99c4f","signature_hex":"c1387ff2a6e6bd9de3e22fbfdb5a7b8c3bbbd39d42dfeb6750c87ef29446d05718dbb685a66f0e69e535d89c2b67863e211b6fef57331674e7bd58b2acb2bd0e","public_key_hex":"c2f8243b0d573587f285c830a868acd19249d17d59ecbf9329e796dfed6fb630"}
{"seq":35,"ts":1779156000000,"agent_id":"funding-carry","symbol":"BTCUSDT","side":"buy","price":76599.03246579706,"quantity":0.012667431499128443,"notional_usd":970.31299666,"fee_usd":0.582187797996,"balance_before_usd":9922.178678855866,"balance_after_usd":9921.355398601127,"decision":"ALLOW","cert_hash":"1baec9499b025da3dee18b72622cd8aabfa6c08acc39c3b16c9277cb8b80b49f","prev_hash":"9a35b2e556250e63149555c189a0a10499832074adc3c1f14dfe2cf467e99c4f","record_hash":"650a1df9f06fc6dc34ef7a494d6acf0b433ab6f49394e52ad8af0edd83ec06a5","signature_hex":"74c6281731b48237ffb191f5b0dc915fb4c4f0a9bb0aefaaa3bf571669eeb7e4d28e8157da807cd74bea6bb2549b031776d6c6e2db3da0f6653497c077b08c04","public_key_hex":"c2f8243b0d573587f285c830a868acd19249d17d59ecbf9329e796dfed6fb630"}
{"seq":36,"ts":1779206400000,"agent_id":"funding-carry","symbol":"BTCUSDT","side":"sell","price":76847.740297416,"quantity":0.02602548874253951,"notional_usd":2000.0,"fee_usd":1.2,"balance_before_usd":9921.354518445254,"balance_after_usd":9919.554378415247,"decision":"ALLOW_CAPPED","cert_hash":"2f511968984db7c570e04192137fd06aaabbdb416c6253e0558ab7181e5a58cf","prev_hash":"650a1df9f06fc6dc34ef7a494d6acf0b433ab6f49394e52ad8af0edd83ec06a5","record_hash":"bd0dde824a230a1d7e8f90c588e00e38e0942e9b7d5ac9f077d296815ec296bc","signature_hex":"5d32a1b55e9e0155276745b77cbc4eed159e1b7e2235130b6c0fe84123b234af298a312348d6c2725aaceecb0a149078eb1608899c5fba031cbf26c93c01500b","public_key_hex":"c2f8243b0d573587f285c830a868acd19249d17d59ecbf9329e796dfed6fb630"}
{"seq":37,"ts":1779210000000,"agent_id":"funding-carry","symbol":"BTCUSDT","side":"sell","price":76802.15397650399,"quantity":0.02604093630774806,"notional_usd":2000.0,"fee_usd":1.2,"balance_before_usd":9920.741284261792,"balance_after_usd":9918.941144231787,"decision":"ALLOW_CAPPED","cert_hash":"73a4fbba8ae9a534288ead5e2e8fca34c1e65e5e09d44c1e5d43ea4eb891772f","prev_hash":"bd0dde824a230a1d7e8f90c588e00e38e0942e9b7d5ac9f077d296815ec296bc","record_hash":"5f9b16af3f9b559bc27e938208b614df09f9a4ff8deafbd26318e8fda63133f0","signature_hex":"647ed4e8c7d0f04bd47b9f8df84a798c0c29f1aaf00676f107c4b8db45510921d2d10c345e3ae56a4f5b01c8a6ea11b86ee3fe28aee7562aa3f8d73947f53a02","public_key_hex":"c2f8243b0d573587f285c830a868acd19249d17d59ecbf9329e796dfed6fb630"}
{"seq":38,"ts":1779213600000,"agent_id":"funding-carry","symbol":"BTCUSDT","side":"sell","price":76756.74894036667,"quantity":0.012547086199133115,"notional_usd":963.07354532,"fee_usd":0.577844127192,"balance_before_usd":9921.51338115248,"balance_after_usd":9920.696501737882,"decision":"ALLOW","cert_hash":"066232be7f88654348612feb957bd6759f22f587599caac382ed44f164a41d6e","prev_hash":"5f9b16af3f9b559bc27e938208b614df09f9a4ff8deafbd26318e8fda63133f0","record_hash":"7f4a3a56cba03cfefcd4faa3771271365aec15679bfd9e68344daeee87cf494e","signature_hex":"f93ccb9834bbb17d6ad70130ee86e6c7c40c5a65739acb137c39895e07fc8055586b4944aca7d2d66c40f5d8868707f9a4555c1c38f7ce033b9ad542ff96490b","public_key_hex":"c2f8243b0d573587f285c830a868acd19249d17d59ecbf9329e796dfed6fb630"}
{"seq":39,"ts":1779235200000,"agent_id":"funding-carry","symbol":"BTCUSDT","side":"buy","price":76786.130465262,"quantity":0.026046370456247938,"notional_usd":2000.0,"fee_usd":1.2,"balance_before_usd":9921.953628721734,"balance_after_usd":9920.15376869174,"decision":"ALLOW_CAPPED","cert_hash":"0987bc6cc0d3a493518d79cfb12f9b817621cb1cb203af2a93f518603d8ea0f8","prev_hash":"7f4a3a56cba03cfefcd4faa3771271365aec15679bfd9e68344daeee87cf494e","record_hash":"86f38708d8a1340ca4eff59889e1c48cd6a2655c443e9c9cf5a47c5b27a0c735","signature_hex":"cba9db79dee585ce8e55474d095140e3e98bdad7872773ab9678933c41bbde25db6aacd898e4e54c1ba02486a5039d97e84f124b9729ad7197f96016f277c806","public_key_hex":"c2f8243b0d573587f285c830a868acd19249d17d59ecbf9329e796dfed6fb630"}
{"seq":40,"ts":1779238800000,"agent_id":"funding-carry","symbol":"BTCUSDT","side":"buy","price":76809.937605738,"quantity":0.02603829741752833,"notional_usd":2000.0,"fee_usd":1.2,"balance_before_usd":9919.235795812678,"balance_after_usd":9917.435935782683,"decision":"ALLOW_CAPPED","cert_hash":"b47bec9bdda437ee6ab750fb768dfc996aa4d8f5a4646214eaad0a95d0ffca09","prev_hash":"86f38708d8a1340ca4eff59889e1c48cd6a2655c443e9c9cf5a47c5b27a0c735","record_hash":"48c5e82de63d97438eeab19311fff8e2df2fa5b39e495715e097315b5f3af927","signature_hex":"d5e2d0becb237a997d73e9a8386d66884578502227e233e55e546a3d0a8f1cc6b80a9534d5d7fd050ac8e3a3884af1b585e60361d1d20f656d016fef05c5bf05","public_key_hex":"c2f8243b0d573587f285c830a868acd19249d17d59ecbf9329e796dfed6fb630"}
{"seq":41,"ts":1779242400000,"agent_id":"funding-carry","symbol":"BTCUSDT","side":"buy","price":76678.41532977982,"quantity":0.012528883834756196,"notional_usd":960.6949583,"fee_usd":0.57641697498,"balance_before_usd":9919.033764714073,"balance_after_usd":9918.2191068812,"decision":"ALLOW","cert_hash":"d82d02b32b640d9b5428a7b086d29568179063ac2e39cbdfd89b1cc6ff42358c","prev_hash":"48c5e82de63d97438eeab19311fff8e2df2fa5b39e495715e097315b5f3af927","record_hash":"ee0bc1e83c27d28458397ca72fdaa9903535d46039b8f106866deb9871eca94e","signature_hex":"995062b565c72ec238d3e4dc61f80206cc840ed5fcc97f3fc61391e6d38df2c134847c0d3e9341b1f52478e9a04f0c5a557ae8d03dd3cd47d9526f080a66ee0e","public_key_hex":"c2f8243b0d573587f285c830a868acd19249d17d59ecbf9329e796dfed6fb630"}
{"seq":42,"ts":1779321600000,"agent_id":"funding-carry","symbol":"BTCUSDT","side":"sell","price":77900.52438847799,"quantity":0.025673768125440415,"notional_usd":2000.0,"fee_usd":1.2,"balance_before_usd":9918.215235442656,"balance_after_usd":9916.415095412649,"decision":"ALLOW_CAPPED","cert_hash":"49640a1cbabfe05c66685eab91bd52603b1fe9a16b4be81bffdc679be5c16912","prev_hash":"ee0bc1e83c27d28458397ca72fdaa9903535d46039b8f106866deb9871eca94e","record_hash":"dbfbf8f5cefb0e71a8e2b1ab5b572709b5c7ae95370e7ef2885c9d542893f425","signature_hex":"93208e5a58959ba391adcaf9e5af5f80df30b9a541faa5678ad7ddd8f3330babf7e131574346556fd5f163c8ca8111cceb8a741982cf841145f1430acef6b404","public_key_hex":"c2f8243b0d573587f285c830a868acd19249d17d59ecbf9329e796dfed6fb630"}
{"seq":43,"ts":1779325200000,"agent_id":"funding-carry","symbol":"BTCUSDT","side":"sell","price":77793.056636328,"quantity":0.02570923532867116,"notional_usd":2000.0,"fee_usd":1.2,"balance_before_usd":9919.175359572913,"balance_after_usd":9917.375219542908,"decision":"ALLOW_CAPPED","cert_hash":"a5868f10c59bc6b046bee86bd14703e426348b2e38f9191497f35e97c1049041","prev_hash":"dbfbf8f5cefb0e71a8e2b1ab5b572709b5c7ae95370e7ef2885c9d542893f425","record_hash":"44cd365d92c99ebc483ce6d4c3d2bf6c7fb0c5fe797152d08b416b7bdfe8a5b1","signature_hex":"50f2a8b17c2f72240533a0651ec4db9a9cacc5473d7fb70cd1b07c3d05ec2d810cb2af20ab4cde78e6286e927ef0538a94dadda0b14647aab6d5f1b6abc36d01","public_key_hex":"c2f8243b0d573587f285c830a868acd19249d17d59ecbf9329e796dfed6fb630"}
{"seq":44,"ts":1779328800000,"agent_id":"funding-carry","symbol":"BTCUSDT","side":"sell","price":77890.9075641684,"quantity":0.012232177376866236,"notional_usd":952.77539737,"fee_usd":0.5716652384219999,"balance_before_usd":9912.555202308773,"balance_after_usd":9911.747548573228,"decision":"ALLOW","cert_hash":"5a8cd2a10f9bd771f2c9d902e83228e8f1b0eee297c6da7fb39a10736a71063a","prev_hash":"44cd365d92c99ebc483ce6d4c3d2bf6c7fb0c5fe797152d08b416b7bdfe8a5b1","record_hash":"7421114f836436d26b591d120f688d208ffba0167aac459e111bf0a68ffe6d90","signature_hex":"644fff02f11bc2f22261e8f5ce6cd19242b339eab365990b177057704157f76d698e1dbb198d3b08ded30f5b97ea7a6e6643e35458aa90bbe3994b0c03a4bb04","public_key_hex":"c2f8243b0d573587f285c830a868acd19249d17d59ecbf9329e796dfed6fb630"}
{"seq":45,"ts":1779350400000,"agent_id":"funding-carry","symbol":"BTCUSDT","side":"buy","price":77913.3685578,"quantity":0.025669535755167623,"notional_usd":2000.0,"fee_usd":1.2,"balance_before_usd":9912.988040946748,"balance_after_usd":9911.188180916753,"decision":"ALLOW_CAPPED","cert_hash":"2d7b8b351ee8cc8e2e19df1b168ac906754880228e8b216efb3b773922877802","prev_hash":"7421114f836436d26b591d120f688d208ffba0167aac459e111bf0a68ffe6d90","record_hash":"d6afa35c3412334bf7b4e6965ea6bf183c63b78373198930250209086ab37bd8","signature_hex":"5504d689f31672ae8e502ccf1cbe8603c42ef43554950db436ccc372d26755feff564bcd6c675500fffb4a50fde76a0f4b53619f3fb2cf2c5c6cb7ceddef3d00","public_key_hex":"c2f8243b0d573587f285c830a868acd19249d17d59ecbf9329e796dfed6fb630"}
{"seq":46,"ts":1779354000000,"agent_id":"funding-carry","symbol":"BTCUSDT","side":"buy","price":77626.78260207,"quantity":0.025764303671483968,"notional_usd":2000.0,"fee_usd":1.2,"balance_before_usd":9922.060498611087,"balance_after_usd":9920.260638581092,"decision":"ALLOW_CAPPED","cert_hash":"0d76c46a4659fafc3ec71b0d5d5b108d76bc2f54164320831a9693adef38cdb6","prev_hash":"d6afa35c3412334bf7b4e6965ea6bf183c63b78373198930250209086ab37bd8","record_hash":"af8b2288f19a70ed522c4acc74bbd510cd9c21b6d9e8fd09bb82f915634b3d91","signature_hex":"1e04e0afccc4b4e89cad2009c8433f0997342a372b362228d8963af4edab5240e648cd9d0924d28496be39b4246ceba90fe4bb8779b4adf28f5ff12c9be99904","public_key_hex":"c2f8243b0d573587f285c830a868acd19249d17d59ecbf9329e796dfed6fb630"}
{"seq":47,"ts":1779357600000,"agent_id":"funding-carry","symbol":"BTCUSDT","side":"buy","price":77199.56626907564,"quantity":0.012181439948798044,"notional_usd":940.40188058,"fee_usd":0.564241128348,"balance_before_usd":9925.41466058775,"balance_after_usd":9924.618164847609,"decision":"ALLOW","cert_hash":"24360c2c563e818576d5db66485bffddd2f8e94d36a729b12f598e8f6526cef2","prev_hash":"af8b2288f19a70ed522c4acc74bbd510cd9c21b6d9e8fd09bb82f915634b3d91","record_hash":"ad19ff5ed5cde9b37fa2055178b88c76ef264990e2cfad7ff52e718f78fefa2c","signature_hex":"d85a9cc7c54ef7a570695f659896f3ff32b85afde208323128d8b13dd7ca75e7f1250086b6eb7dbfdd4da9b1a6e7d60ece4d01a7cff07718c0a9130bb5b1ca03","public_key_hex":"c2f8243b0d573587f285c830a868acd19249d17d59ecbf9329e796dfed6fb630"}
{"seq":48,"ts":1779379200000,"agent_id":"funding-carry","symbol":"BTCUSDT","side":"sell","price":77146.75057339799,"quantity":0.025924617500217136,"notional_usd":2000.0,"fee_usd":1.2,"balance_before_usd":9924.61821996782,"balance_after_usd":9922.818079937813,"decision":"ALLOW_CAPPED","cert_hash":"bb1c07b9fd3f394521de3413cbc7834df0cc3174eb9f9313635b1073c15840eb","prev_hash":"ad19ff5ed5cde9b37fa2055178b88c76ef264990e2cfad7ff52e718f78fefa2c","record_hash":"e119af4025c4d9908580b48596fc9d7a06464e796e3fee9f1584baba72315b6e","signature_hex":"d064246ce99523c080afec350611ca841ae22aa579d64ccb16381e7fd8f9bcde8aa2ba2223d676af02a5a687c69be3d6ca01e63a308299f35dcd9ce325218c07","public_key_hex":"c2f8243b0d573587f285c830a868acd19249d17d59ecbf9329e796dfed6fb630"}
{"seq":49,"ts":1779382800000,"agent_id":"funding-carry","symbol":"BTCUSDT","side":"sell","price":77811.6510567,"quantity":0.02570309166865814,"notional_usd":2000.0,"fee_usd":1.2,"balance_before_usd":9905.573615393214,"balance_after_usd":9903.773475363207,"decision":"ALLOW_CAPPED","cert_hash":"18a387589a859c174d497c512c6546d3b9d769116486a3495f1e258e4959eccc","prev_hash":"e119af4025c4d9908580b48596fc9d7a06464e796e3fee9f1584baba72315b6e","record_hash":"026506bcb3f80d419b08d85b4fd2d587f3dbb0dc0ece792c0fa6311ced666ae6","signature_hex":"77b66a31dfb64e91f26fb9d19f48cc320b9eab891b990ae5e3b8bcd65c11809ce9bf61caf2d8cb694f15ed7140ff0065cdb85140593d3b094da1abdd68a22707","public_key_hex":"c2f8243b0d573587f285c830a868acd19249d17d59ecbf9329e796dfed6fb630"}
{"seq":50,"ts":1779386400000,"agent_id":"funding-carry","symbol":"BTCUSDT","side":"sell","price":77337.87705372227,"quantity":0.012545227355879473,"notional_usd":970.22125086,"fee_usd":0.582132750516,"balance_before_usd":9928.44779569058,"balance_after_usd":9927.624506708558,"decision":"ALLOW","cert_hash":"5ce5ce454a83d55de25aee8bd0d3951c3d5a16d23da4928c3cf550ac13adbc07","prev_hash":"026506bcb3f80d419b08d85b4fd2d587f3dbb0dc0ece792c0fa6311ced666ae6","record_hash":"f73578f274ecad094e70c02d017b6d4080c89df474bb56aee7f10c21435c7740","signature_hex":"3309cc2ac1ea6998be553d7c5b11e8c66e1a6ba6b0338d941b058c40500221c2602ff85432f45a0822d5ad152ab66a355a832b0b19a1ad6c265cc8dd5c284709","public_key_hex":"c2f8243b0d573587f285c830a868acd19249d17d59ecbf9329e796dfed6fb630"}
{"seq":51,"ts":1779408000000,"agent_id":"funding-carry","symbol":"BTCUSDT","side":"buy","price":77366.304476862,"quantity":0.025851047345787876,"notional_usd":2000.0,"fee_usd":1.2,"balance_before_usd":9928.850565344255,"balance_after_usd":9927.050705314261,"decision":"ALLOW_CAPPED","cert_hash":"dc1099f7049011b55c300fc7153c08afa7dd8ca82509203895e72ebf13a7abaf","prev_hash":"f73578f274ecad094e70c02d017b6d4080c89df474bb56aee7f10c21435c7740","record_hash":"6d531b17da062d9bcab76bd7c22887a936523bfc26318093fdae5d3f7ce487cd","signature_hex":"b03fde309579be439581899d196ab8834ecad13eda88dc2235d91cd49d69d79cb7219c78e8ff567089d08ae2a549ddac1da0999e9503f348debc06592743cf0c","public_key_hex":"c2f8243b0d573587f285c830a868acd19249d17d59ecbf9329e796dfed6fb630"}
{"seq":52,"ts":1779411600000,"agent_id":"funding-carry","symbol":"BTCUSDT","side":"buy","price":77600.27465154,"quantity":0.025773104656921588,"notional_usd":2000.0,"fee_usd":1.2,"balance_before_usd":9918.086511574176,"balance_after_usd":9916.286651544182,"decision":"ALLOW_CAPPED","cert_hash":"971a78946e852b0631eedf8ebd0b6999df52de7c98c9fd6c55108920a245ba44","prev_hash":"6d531b17da062d9bcab76bd7c22887a936523bfc26318093fdae5d3f7ce487cd","record_hash":"1f86c71822988a46cdfb6cb8d5e40c1ab1e39c3599586721a4799aee5073582b","signature_hex":"2f70152e67f308a3b0e6b0ba018b6d6c76d555b76dce6a9f8d65a256735e7d63e7bc090a95e37c3f9caa7c9454b92e733158c4ddfa54d42c7a6c48d6464e1604","public_key_hex":"c2f8243b0d573587f285c830a868acd19249d17d59ecbf9329e796dfed6fb630"}
{"seq":53,"ts":1779415200000,"agent_id":"funding-carry","symbol":"BTCUSDT","side":"buy","price":77660.41257348999,"quantity":0.012548672384373419,"notional_usd":974.53507462,"fee_usd":0.584721044772,"balance_before_usd":9915.482081564065,"balance_after_usd":9914.65501336167,"decision":"ALLOW","cert_hash":"c0aa4825b729eec5f9b0c55fa302f0d198770598f000fe5e3af6bd0bbdfa8549","prev_hash":"1f86c71822988a46cdfb6cb8d5e40c1ab1e39c3599586721a4799aee5073582b","record_hash":"7213efe8de7abb2f6a0a65dd3b1d8512a08cb22c49c8b49c52904500980ab6e7","signature_hex":"ab3c601311f3ffe843cebc7c33629097057705c14df765e8f2c9947f36a7eccdbd932113f3fb321ddddda46643f9ac29f37abec9fa6e4cd0d1e25dbb1f8e4e08","public_key_hex":"c2f8243b0d573587f285c830a868acd19249d17d59ecbf9329e796dfed6fb630"}
{"seq":54,"ts":1779465600000,"agent_id":"funding-carry","symbol":"BTCUSDT","side":"sell","price":76900.92433848,"quantity":0.02600748973051331,"notional_usd":2000.0,"fee_usd":1.2,"balance_before_usd":9914.657275229982,"balance_after_usd":9912.857135199974,"decision":"ALLOW_CAPPED","cert_hash":"ef30b8eb29bd86e643c8064859d7a2a439efa58ff74bd8763ffae6e903efd5f5","prev_hash":"7213efe8de7abb2f6a0a65dd3b1d8512a08cb22c49c8b49c52904500980ab6e7","record_hash":"e97c4fdb03451808885f830ede891c2349e625dc6289782daec49833b5e5cbce","signature_hex":"6ebad0ec13f312cc895bb6f2d378b95243c468cf40fa96886def46821507e9b31450b0e7b308f9321933918ea59d2f3f8d368283b00675815573c8edf504920c","public_key_hex":"c2f8243b0d573587f285c830a868acd19249d17d59ecbf9329e796dfed6fb630"}
{"seq":55,"ts":1779469200000,"agent_id":"funding-carry","symbol":"BTCUSDT","side":"sell","price":76709.98163466001,"quantity":0.026072226291556512,"notional_usd":2000.0,"fee_usd":1.2,"balance_before_usd":9917.825161921546,"balance_after_usd":9916.025021891539,"decision":"ALLOW_CAPPED","cert_hash":"73dccb89cccd16dd8d33388e9f8f13120fa026c3ca42d0b449876598aace8a3e","prev_hash":"e97c4fdb03451808885f830ede891c2349e625dc6289782daec49833b5e5cbce","record_hash":"e39287a7fb3570148ec2a26cc3d8433c6b1ab3c80f4b57d5839749048f0052da","signature_hex":"136e8135714192a4e5a29a1cf37978d9b39d00bb8ac4e2b0722fb34081167d9cf5bfc5844fc19283b381b98235d48339def1de0a3283fe30dd180db569bf1900","public_key_hex":"c2f8243b0d573587f285c830a868acd19249d17d59ecbf9329e796dfed6fb630"}
{"seq":56,"ts":1779472800000,"agent_id":"funding-carry","symbol":"BTCUSDT","side":"sell","price":76482.5537021195,"quantity":0.012808386412741506,"notional_usd":979.61810165,"fee_usd":0.58777086099,"balance_before_usd":9928.076990465728,"balance_after_usd":9927.245267261755,"decision":"ALLOW","cert_hash":"07e00c56b67432eedf56ec893f7b59524e010862dc18b4648fd0464b0fe173b7","prev_hash":"e39287a7fb3570148ec2a26cc3d8433c6b1ab3c80f4b57d5839749048f0052da","record_hash":"24b7b4a3056ee1ce7252f00159de2380e16c1baab59e04e2566870e881b69c8c","signature_hex":"8eaf956f8110578f52750257bae3f417dc124c6922c33a0ac7442364e42765ab8ac719242d9e60c52be9d5619b2752b7132084fc54ff2e73cf8e24a5b5212707","public_key_hex":"c2f8243b0d573587f285c830a868acd19249d17d59ecbf9329e796dfed6fb630"}
{"seq":57,"ts":1779494400000,"agent_id":"funding-carry","symbol":"BTCUSDT","side":"buy","price":75361.303116774,"quantity":0.02653881922531191,"notional_usd":2000.0,"fee_usd":1.2,"balance_before_usd":10002.829491943816,"balance_after_usd":10001.029631913822,"decision":"ALLOW_CAPPED","cert_hash":"47699e07ddfbfcf1f3cc5f8133157b1041eef3f2850030623031eb8f1aa5928d","prev_hash":"24b7b4a3056ee1ce7252f00159de2380e16c1baab59e04e2566870e881b69c8c","record_hash":"02d200e1b03a1491ecb2312bac510f9f48cb38827c3efc4763bc192348bff152","signature_hex":"b8e1d4e0917018a7bdb81b72514f66e03bcc9d8876d94195fc40c054e18609e199542ee8392948e9dab6d4a1cac2609589720884c7fe8d1b68d7eb4bb0fb250f","public_key_hex":"c2f8243b0d573587f285c830a868acd19249d17d59ecbf9329e796dfed6fb630"}
{"seq":58,"ts":1779498000000,"agent_id":"funding-carry","symbol":"BTCUSDT","side":"buy","price":75482.53947919799,"quantity":0.026496193872109643,"notional_usd":2000.0,"fee_usd":1.2,"balance_before_usd":9996.381320477914,"balance_after_usd":9994.58146044792,"decision":"ALLOW_CAPPED","cert_hash":"ed8513aec6b64e1621aae9199a0fd297abb98b0062ed8bc2859286a602705d2a","prev_hash":"02d200e1b03a1491ecb2312bac510f9f48cb38827c3efc4763bc192348bff152","record_hash":"3722801c427cfdfc762c087d93b50b0e5bca10697e363bbc6f18c30065126515","signature_hex":"5bb1402fc89833f91ae22da3f45391f302798a85aa762e637b53ad2c4101a76154833f12f899192a573bd50dc3bc7959218784fa25ab08732602b81dd9391400","public_key_hex":"c2f8243b0d573587f285c830a868acd19249d17d59ecbf9329e796dfed6fb630"}
{"seq":59,"ts":1779501600000,"agent_id":"funding-carry","symbol":"BTCUSDT","side":"buy","price":75560.89253845267,"quantity":0.01185330906241226,"notional_usd":895.64661229,"fee_usd":0.537387967374,"balance_before_usd":9993.603323063968,"balance_after_usd":9992.846737322965,"decision":"ALLOW","cert_hash":"8f37b6455b2ea003845a2799587f633551ff8cdfacac9ab7bc15adc35b36ea2d","prev_hash":"3722801c427cfdfc762c087d93b50b0e5bca10697e363bbc6f18c30065126515","record_hash":"77d7dc5a73e1a0f2c27540e0b6aacacd1ebd4188980c87766bf83e3e8050fa67","signature_hex":"f54fd34d0f063cf3d9ff7076a20a16fb1eb333d57111c4a95d7956f2027147fb414de08cb50cc3f802edac96ae4775d08ba6d8ca8a8633aab8dccba6d4549508","public_key_hex":"c2f8243b0d573587f285c830a868acd19249d17d59ecbf9329e796dfed6fb630"}
{"seq":60,"ts":1779580800000,"agent_id":"funding-carry","symbol":"BTCUSDT","side":"buy","price":76819.940605938,"quantity":0.026034906877361017,"notional_usd":2000.0,"fee_usd":1.2,"balance_before_usd":9992.84307346739,"balance_after_usd":9991.043213437395,"decision":"ALLOW_CAPPED","cert_hash":"d4551769d9714c91285217578d4563cc211806e5bb4a720372efd6416924c2c9","prev_hash":"77d7dc5a73e1a0f2c27540e0b6aacacd1ebd4188980c87766bf83e3e8050fa67","record_hash":"c2fa26a9a253051ff3e25253599fcdcad5df0650a07350d0a09cb0b8d95d08bd","signature_hex":"0a01342556e41e09b0d1319281589b1d8d5059f23fe16262993984e47ea30ff498577a04162f8dc73ad3a657af7f84d263b3c2b510156d66eaab06156dfc4508","public_key_hex":"c2f8243b0d573587f285c830a868acd19249d17d59ecbf9329e796dfed6fb630"}
{"seq":61,"ts":1779584400000,"agent_id":"funding-carry","symbol":"BTCUSDT","side":"buy","price":76865.154166842,"quantity":0.02601959264478725,"notional_usd":2000.0,"fee_usd":1.2,"balance_before_usd":9992.219860073574,"balance_after_usd":9990.420000043581,"decision":"ALLOW_CAPPED","cert_hash":"c698e3dc7cc0048126ddf285157ebbf748dd4689dccf2c953822634c499bf7be","prev_hash":"c2fa26a9a253051ff3e25253599fcdcad5df0650a07350d0a09cb0b8d95d08bd","record_hash":"35748e1884cf40b4c4ac460b320f617421cbdf9772c2ced6e271642f996f5326","signature_hex":"cc27cbf9a7d96cdc7b82a5923943723ca64def63a0a8479ecf0ed8664785c2f89fdc8a791b40b6a9cecf6465fa43b81ca21d90cfb94e53969877d3050e73df05","public_key_hex":"c2f8243b0d573587f285c830a868acd19249d17d59ecbf9329e796dfed6fb630"}
{"seq":62,"ts":1779588000000,"agent_id":"funding-carry","symbol":"BTCUSDT","side":"buy","price":76794.98428062524,"quantity":0.012984981130617678,"notional_usd":997.18142181,"fee_usd":0.598308853086,"balance_before_usd":9986.9689791048,"balance_after_usd":9986.121562729793,"decision":"ALLOW","cert_hash":"fb62fb7ee4f59dad856f977a815ce8e7a79d54f2ccf1a925563c774d84db98ba","prev_hash":"35748e1884cf40b4c4ac460b320f617421cbdf9772c2ced6e271642f996f5326","record_hash":"6cf4efb196c80d959ba6853b1623645f281dc65f55dfea48958d39fd998c04a0","signature_hex":"12bb53bf6d861e8462e25ee4a1f82ddcf7c7b7ffbd39b3be779ca30a3a3d4bc5a5454603a381e5142085a1f250e8b2d1a974f2faea69452636fec57678a6450b","public_key_hex":"c2f8243b0d573587f285c830a868acd19249d17d59ecbf9329e796dfed6fb630"}
{"seq":63,"ts":1779609600000,"agent_id":"funding-carry","symbol":"BTCUSDT","side":"sell","price":76769.86366585799,"quantity":0.02605188943287734,"notional_usd":2000.0,"fee_usd":1.2,"balance_before_usd":9987.68317950638,"balance_after_usd":9985.883039476375,"decision":"ALLOW_CAPPED","cert_hash":"8b7d96f89791f7d0c73094fa465b7cab39b9156ca16845c98125d15d1aa18783","prev_hash":"6cf4efb196c80d959ba6853b1623645f281dc65f55dfea48958d39fd998c04a0","record_hash":"6ba5457b90d50e206d39a76ff9d88907dc38042bb0c5a6a77eb32bdde19e1d08","signature_hex":"118b32d4a25cb5e4dfb66eedc9ba181018d770ad993951e57ac3a987be272df189efdddb68ffeb974ad9fb8deabb4cdefcc4d00a5b23510b4fa4a6e4d8fe8401","public_key_hex":"c2f8243b0d573587f285c830a868acd19249d17d59ecbf9329e796dfed6fb630"}
{"seq":64,"ts":1779613200000,"agent_id":"funding-carry","symbol":"BTCUSDT","side":"sell","price":76955.90783958,"quantity":0.02598890788435815,"notional_usd":2000.0,"fee_usd":1.2,"balance_before_usd":9993.138090204928,"balance_after_usd":9991.337950174919,"decision":"ALLOW_CAPPED","cert_hash":"4b05235aac6cf21f32b6767da2c702869ff425cc4cda24a2b44458f007978dd1","prev_hash":"6ba5457b90d50e206d39a76ff9d88907dc38042bb0c5a6a77eb32bdde19e1d08","record_hash":"390b3e7d0b6008715bf68aaf2fbdd86687e4149050244de53de1418247204917","signature_hex":"c3a57541e64071d1ee160a2b7c39678b234b7f1a9541cedfcd5eb0be0e028293ec139a0a9cd57423f20a3b194c9eba0a32ac20c9dde382b8e5a6d0f80b2cc607","public_key_hex":"c2f8243b0d573587f285c830a868acd19249d17d59ecbf9329e796dfed6fb630"}
{"seq":65,"ts":1779616800000,"agent_id":"funding-carry","symbol":"BTCUSDT","side":"sell","price":77125.90497518299,"quantity":0.012999032911738243,"notional_usd":1002.56217712,"fee_usd":0.601537306272,"balance_before_usd":9993.497849090694,"balance_after_usd":9992.645495121793,"decision":"ALLOW","cert_hash":"4840f4b39dad9348ba6c5f16f2940b7f5a807408ea7a167ab50eac7f9fa2e176","prev_hash":"390b3e7d0b6008715bf68aaf2fbdd86687e4149050244de53de1418247204917","record_hash":"58ff2c61fa6bfd739ea3f7e76c61596ce903322e01f3c1bf3cdf5f057969ebc1","signature_hex":"4b544429a5b9a8e519546ddae1e8edb948f3c847f4bccb64710a34d86a2a8b7cf2f31546411f6a1b2f7486b7458e61d56dff61b62fe6389a86ff504e9d415d03","public_key_hex":"c2f8243b0d573587f285c830a868acd19249d17d59ecbf9329e796dfed6fb630"}
{"seq":66,"ts":1779926400000,"agent_id":"funding-carry","symbol":"BTCUSDT","side":"sell","price":74521.13844087,"quantity":0.026838022631483716,"notional_usd":2000.0,"fee_usd":1.2,"balance_before_usd":9992.65399981682,"balance_after_usd":9990.853859786812,"decision":"ALLOW_CAPPED","cert_hash":"e7f3d0f8e13d203ed39256ba422859d39e9da34d64d5a8011a5774fb62c306cd","prev_hash":"58ff2c61fa6bfd739ea3f7e76c61596ce903322e01f3c1bf3cdf5f057969ebc1","record_hash":"a45d7167679b84805c8716ed7d811249194b371dcf69632029b59a302359a6e0","signature_hex":"c8d4ac2000d143a9c91a7496eb8b877eaf7aaccec970d396b4b2dcf9afdc9c440dbdbaca00046a9562162674d51b172c02c79732f0908d3e7f4bb968733b0309","public_key_hex":"c2f8243b0d573587f285c830a868acd19249d17d59ecbf9329e796dfed6fb630"}
{"seq":67,"ts":1779930000000,"agent_id":"funding-carry","symbol":"BTCUSDT","side":"sell","price":74294.906326344,"quantity":0.026919745900410755,"notional_usd":2000.0,"fee_usd":1.2,"balance_before_usd":9996.928040061299,"balance_after_usd":9995.127900031292,"decision":"ALLOW_CAPPED","cert_hash":"602b2acddbe09ecdd0d03f801c664ce0969ea117fb214da1dd82dd69a9070e0a","prev_hash":"a45d7167679b84805c8716ed7d811249194b371dcf69632029b59a302359a6e0","record_hash":"a7c274a478d6f967c3d68d61baba06225d5a6148a9d76f1ce8b077e3140dbbce","signature_hex":"4d123e64b2ecb67753f4e22ecfedc43b6d66dfaa283f47cc3a18e334ff3368f5425381ded010f6c643ec8c62f4c4a5fd3abd6a438da8872aca29b5f731b43d0d","public_key_hex":"c2f8243b0d573587f285c830a868acd19249d17d59ecbf9329e796dfed6fb630"}
{"seq":68,"ts":1779933600000,"agent_id":"funding-carry","symbol":"BTCUSDT","side":"sell","price":74241.61084744013,"quantity":0.013561021211526077,"notional_usd":1006.79205948,"fee_usd":0.604075235688,"balance_before_usd":9998.192278157627,"balance_after_usd":9997.336115029771,"decision":"ALLOW","cert_hash":"1cd942579dedc92d23321def91cc1043b6da484f597cb5a51ad6c786bf91d960","prev_hash":"a7c274a478d6f967c3d68d61baba06225d5a6148a9d76f1ce8b077e3140dbbce","record_hash":"522cb7476c06fc237996cf716540f28c608c8476615d002aaab5a2f151a13224","signature_hex":"fa7ab081408d239b48473391ccd71cfdaf9a215cdb92554ea0eb1fe134f0781b6f57bc3b035ab2ea244c5d80c5e6c8b1a8f32aeabccaf7e5f669f2d193db2100","public_key_hex":"c2f8243b0d573587f285c830a868acd19249d17d59ecbf9329e796dfed6fb630"}
{"seq":69,"ts":1779955200000,"agent_id":"funding-carry","symbol":"BTCUSDT","side":"buy","price":73308.88753573799,"quantity":0.02728182171670526,"notional_usd":2000.0,"fee_usd":1.2,"balance_before_usd":10063.339238405017,"balance_after_usd":10061.539378375022,"decision":"ALLOW_CAPPED","cert_hash":"fa0675eb73ce6fd082fab5c2c65141752e35476bac65a924ab7260e44b31f170","prev_hash":"522cb7476c06fc237996cf716540f28c608c8476615d002aaab5a2f151a13224","record_hash":"9ea43246e0744d02b00fe528c5ff66f09c860f214df881c2126b9dd1350d4d97","signature_hex":"b3a9bbac7f8af3e9916c0b512d30458a450d93e2d9ed7248b7ea523340470d379777ba55c4acc06b374471887a3f0fba09786895bf97a9b3ba858fffca9dbb04","public_key_hex":"c2f8243b0d573587f285c830a868acd19249d17d59ecbf9329e796dfed6fb630"}
{"seq":70,"ts":1779958800000,"agent_id":"funding-carry","symbol":"BTCUSDT","side":"buy","price":73534.95534025799,"quantity":0.027197949475126222,"notional_usd":2000.0,"fee_usd":1.2,"balance_before_usd":10052.49028882337,"balance_after_usd":10050.690428793376,"decision":"ALLOW_CAPPED","cert_hash":"d1fcdc703327a731c6368f07e3ca647e7a2da285d353f233d9cff373483feef1","prev_hash":"9ea43246e0744d02b00fe528c5ff66f09c860f214df881c2126b9dd1350d4d97","record_hash":"376a344c2e68ab5192d1166180a6fde20ff5326484a53b7ec7ae4a55a1d1d671","signature_hex":"36bbdf42c03daa04b23cb35b1bc27a1e18cc1bc96fd809dfc05388cd32c0e39a4c2ec67e9fc306295483a136c98f9e6fbc8b1f2c1ebc1de43be3464617e02608","public_key_hex":"c2f8243b0d573587f285c830a868acd19249d17d59ecbf9329e796dfed6fb630"}
{"seq":71,"ts":1779962400000,"agent_id":"funding-carry","symbol":"BTCUSDT","side":"buy","price":73385.9310296868,"quantity":0.012839096915985821,"notional_usd":942.20908076,"fee_usd":0.5653254484560001,"balance_before_usd":10052.55384213845,"balance_after_usd":10051.755730642657,"decision":"ALLOW","cert_hash":"531e660369948eb49740d348359023d41f1326f1a9229bbabf9b286eeec95242","prev_hash":"376a344c2e68ab5192d1166180a6fde20ff5326484a53b7ec7ae4a55a1d1d671","record_hash":"cb377fe6430e4669bbcfcc9b6a640abd10657f8f9d5596da78e29027a7252536","signature_hex":"2767c454f62a3bd4fa3bfc8bd9a0f6d1b729b43afa0f9a0b6b7c748c496a23c32831b4df3687e8ec45bfc44c61ba6ecb4e0e18cac516080a84ff1189822ec903","public_key_hex":"c2f8243b0d573587f285c830a868acd19249d17d59ecbf9329e796dfed6fb630"}
{"seq":72,"ts":1780300800000,"agent_id":"funding-carry","symbol":"BTCUSDT","side":"sell","price":72863.23592770202,"quantity":0.027448684848206367,"notional_usd":2000.0,"fee_usd":1.2,"balance_before_usd":10051.757374427003,"balance_after_usd":10049.957234396996,"decision":"ALLOW_CAPPED","cert_hash":"9d8c1ea8ab6864c9f541e2907f6aa9ce48f5dcae7bb136cf07a56f6d553a3575","prev_hash":"cb377fe6430e4669bbcfcc9b6a640abd10657f8f9d5596da78e29027a7252536","record_hash":"80f86f99b75509495ce5ea85e8893e1e6f9a65a3a23ef289b302609c34877633","signature_hex":"1e3a072d37c8cbf05d7089eb4326cebfd54fad063177696d59d346e6287e2141efb4e0a23a4fc4fb4bf67d0c2094e90e100320cd959f5774516ad237b0c73c09","public_key_hex":"c2f8243b0d573587f285c830a868acd19249d17d59ecbf9329e796dfed6fb630"}
{"seq":73,"ts":1780304400000,"agent_id":"funding-carry","symbol":"BTCUSDT","side":"sell","price":72846.64090736999,"quantity":0.02745493786794028,"notional_usd":2000.0,"fee_usd":1.2,"balance_before_usd":10050.412935235017,"balance_after_usd":10048.612795205012,"decision":"ALLOW_CAPPED","cert_hash":"7a516e5166605651b0c2bc2c8f9f2c94daa64647f69cee63c710cf5dd47d92bb","prev_hash":"80f86f99b75509495ce5ea85e8893e1e6f9a65a3a23ef289b302609c34877633","record_hash":"8e28207b97b8da57afb7a84be93f2b12415ad46c56441003eed884a5dfd9abe3","signature_hex":"009a6ec532d3e81863814a6a2718629154565b4eceda89176bef594490b6b64656a11a48c531ac3abc454b35fb77744b0f9f10eb94504c53999bb71e75f67805","public_key_hex":"c2f8243b0d573587f285c830a868acd19249d17d59ecbf9329e796dfed6fb630"}
{"seq":74,"ts":1780308000000,"agent_id":"funding-carry","symbol":"BTCUSDT","side":"sell","price":72713.49236680844,"quantity":0.014228297508953915,"notional_usd":1034.58920231,"fee_usd":0.620753521386,"balance_before_usd":10056.118554160814,"balance_after_usd":10055.237314187694,"decision":"ALLOW","cert_hash":"03768149c6c0f10fcb52c4c617cfb6855c5eb96124c275effcce2f61e906d4be","prev_hash":"8e28207b97b8da57afb7a84be93f2b12415ad46c56441003eed884a5dfd9abe3","record_hash":"b2c5e3ea3c72d5e340e1b6ebf2e60483e6f0d9d29371c7d23c49d33b70b788f0","signature_hex":"fa354580fda5a53e1892a0cb2f6b6776de6adda52a919c4c8e4933a05ff2de3181001314be4514b9241305c01ed2e9ab16694c439d2eb4e1af6837e0be8d7b07","public_key_hex":"c2f8243b0d573587f285c830a868acd19249d17d59ecbf9329e796dfed6fb630"}
{"seq":75,"ts":1780362000000,"agent_id":"funding-carry","symbol":"BTCUSDT","side":"sell","price":70613.50553359035,"quantity":0.0030861056364966423,"notional_usd":217.92073744,"fee_usd":0.130752442464,"balance_before_usd":10201.643492341012,"balance_after_usd":10201.466774001809,"decision":"ALLOW","cert_hash":"51d65aef7cf2ba47ed3670642ec0b0baaf837fcf66861bf66d31606794102499","prev_hash":"b2c5e3ea3c72d5e340e1b6ebf2e60483e6f0d9d29371c7d23c49d33b70b788f0","record_hash":"4d6a713d60ef13279d18a4f1e3bf01b17aed66b1a56abc3971e78061148fac14","signature_hex":"ad7827ed11b6a054b8950a45561717fc1b07eaae6ec1e0f9a9bdf45c2bc568e9b5273dde5f46fad340b43d7905935f80b14096b602001031795a8082b006030c","public_key_hex":"c2f8243b0d573587f285c830a868acd19249d17d59ecbf9329e796dfed6fb630"}
{"seq":76,"ts":1780408800000,"agent_id":"funding-carry","symbol":"BTCUSDT","side":"sell","price":67981.93172375816,"quantity":0.0041957649364693815,"notional_usd":285.23620544,"fee_usd":0.17114172326399998,"balance_before_usd":10392.04988917199,"balance_after_usd":10391.817622386086,"decision":"ALLOW","cert_hash":"980943aab90ff93dd6f357ca0a2cd95440bc75e4c6563b0b776fb8f2b61db310","prev_hash":"4d6a713d60ef13279d18a4f1e3bf01b17aed66b1a56abc3971e78061148fac14","record_hash":"35d8e3a8fc2fa7e56f9f4c9cfb41db0e1452fdda0896b478ee66f3761bde6858","signature_hex":"eb8c51b6667b4dc46058d7ebdf77fa7f8ec0090153353f325be1a3595763cacf5ce96a48882f4de5a59b96e4b6faa2686483c3316b7ff7ebcc2df0ad65c5240e","public_key_hex":"c2f8243b0d573587f285c830a868acd19249d17d59ecbf9329e796dfed6fb630"}
{"seq":77,"ts":1780444800000,"agent_id":"funding-carry","symbol":"BTCUSDT","side":"buy","price":66920.27139800398,"quantity":0.02988631035437871,"notional_usd":2000.0,"fee_usd":1.2,"balance_before_usd":10476.48683598073,"balance_after_usd":10474.686975950735,"decision":"ALLOW_CAPPED","cert_hash":"ec4f9ade5322e5aa8a56239de38bf3983ff8ae96b9b94ac0d8dd47f49cec8981","prev_hash":"35d8e3a8fc2fa7e56f9f4c9cfb41db0e1452fdda0896b478ee66f3761bde6858","record_hash":"726743daf5f2f54534b2401a13b6f6b9b828b2c811a43afd97a18afe6590492e","signature_hex":"fe9ad34a79c2547da5cdba40a4e8675f753a99849829c3588fb0fef97a6e774a2071c0c50526024aa2991c4cce94b559f2973e1849d05cc392f4149759300704","public_key_hex":"c2f8243b0d573587f285c830a868acd19249d17d59ecbf9329e796dfed6fb630"}
{"seq":78,"ts":1780448400000,"agent_id":"funding-carry","symbol":"BTCUSDT","side":"buy","price":66900.0653376,"quantity":0.02989533702108263,"notional_usd":2000.0,"fee_usd":1.2,"balance_before_usd":10475.62689514755,"balance_after_usd":10473.827035117554,"decision":"ALLOW_CAPPED","cert_hash":"94852fbd444000c8044f994ea66476c32c231b5ea7e1fe8c0559e20ac4ec1d3c","prev_hash":"726743daf5f2f54534b2401a13b6f6b9b828b2c811a43afd97a18afe6590492e","record_hash":"dee3b514445d6206ef7a7f5966fc33adf8b3568e1aa51a75db92737f6ed8815d","signature_hex":"27ff6b02297f202b96beb53a1ba49efe739d21d1d40911412afc9577b7b1841b7f1cc026cb5171ae6e0eaa7ed38139470865c72b135b21b43229a8777bef430f","public_key_hex":"c2f8243b0d573587f285c830a868acd19249d17d59ecbf9329e796dfed6fb630"}
{"seq":79,"ts":1780452000000,"agent_id":"funding-carry","symbol":"BTCUSDT","side":"buy","price":66600.8053471694,"quantity":0.016631068750388254,"notional_usd":1107.64257256,"fee_usd":0.664585543536,"balance_before_usd":10478.75441580164,"balance_after_usd":10477.807013160207,"decision":"ALLOW","cert_hash":"f0ccccbfa8e5d75a824ccc63b0e7131286f4f434b888b2b1193fb8b80b945f0a","prev_hash":"dee3b514445d6206ef7a7f5966fc33adf8b3568e1aa51a75db92737f6ed8815d","record_hash":"5321b3e8035531fec1c4e7982a2f3ff6504d62fd0489f646462bb88327f806be","signature_hex":"cd98767b39be5d28208caeb0edcfca30f3a4d612080c87ec19c40d78a1a98e50a47365a2e98000b567f5d1a60a5820fa059b3920572d4f673071189a9addb705","public_key_hex":"c2f8243b0d573587f285c830a868acd19249d17d59ecbf9329e796dfed6fb630"}
{"seq":80,"ts":1780502400000,"agent_id":"funding-carry","symbol":"BTCUSDT","side":"sell","price":66030.886111014,"quantity":0.030288855985326518,"notional_usd":2000.0,"fee_usd":1.2,"balance_before_usd":10477.809308991551,"balance_after_usd":10476.009168961544,"decision":"ALLOW_CAPPED","cert_hash":"37aa8b9ad8b2aaf357c9a6cdbdca76ae3f0153eb7ce442d7ca6cd31cff1d9dc1","prev_hash":"5321b3e8035531fec1c4e7982a2f3ff6504d62fd0489f646462bb88327f806be","record_hash":"9278352902abbca7b97287eb9da73993103ab5fba6bace0d9c82f4990d8e4b22","signature_hex":"e592b8b3a056fce28cfa539d9dd0260e66185b4226acf72c180e0fd5be49c59bbb1ec80e28d56ea1df05dead8dbf06d322af9ed4fc78f7f4f921dfe5dae0cf0a","public_key_hex":"c2f8243b0d573587f285c830a868acd19249d17d59ecbf9329e796dfed6fb630"}
{"seq":81,"ts":1780506000000,"agent_id":"funding-carry","symbol":"BTCUSDT","side":"sell","price":65929.116648978,"quantity":0.030335610450363936,"notional_usd":2000.0,"fee_usd":1.2,"balance_before_usd":10479.093006900035,"balance_after_usd":10477.29286687003,"decision":"ALLOW_CAPPED","cert_hash":"3d2fd388cee5c574bb67a2b892c6c255355a892c27baaa839a5c867d00f6d177","prev_hash":"9278352902abbca7b97287eb9da73993103ab5fba6bace0d9c82f4990d8e4b22","record_hash":"941dd497167ca723da396a3725999b3cbb17f421010b756849720648260e053e","signature_hex":"29c85ad47325f06b70697a2629ed7dfe9a97dd62670bb3f844011589d968156fcfc36f398f06cf8c9bca4de566415d5ca392524c9605337f84fa99f100bda20b","public_key_hex":"c2f8243b0d573587f285c830a868acd19249d17d59ecbf9329e796dfed6fb630"}
{"seq":82,"ts":1780509600000,"agent_id":"funding-carry","symbol":"BTCUSDT","side":"sell","price":65998.32417920174,"quantity":0.01870022536313024,"notional_usd":1234.18353574,"fee_usd":0.740510121444,"balance_before_usd":10473.248931648104,"balance_after_usd":10472.185359784398,"decision":"ALLOW","cert_hash":"d9b0aa7ccf79c360a321577b4df0a0b2ce3fe72a15c6613dfa854220b644c318","prev_hash":"941dd497167ca723da396a3725999b3cbb17f421010b756849720648260e053e","record_hash":"5b094c4eb4c4fc4689ac8a64a5c5fa8e2eda4f4f4fa7054990267cec4c1816d6","signature_hex":"c340a66feb2c820419b4e7fe9226f3169f32b178feb7340f9fdd0d057de12a7679eecedf56a8de0a4307c6470e418bcafc0190b19c404150b64de2b9b81fea02","public_key_hex":"c2f8243b0d573587f285c830a868acd19249d17d59ecbf9329e796dfed6fb630"}
{"seq":83,"ts":1780527600000,"agent_id":"funding-carry","symbol":"BTCUSDT","side":"sell","price":64105.056057689486,"quantity":0.0035079237588939893,"notional_usd":224.87564921,"fee_usd":0.134925389526,"balance_before_usd":10622.672357702926,"balance_after_usd":10622.48992119638,"decision":"ALLOW","cert_hash":"970e5883c657085fe36eb7623cf6e8d76af6544e7bc08ca8debcd87a7cd10bf7","prev_hash":"5b094c4eb4c4fc4689ac8a64a5c5fa8e2eda4f4f4fa7054990267cec4c1816d6","record_hash":"104d61337d6fdb9ce74ec3fe3fbaee86574e52be76d52c0cc2fddc8768339645","signature_hex":"784e4de5062702c5f53efd4cbfa755b5435ef31f85ba7e0e2e5738a7aae4f18ac8b8198cb95347a256e759ab9eb56eeb2d68ab14cca270851b511349eee09108","public_key_hex":"c2f8243b0d573587f285c830a868acd19249d17d59ecbf9329e796dfed6fb630"}
{"seq":84,"ts":1780531200000,"agent_id":"funding-carry","symbol":"BTCUSDT","side":"buy","price":63334.796006316,"quantity":0.0315782180746355,"notional_usd":2000.0,"fee_usd":1.2,"balance_before_usd":10689.41619035093,"balance_after_usd":10687.616330320936,"decision":"ALLOW_CAPPED","cert_hash":"c0ec699532722d23c35bfa0d56822ffe6db05958c8cba15ceb5624bcdabe4b15","prev_hash":"104d61337d6fdb9ce74ec3fe3fbaee86574e52be76d52c0cc2fddc8768339645","record_hash":"a0026878d91ad0d168d9ba233d1047a6f66e98322f0df821f301144e14701b4b","signature_hex":"131ba6595190200ec162edf52546c8f53e1e4b42c4aa3e751e31e809b80f95edb861b9d5f64d56ccaf769c305a15bee7f55bc4a0ef47ca1a5a33c660a20eb802","public_key_hex":"c2f8243b0d573587f285c830a868acd19249d17d59ecbf9329e796dfed6fb630"}
{"seq":85,"ts":1780534800000,"agent_id":"funding-carry","symbol":"BTCUSDT","side":"buy","price":62161.744172861996,"quantity":0.03217412938797721,"notional_usd":2000.0,"fee_usd":1.2,"balance_before_usd":10747.72734333504,"balance_after_usd":10745.927483305046,"decision":"ALLOW_CAPPED","cert_hash":"7cf6e8074f783a55fe96832fb819d1863de61e343968cb24e68b046b09ea16fb","prev_hash":"a0026878d91ad0d168d9ba233d1047a6f66e98322f0df821f301144e14701b4b","record_hash":"36322466b84adfdc599a236c50ae80dc7a1c205e27b266cceb6779d7a12dd6ed","signature_hex":"d172c18bcb9e083b304094306df2e901a56aa0eb3555bcfa581d963be30fa5564579691f296359c10e708a5d1cdf9b300ab334a9dbbc138ec62101fc9ca80804","public_key_hex":"c2f8243b0d573587f285c830a868acd19249d17d59ecbf9329e796dfed6fb630"}
{"seq":86,"ts":1780538400000,"agent_id":"funding-carry","symbol":"BTCUSDT","side":"buy","price":63210.45049614358,"quantity":0.019079548893162514,"notional_usd":1206.0268808,"fee_usd":0.72361612848,"balance_before_usd":10725.871565828114,"balance_after_usd":10724.834081654146,"decision":"ALLOW","cert_hash":"85c61606fdcdb0175eff51aa30d4891b512fd475973d9aaf74b9a5fe2ade6a0c","prev_hash":"36322466b84adfdc599a236c50ae80dc7a1c205e27b266cceb6779d7a12dd6ed","record_hash":"15b611aa74aee5af98cd39cbc90cb03edfdcc70c5d47c0f5f32360885dec0004","signature_hex":"769dcaa2f7d800c5b92875659908778bf9cc78f09712b1a06294b97659548f573bfffec4e0fa2fa9a4b2ceb2ecc7b23931e9574e3ab45e76eb2517551f011b06","public_key_hex":"c2f8243b0d573587f285c830a868acd19249d17d59ecbf9329e796dfed6fb630"}
{"seq":87,"ts":1781539200000,"agent_id":"funding-carry","symbol":"BTCUSDT","side":"buy","price":67138.33680236399,"quantity":0.029789239579875598,"notional_usd":2000.0,"fee_usd":1.2,"balance_before_usd":10724.814512714824,"balance_after_usd":10723.01465268483,"decision":"ALLOW_CAPPED","cert_hash":"9a8d89afd3e62bc1f7fbbed9079a04e82aaacb078f4712132d92bcb2460007bf","prev_hash":"15b611aa74aee5af98cd39cbc90cb03edfdcc70c5d47c0f5f32360885dec0004","record_hash":"d4f3f12a5a2708daeb726ef35f47926de7d1846ff06bfe8b0484dbec7acfe130","signature_hex":"f346bc8e19204fa3c985995cda52bbe864ddae70e143141e249057f4ac2d74f7df16785355bf8bcc298a001fd735df400f64d4da2363518d18d2760e5cbe9707","public_key_hex":"c2f8243b0d573587f285c830a868acd19249d17d59ecbf9329e796dfed6fb630"}
{"seq":88,"ts":1781542800000,"agent_id":"funding-carry","symbol":"BTCUSDT","side":"buy","price":66832.74514625399,"quantity":0.029925450400447917,"notional_usd":2000.0,"fee_usd":1.2,"balance_before_usd":10713.915557331678,"balance_after_usd":10712.115697301684,"decision":"ALLOW_CAPPED","cert_hash":"ccfffd262b75f0f046f7c0b4b9d6018928433da2bc9b9f748775c7b826787c82","prev_hash":"d4f3f12a5a2708daeb726ef35f47926de7d1846ff06bfe8b0484dbec7acfe130","record_hash":"9119f5625824e6b182e63ae0992787f122982dd32a2b9e5e24ef89d63f70a99b","signature_hex":"9ebb30351baf9de7f8c656a2b0ecdbd6b258b18c78c20f41b6522aacd934c6d37b64f8be62bcb664bcd8096e0a2acc877b9b9f92f4a74cb68f70f5297c18b00d","public_key_hex":"c2f8243b0d573587f285c830a868acd19249d17d59ecbf9329e796dfed6fb630"}
{"seq":89,"ts":1781546400000,"agent_id":"funding-carry","symbol":"BTCUSDT","side":"buy","price":66740.91414113715,"quantity":0.02051766927816114,"notional_usd":1369.36800367,"fee_usd":0.8216208022020001,"balance_before_usd":10706.75973512686,"balance_after_usd":10705.570557901403,"decision":"ALLOW","cert_hash":"456ed63dd17e5ce9f9f1fc62059465cffff2976c59c154d5a20cb080d4c7c78e","prev_hash":"9119f5625824e6b182e63ae0992787f122982dd32a2b9e5e24ef89d63f70a99b","record_hash":"d545bb75276f66f5f61c1cd9b9cbb2bf8b8d9e2273a72f5165783c27d0066fcd","signature_hex":"69fbdc5c92a85c5ef7ec5d4ae649f176f636b3c9fc67dda85e8973bbf016c2277bf6ccbc223c9a3577a8f7db48065374db7715cbf843b471e251618f29260209","public_key_hex":"c2f8243b0d573587f285c830a868acd19249d17d59ecbf9329e796dfed6fb630"}
{"seq":90,"ts":1781568000000,"agent_id":"funding-carry","symbol":"BTCUSDT","side":"sell","price":66198.535804368,"quantity":0.030212148587552796,"notional_usd":2000.0,"fee_usd":1.2,"balance_before_usd":10665.342817054941,"balance_after_usd":10663.542677024936,"decision":"ALLOW_CAPPED","cert_hash":"1b89ea217dea8cb8da42009c26b7aad826b31bcf88566f12bd4ba0a5a061581d","prev_hash":"d545bb75276f66f5f61c1cd9b9cbb2bf8b8d9e2273a72f5165783c27d0066fcd","record_hash":"99ba72b352788966c88aa647871c3e3c39218277ae18953aad88e81cf89a0232","signature_hex":"b22a71edb035f9cec3865ff2ccea02d701a93606ba115a7c44a4fe0d0a965e9633459d224a33de4bca2c449423dca6b6fab9e81abe6710df2b46915973e9750b","public_key_hex":"c2f8243b0d573587f285c830a868acd19249d17d59ecbf9329e796dfed6fb630"}
{"seq":91,"ts":1781571600000,"agent_id":"funding-carry","symbol":"BTCUSDT","side":"sell","price":66292.00775623799,"quantity":0.030169549357355264,"notional_usd":2000.0,"fee_usd":1.2,"balance_before_usd":10668.219102332652,"balance_after_usd":10666.418962302645,"decision":"ALLOW_CAPPED","cert_hash":"7711d6700a78762f5ae947f3531f88cee8fb238478eda880412279c1c1586f3b","prev_hash":"99ba72b352788966c88aa647871c3e3c39218277ae18953aad88e81cf89a0232","record_hash":"f475adfa715cf406d9ae72cd5218ebe6862d2e6fd41d65b0febd124fa94e3fdf","signature_hex":"7fd21bd57f3db1fa68bc981673329c3667759571ab0d033a4a512404bdee15d1ce7b73b189a57c108222d39fae2581d26a877c503b7a9e4e845a28553c31d201","public_key_hex":"c2f8243b0d573587f285c830a868acd19249d17d59ecbf9329e796dfed6fb630"}
{"seq":92,"ts":1781575200000,"agent_id":"funding-carry","symbol":"BTCUSDT","side":"sell","price":65692.17472663191,"quantity":0.019850958773957757,"notional_usd":1304.05265227,"fee_usd":0.7824315913619999,"balance_before_usd":10654.465900459858,"balance_after_usd":10653.33756048524,"decision":"ALLOW","cert_hash":"478a27583e38e169241f89440f15f9389792d03931b605e463df6cc27a9cd4e4","prev_hash":"f475adfa715cf406d9ae72cd5218ebe6862d2e6fd41d65b0febd124fa94e3fdf","record_hash":"28ffefa9dfb597e2cc031859bd66a662318c20ed8b915412e09354fadb17c972","signature_hex":"64c7f82cd45d08db738c4c957e4bffdec88cde6428008d35dc1eb5b7c7e0ea938b64477a3b06f7a61f927118bc64f89587aef1421dec7e2a93fc7fead552f00d","public_key_hex":"c2f8243b0d573587f285c830a868acd19249d17d59ecbf9329e796dfed6fb630"}
