{"seq":0,"ts":1781784360000,"agent_id":"persona-team","symbol":"BTCUSDT","side":"buy","price":63951.96022909859,"quantity":0.004264352540923575,"notional_usd":272.7137041,"fee_usd":0.16362822245999997,"balance_before_usd":10000.0,"balance_after_usd":9999.778119744873,"decision":"ALLOW","cert_hash":"4ea1e3126b663a3afd1ea93202c526d448a96b209b3ddc016bc63d8fd1de2a05","prev_hash":"0000000000000000000000000000000000000000000000000000000000000000","record_hash":"aa987937051326be8bce99e2e07fa6248d9928174864f3188533383a118e6415","signature_hex":"22101f66d5c278ab37d0815bc7d5a876c8d55200e03010fe6cc3dd433b90fe348661581afcf694ffc89a9364308a8499b5170cfff93beb6183a730dd506ecd05","public_key_hex":"c2f8243b0d573587f285c830a868acd19249d17d59ecbf9329e796dfed6fb630"}
{"seq":1,"ts":1781784600000,"agent_id":"persona-team","symbol":"BTCUSDT","side":"sell","price":63974.84629748872,"quantity":0.011513051996014136,"notional_usd":736.54573186,"fee_usd":0.441927439116,"balance_before_usd":9999.998586771238,"balance_after_usd":9999.382193967178,"decision":"ALLOW","cert_hash":"cfef1a0dc83af8f5a5f9967e6f761a5f2accbb2d552d79b0575d82b077215bb4","prev_hash":"aa987937051326be8bce99e2e07fa6248d9928174864f3188533383a118e6415","record_hash":"cabb349e99775409107a37d15755ebaae1b6a825305f31433298ab6b497c4da2","signature_hex":"53890008bb010d84bcbdd281b03a82363b0e424658da6fc033d52de06097970543b865bff6f5d5786fba45a8bc04e9b6445737773dd6bfc8b1ae064d64697e09","public_key_hex":"c2f8243b0d573587f285c830a868acd19249d17d59ecbf9329e796dfed6fb630"}
{"seq":2,"ts":1781784780000,"agent_id":"persona-team","symbol":"BTCUSDT","side":"buy","price":63985.47822590051,"quantity":0.00724708192291508,"notional_usd":463.70800258,"fee_usd":0.278224801548,"balance_before_usd":9999.518469516934,"balance_after_usd":9999.13676924257,"decision":"ALLOW","cert_hash":"dcff5199485a1578985c48e2eff5436c9b5c5369e044bb2a04eb70fc99f3a2b3","prev_hash":"cabb349e99775409107a37d15755ebaae1b6a825305f31433298ab6b497c4da2","record_hash":"b326ee069f33069cceadf16d76e5d3b200c432852fa096c778d64da12a05a583","signature_hex":"01ab299b4bbc2a1ab670762ced76be528abf43bf30030b985b2484daaf63496cd64ee519f833aa24b5a2b69ee32e1b62ca3aa38f59d7dc527030c93ab6a45b0c","public_key_hex":"c2f8243b0d573587f285c830a868acd19249d17d59ecbf9329e796dfed6fb630"}
{"seq":3,"ts":1781784840000,"agent_id":"persona-team","symbol":"BTCUSDT","side":"sell","price":63971.64307505798,"quantity":0.005182038200598454,"notional_usd":331.50349817,"fee_usd":0.198902098902,"balance_before_usd":9999.136746111859,"balance_after_usd":9998.866036898564,"decision":"ALLOW","cert_hash":"219e6595004d5014278a7d044fede4c130a79073cbe0b975da7b27c6c69f03e1","prev_hash":"b326ee069f33069cceadf16d76e5d3b200c432852fa096c778d64da12a05a583","record_hash":"e43ee3c02b2a76e571c40ba45858a867728b83a43a2a8b5fb111d162c461c4d6","signature_hex":"9051c35da88c6944b24c19ac008c9e6f10cab128c42cfcf081c0f45c72c69476e90a73ddb8cd501f67b6ae0ff8acba1f9a299fe067669d6b48c6bb3695913c04","public_key_hex":"c2f8243b0d573587f285c830a868acd19249d17d59ecbf9329e796dfed6fb630"}
{"seq":4,"ts":1781784900000,"agent_id":"persona-team","symbol":"BTCUSDT","side":"buy","price":63987.775542766896,"quantity":0.004788040112524781,"notional_usd":306.37603601,"fee_usd":0.183825621606,"balance_before_usd":9998.92564893949,"balance_after_usd":9998.675865466545,"decision":"ALLOW","cert_hash":"00e10972b659068fbbb5db81f75a015f77f9b446c125f06d77718fab18fb4b8d","prev_hash":"e43ee3c02b2a76e571c40ba45858a867728b83a43a2a8b5fb111d162c461c4d6","record_hash":"04601628b7770ea5bf4e3b8d58d51a969ee122b9df6c247b4d2b4be1df269daa","signature_hex":"427eb12cc8669148d07b56068d4712ba4ae55c8a6de25ec65f9de7d54049a89b0c6bce3288b711c2c8b2cf113633834221df86c5f7be09fba7c0c02ff759b903","public_key_hex":"c2f8243b0d573587f285c830a868acd19249d17d59ecbf9329e796dfed6fb630"}
{"seq":5,"ts":1781785020000,"agent_id":"persona-team","symbol":"BTCUSDT","side":"sell","price":64028.96478412586,"quantity":0.010862997937808932,"notional_usd":695.54651241,"fee_usd":0.41732790744599996,"balance_before_usd":9998.648172373129,"balance_after_usd":9998.067516946647,"decision":"ALLOW","cert_hash":"547deaf92eb8b45b2aa73d6113dd4a89d224b83990679f983b034750e960330c","prev_hash":"04601628b7770ea5bf4e3b8d58d51a969ee122b9df6c247b4d2b4be1df269daa","record_hash":"3a50b2ff2914626d0236f5f3e154c5511646453910ecc530e586917a51549a63","signature_hex":"c59669f891ea02e905ebcb0e728f34921d5ee191f6d131fa0f826dbfdfc3928a2162106d4cef9edc86174edec486446f0de5492439ed4e07300e0f7ead94a50b","public_key_hex":"c2f8243b0d573587f285c830a868acd19249d17d59ecbf9329e796dfed6fb630"}
{"seq":6,"ts":1781785380000,"agent_id":"persona-team","symbol":"BTCUSDT","side":"buy","price":64117.37482829476,"quantity":0.003179144999087624,"notional_usd":203.83843154,"fee_usd":0.122303058924,"balance_before_usd":9997.393125994518,"balance_after_usd":9997.227984502608,"decision":"ALLOW","cert_hash":"9f1c360c39e16f91c9426f9c13b341d4aeb227f022b1cbb88a891ad58dc3e4df","prev_hash":"3a50b2ff2914626d0236f5f3e154c5511646453910ecc530e586917a51549a63","record_hash":"e4c6e9064801279229e58ad3e3b65c720b1aa0453867a154a008b7bf0fc7720b","signature_hex":"464d35d9c4238bc6f29e7278081f86ce34e4e4544e5b052e91021809a99fefbdea84f8cdcdecfe6e8f69f57fa2cdcb327018285fd317c7695e87425531766605","public_key_hex":"c2f8243b0d573587f285c830a868acd19249d17d59ecbf9329e796dfed6fb630"}
{"seq":7,"ts":1781785620000,"agent_id":"persona-team","symbol":"BTCUSDT","side":"buy","price":64133.39864308798,"quantity":0.0032778077469414802,"notional_usd":210.21695091,"fee_usd":0.126130170546,"balance_before_usd":9997.098713005664,"balance_after_usd":9996.92833687823,"decision":"ALLOW","cert_hash":"3ff0e6ce93479569164aac0a77cf2ed8cdfc86eee87f0c849dcd75fdadad44c5","prev_hash":"e4c6e9064801279229e58ad3e3b65c720b1aa0453867a154a008b7bf0fc7720b","record_hash":"50ace80acbca0a3b8c39b7d9d8edef9c6dcf0468584c20f6de21355ec35d0641","signature_hex":"8a8fed050a46878a119405b58389b59de047745069081813d3a4489eb223990eca6ee27bde562cb3958a3c1a5a55bf17a2e4acc05204ef88b90b0c500dc90308","public_key_hex":"c2f8243b0d573587f285c830a868acd19249d17d59ecbf9329e796dfed6fb630"}
{"seq":8,"ts":1781785860000,"agent_id":"persona-team","symbol":"BTCUSDT","side":"sell","price":64131.44521595763,"quantity":0.004018205180348546,"notional_usd":257.69330539,"fee_usd":0.154615983234,"balance_before_usd":9996.807335025767,"balance_after_usd":9996.597851318558,"decision":"ALLOW","cert_hash":"fb9c6f516e5cf6d377410909cccb6b3641b6a95c9b077ff28c51929fcc7f2841","prev_hash":"50ace80acbca0a3b8c39b7d9d8edef9c6dcf0468584c20f6de21355ec35d0641","record_hash":"cce486da379478bd7fe788fd5aa324b544484d34660a93bcc0cf808b8e903360","signature_hex":"95683931f92e44b2b6b002f3327aa7c401787da6466035bfbe6833f0d9639a260f66d526b512d7eb4803cbbfbd0fd3d289508f57c0e50741d6da9f486e39e507","public_key_hex":"c2f8243b0d573587f285c830a868acd19249d17d59ecbf9329e796dfed6fb630"}
{"seq":9,"ts":1781786220000,"agent_id":"persona-team","symbol":"BTCUSDT","side":"buy","price":64175.22107508386,"quantity":0.004799210104000372,"notional_usd":307.99036941,"fee_usd":0.184794221646,"balance_before_usd":9996.454087502882,"balance_after_usd":9996.202963038046,"decision":"ALLOW","cert_hash":"dc1d383d730fb58ee60ca1d5e7efadac2ea6b364fdd769ba3ee118c07c3fec8a","prev_hash":"cce486da379478bd7fe788fd5aa324b544484d34660a93bcc0cf808b8e903360","record_hash":"884701c5206f9809c1d53cbb75fff07b7b24a1efac4b9eaca44923924755afba","signature_hex":"03ccc8b04d9979c0a993e788f677cae00dac7ec39120abf76021053448dd1772622f9f0987df0fa924734d9cd2ce4a922c317b68d92ceb1533999ca049b61407","public_key_hex":"c2f8243b0d573587f285c830a868acd19249d17d59ecbf9329e796dfed6fb630"}
{"seq":10,"ts":1781786340000,"agent_id":"persona-team","symbol":"BTCUSDT","side":"buy","price":64160.957409236034,"quantity":0.004019800044830268,"notional_usd":257.91421947,"fee_usd":0.15474853168199998,"balance_before_usd":9996.259654286072,"balance_after_usd":9996.05000570013,"decision":"ALLOW","cert_hash":"aba0e0dae2553a523eb5a38431639c9ee07db846918182e3717e7be746979be3","prev_hash":"884701c5206f9809c1d53cbb75fff07b7b24a1efac4b9eaca44923924755afba","record_hash":"0d73144657ff4d53dcfbbc0961d29523d13bbb3784aac005733b459df1e066ef","signature_hex":"b22be36d91b4e5551b1b7f3fde8928a5da72b8eec81cb7c26271a2562d0392829a0da414cef57cf0b8afdfff307cb44bf462ef9d647c50adfccbf7bacb0c3a0d","public_key_hex":"c2f8243b0d573587f285c830a868acd19249d17d59ecbf9329e796dfed6fb630"}
{"seq":11,"ts":1781786400000,"agent_id":"persona-team","symbol":"BTCUSDT","side":"sell","price":64159.025120855185,"quantity":0.0035998528937267846,"notional_usd":230.96305224,"fee_usd":0.13857783134399998,"balance_before_usd":9996.049984047288,"balance_after_usd":9995.862538647974,"decision":"ALLOW","cert_hash":"d7e2188ad71ec382345f5250323acdd83ad3a48899f6e54cc741d40614904107","prev_hash":"0d73144657ff4d53dcfbbc0961d29523d13bbb3784aac005733b459df1e066ef","record_hash":"da4610d2af291b63393dc29d659de092cde2c5ce0be7e278f6e3ad880d71cecf","signature_hex":"e43b371da5262e66ac67afb727033531198efee060f93faae3bcee62d21df01b8aacb5e893b41f5915ed4919749c58beceaffb32873026f0badf48a532bec20b","public_key_hex":"c2f8243b0d573587f285c830a868acd19249d17d59ecbf9329e796dfed6fb630"}
{"seq":12,"ts":1781786460000,"agent_id":"persona-team","symbol":"BTCUSDT","side":"sell","price":64178.26143073771,"quantity":0.003402763255369315,"notional_usd":218.38342979,"fee_usd":0.131030057874,"balance_before_usd":9995.793405040218,"balance_after_usd":9995.616306436328,"decision":"ALLOW","cert_hash":"32d63311bff847f766fa3f590e9e77aff0ef44f1548c602b1e8ed40d54bb9d02","prev_hash":"da4610d2af291b63393dc29d659de092cde2c5ce0be7e278f6e3ad880d71cecf","record_hash":"5ee92d852aef2e9a08fc1d661d7330e7519ac251c6bd0ae07e861fdbb9a8585f","signature_hex":"075dc05ffbee725e94226a82fa05f45772b13808a1190c813e31cb203d817d21b2bee0cbbef7b73186095709d1cfce1baa857be4d079705182cec45cdc427801","public_key_hex":"c2f8243b0d573587f285c830a868acd19249d17d59ecbf9329e796dfed6fb630"}
{"seq":13,"ts":1781786700000,"agent_id":"persona-team","symbol":"BTCUSDT","side":"sell","price":64252.86954615727,"quantity":0.005704719715228994,"notional_usd":366.54461166,"fee_usd":0.21992676699599997,"balance_before_usd":9995.090345689681,"balance_after_usd":9994.790379116033,"decision":"ALLOW","cert_hash":"97edfc5d36403874f7c12ca59155d211f4e5a060ffde6c99c8bbf5cfd92b37e8","prev_hash":"5ee92d852aef2e9a08fc1d661d7330e7519ac251c6bd0ae07e861fdbb9a8585f","record_hash":"431ab56eede9b2f287f97dfef3d993e452968414c5a1343e688076b059f9fdfa","signature_hex":"cb61c32df6622d442e43f20bb1297e64bd9ec4a0e588fccc48c2f886ee7e289e9164765293a30d21e7ed99b8c9be6013a14a63c8b10b12fea1743668082bf601","public_key_hex":"c2f8243b0d573587f285c830a868acd19249d17d59ecbf9329e796dfed6fb630"}
{"seq":14,"ts":1781787000000,"agent_id":"persona-team","symbol":"BTCUSDT","side":"buy","price":64309.90649011961,"quantity":0.0040945419025054195,"notional_usd":263.31960687,"fee_usd":0.157991764122,"balance_before_usd":9994.418029098993,"balance_after_usd":9994.20391553674,"decision":"ALLOW","cert_hash":"8f876bdd6f07157bbe625f91f02a7ddeefa2e39818f0ee5fddc49c572f2a9837","prev_hash":"431ab56eede9b2f287f97dfef3d993e452968414c5a1343e688076b059f9fdfa","record_hash":"5eb4c0e8c008960ab5717f341dcee31e7e72dbb292d62f6f3b5cbe0f8d66957f","signature_hex":"09c71affa438455802ae4ece944dbee83b96deb4aeaf31e3671aa60b6e99c075a861ee8483596df6405e9f33bcc2167a6af7fbdb8da96a1a056d127c67707809","public_key_hex":"c2f8243b0d573587f285c830a868acd19249d17d59ecbf9329e796dfed6fb630"}
{"seq":15,"ts":1781787120000,"agent_id":"persona-team","symbol":"BTCUSDT","side":"buy","price":64273.91163683751,"quantity":0.003674626748010711,"notional_usd":236.1826349,"fee_usd":0.14170958094,"balance_before_usd":9994.513145564753,"balance_after_usd":9994.321418299007,"decision":"ALLOW","cert_hash":"b8a21ed26764afeee62c4ce81563c554f9f1ec22cce0a936bdb5d2b7cdb86e14","prev_hash":"5eb4c0e8c008960ab5717f341dcee31e7e72dbb292d62f6f3b5cbe0f8d66957f","record_hash":"5dd657beacfc531f55186ffb969956e2d40c73fea9a41b23c3f33767ea280c4c","signature_hex":"e6acf98f2d38532254dd18ecf02e6fd7ac53f2c6dc2752928f1103d23a0a3cec4f3f68975c836467d1404588709d5fcff579821afaa364657ca1b27440121100","public_key_hex":"c2f8243b0d573587f285c830a868acd19249d17d59ecbf9329e796dfed6fb630"}
{"seq":16,"ts":1781787180000,"agent_id":"persona-team","symbol":"BTCUSDT","side":"sell","price":64276.244911448106,"quantity":0.00434536183382819,"notional_usd":279.30354146,"fee_usd":0.16758212487600002,"balance_before_usd":9994.174729314203,"balance_after_usd":9993.947376352513,"decision":"ALLOW","cert_hash":"52a5bf28e09d730a95ecde966dfc4cac4abc321a822b1aaf2c838d8e396f155a","prev_hash":"5dd657beacfc531f55186ffb969956e2d40c73fea9a41b23c3f33767ea280c4c","record_hash":"003aec1b91cfe46643ed53e53ab6ebd50934e66c5eb66668fa4a64d9617fc4a1","signature_hex":"9bcb3da9d5dbf910d6c89edd2b86014733371db51f46dab63e782f73913cf0e34f466bd63a690de749c9ba68fe0f01411d67d682dda3a23fb083341c6940f709","public_key_hex":"c2f8243b0d573587f285c830a868acd19249d17d59ecbf9329e796dfed6fb630"}
{"seq":17,"ts":1781787660000,"agent_id":"persona-team","symbol":"BTCUSDT","side":"buy","price":64314.98019669835,"quantity":0.009282251250862497,"notional_usd":596.98780538,"fee_usd":0.358192683228,"balance_before_usd":9993.852675626622,"balance_after_usd":9993.357289444102,"decision":"ALLOW","cert_hash":"e63d5dc3761e168f1bbe0a5ff2f0e85bd4620ca2ad1f07a3a1d359410e0eeb2f","prev_hash":"003aec1b91cfe46643ed53e53ab6ebd50934e66c5eb66668fa4a64d9617fc4a1","record_hash":"4ce6f8970723edf85db5982fd3c932fd75e2af20ab7e53553a0d93a657ded686","signature_hex":"7a449682d6eae7abc6927f7ce4fa3c72ed7a8aaac1eb8c8fb801f55c0ab485aaba7442f7e869efc5f363782b3d32546914fb934bdf84b54f27c56acaa341fb0b","public_key_hex":"c2f8243b0d573587f285c830a868acd19249d17d59ecbf9329e796dfed6fb630"}
{"seq":18,"ts":1781787900000,"agent_id":"persona-team","symbol":"BTCUSDT","side":"sell","price":64344.415098132944,"quantity":0.008760404438059087,"notional_usd":563.68309959,"fee_usd":0.338209859754,"balance_before_usd":9993.357163772687,"balance_after_usd":9992.890308233445,"decision":"ALLOW","cert_hash":"f0737f062faf43127ba0658072f1caa1791301c5b7c465a83bb40e1469f9e741","prev_hash":"4ce6f8970723edf85db5982fd3c932fd75e2af20ab7e53553a0d93a657ded686","record_hash":"87fc4c67f76da6e1e05d3f053087fc1035a49da8851e877bbb1a1e4ec368d827","signature_hex":"ebc0b75ca3f46b49e1f0538097a8358dcf0f77b1e5494e4075c3dc65db64734f16e12cc38538c5b880eca752b2313132237f2a7bce4cbeb9660983079add090e","public_key_hex":"c2f8243b0d573587f285c830a868acd19249d17d59ecbf9329e796dfed6fb630"}
{"seq":19,"ts":1781787960000,"agent_id":"persona-team","symbol":"BTCUSDT","side":"sell","price":64364.4339771292,"quantity":0.0033358762226712683,"notional_usd":214.71178489,"fee_usd":0.128827070934,"balance_before_usd":9992.724696263764,"balance_after_usd":9992.550614619699,"decision":"ALLOW","cert_hash":"f9563aaaec4d23f461b745701ac6ce73c08b26c682909edcb662d90afc26cf09","prev_hash":"87fc4c67f76da6e1e05d3f053087fc1035a49da8851e877bbb1a1e4ec368d827","record_hash":"430727ae931afb021c12d0b60ac89492f94f014bac16ff7d7a8948eee958ebdf","signature_hex":"a95b01eab8f03dd0a797035d7ff351cf5886f1141effa2e0cad9456909efc477ecffc5e8d3787d52bfb73a9dbc061d09162dc27c0e43433a4aeb4f5aa96bc80b","public_key_hex":"c2f8243b0d573587f285c830a868acd19249d17d59ecbf9329e796dfed6fb630"}
{"seq":20,"ts":1781788140000,"agent_id":"persona-team","symbol":"BTCUSDT","side":"buy","price":64393.38416819916,"quantity":0.003895689118073813,"notional_usd":250.85660598,"fee_usd":0.150513963588,"balance_before_usd":9992.530047315387,"balance_after_usd":9992.326224086655,"decision":"ALLOW","cert_hash":"b62a286fef54d28441fa54bceb67f4e04993c94efb18908ba2402e72a876528a","prev_hash":"430727ae931afb021c12d0b60ac89492f94f014bac16ff7d7a8948eee958ebdf","record_hash":"c530d4a1e1ea9d510cf3c81d3776261a670e54e88353ccccf570688852147d21","signature_hex":"869089f0134ec89590431849736a9702d3904aa6329a480ce99cb9b4aa3c9ab59691658e19d4ae4f24c6e4d8efc0270e4c4211414170b0de0288e84629aa7f05","public_key_hex":"c2f8243b0d573587f285c830a868acd19249d17d59ecbf9329e796dfed6fb630"}
{"seq":21,"ts":1781788320000,"agent_id":"persona-team","symbol":"BTCUSDT","side":"buy","price":64384.82485150444,"quantity":0.004101330881446512,"notional_usd":264.06347046,"fee_usd":0.15843808227600004,"balance_before_usd":9992.396767523229,"balance_after_usd":9992.182039283636,"decision":"ALLOW","cert_hash":"81a1b88d0f5f80f4502bc302a47667557ccd9417d2bbf8723d9b6ed5f8f2f634","prev_hash":"c530d4a1e1ea9d510cf3c81d3776261a670e54e88353ccccf570688852147d21","record_hash":"32f0df55f2e8944e5340f7e3f0338171b2868fee13f17ca68b1203d1b4f4f463","signature_hex":"76d69de3be018917230128e69502e4ec5d0e68b8d5245b9836bed500d91630061c80b777b2fa20353ba3a48afcb08cf133167296621a310f59d71eab732e3805","public_key_hex":"c2f8243b0d573587f285c830a868acd19249d17d59ecbf9329e796dfed6fb630"}
{"seq":22,"ts":1781788500000,"agent_id":"persona-team","symbol":"BTCUSDT","side":"buy","price":64365.52031374487,"quantity":0.004100520038111754,"notional_usd":263.93210581,"fee_usd":0.15835926348600002,"balance_before_usd":9992.261196193656,"balance_after_usd":9992.046576508732,"decision":"ALLOW","cert_hash":"baf58521650b43b11ee5ed8fdbc65bc91394ec5062ba7b9532ecb6ee707a8d94","prev_hash":"32f0df55f2e8944e5340f7e3f0338171b2868fee13f17ca68b1203d1b4f4f463","record_hash":"9171c4227dc90c4646165e434c089c815404808e6c8ed864bd1264fb31dafb8e","signature_hex":"37155f5786f7325b5cbef08df3aa553061c2138584caf7fd25d35ad1f3ca39f10334c2bb6d739a91608ea91c5c70e75783622d804b0bbb4d5ac4bcfd3d243601","public_key_hex":"c2f8243b0d573587f285c830a868acd19249d17d59ecbf9329e796dfed6fb630"}
{"seq":23,"ts":1781788560000,"agent_id":"persona-team","symbol":"BTCUSDT","side":"sell","price":64365.51342100129,"quantity":0.007294644569506426,"notional_usd":469.52354294,"fee_usd":0.281714125764,"balance_before_usd":9992.046551941929,"balance_after_usd":9991.659892835798,"decision":"ALLOW","cert_hash":"685c8031b78540088ff72a6cedf2464e4081df629e873e3ab06539b107ed659d","prev_hash":"9171c4227dc90c4646165e434c089c815404808e6c8ed864bd1264fb31dafb8e","record_hash":"dc6b06764a5995ff944736affb04da8249f6bb9b1738d1951fac77a53ec6d0e4","signature_hex":"f0d657f483a048e306b501a14fa569d6f422c5209a5e1855334e6f1d019b0835126a954f96cfd660b1f1cf4bc6ac0507c431e87ccd51cdf7d42c42eee630c207","public_key_hex":"c2f8243b0d573587f285c830a868acd19249d17d59ecbf9329e796dfed6fb630"}
{"seq":24,"ts":1781788680000,"agent_id":"persona-team","symbol":"BTCUSDT","side":"buy","price":64373.535509139096,"quantity":0.0056134956794271105,"notional_usd":361.36056345,"fee_usd":0.21681633806999998,"balance_before_usd":9991.80872141999,"balance_after_usd":9991.51311681201,"decision":"ALLOW","cert_hash":"7b3e4c46fb953d7facd3c4d256808caa9afa52a3cb1adf49c17d935f9427b4fd","prev_hash":"dc6b06764a5995ff944736affb04da8249f6bb9b1738d1951fac77a53ec6d0e4","record_hash":"7a067327f282db0ccdcfbb3fa0e8a92dc0079f088bf9ca8a8c7c9b4f498187db","signature_hex":"8420a4e3782f8af1c9b03e15262f5aec162c9819af39c0ce72e03b3c6e1145bd1e7e8847aafb8d83a48c862072147d15fec90c9afa22de89b33389fca264a302","public_key_hex":"c2f8243b0d573587f285c830a868acd19249d17d59ecbf9329e796dfed6fb630"}
{"seq":25,"ts":1781788740000,"agent_id":"persona-team","symbol":"BTCUSDT","side":"buy","price":64322.655565880996,"quantity":0.005768565248366669,"notional_usd":371.04943558,"fee_usd":0.222629661348,"balance_before_usd":9991.598731790522,"balance_after_usd":9991.295021680287,"decision":"ALLOW","cert_hash":"92c83f4ae0a70329ab6507e2a38da0e85c00ac1fe6c68bf1dc6046ac61a8ff2b","prev_hash":"7a067327f282db0ccdcfbb3fa0e8a92dc0079f088bf9ca8a8c7c9b4f498187db","record_hash":"fba4d6ed7c72443f7bae4bcd0086c10e1d53c9fee0dd0066c80f221c5034990e","signature_hex":"cddf12d40dc0a6992904db16f2203b02757f43bf35ef94a93513aaa324916cba04e80be59491e17ce323cda3786e7c5365908c2901cf94ed1d87edb6185fb70e","public_key_hex":"c2f8243b0d573587f285c830a868acd19249d17d59ecbf9329e796dfed6fb630"}
{"seq":26,"ts":1781788800000,"agent_id":"persona-team","symbol":"BTCUSDT","side":"sell","price":64341.71567905027,"quantity":0.0039315026767675065,"notional_usd":252.95962742,"fee_usd":0.151775776452,"balance_before_usd":9991.486271850326,"balance_after_usd":9991.28069612943,"decision":"ALLOW","cert_hash":"534fabb7d849374b21e94301a5dfaad9524cdeda5b80ddee259ce08a3f94e907","prev_hash":"fba4d6ed7c72443f7bae4bcd0086c10e1d53c9fee0dd0066c80f221c5034990e","record_hash":"521bbd333d718ab3b6b6624db492f78285c48b13f901870cbaa53912e7f5b229","signature_hex":"118a10f9ee8494059caa2fa5f6da7fead7af8def4068cea94c503d3e8d85c3c035388126ee9c59df4fdc4ff9776ca4e6a8a486e55b34ab48751cff9d0e2fa203","public_key_hex":"c2f8243b0d573587f285c830a868acd19249d17d59ecbf9329e796dfed6fb630"}
{"seq":27,"ts":1781788920000,"agent_id":"persona-team","symbol":"BTCUSDT","side":"buy","price":64347.34672082224,"quantity":0.003281629237273106,"notional_usd":211.16413434,"fee_usd":0.126698480604,"balance_before_usd":9991.277347277999,"balance_after_usd":9991.106193482276,"decision":"ALLOW","cert_hash":"0f264ad7c3a78add4bf7febff4f2c957becef9e385295d1255ac499b5c31a8eb","prev_hash":"521bbd333d718ab3b6b6624db492f78285c48b13f901870cbaa53912e7f5b229","record_hash":"a28769fe84fadada4408be4574ee124bae9d6eea7da745c6b638add68207e0bd","signature_hex":"b93d1b4998380a3655e0c487463699cdfc98661d9bc814fe8a5d89a97ccfd4f938808b8ac45d841ccc2a1efd37f6d1e2210b3aa8312faa9f84f3a6f1c83c9f0a","public_key_hex":"c2f8243b0d573587f285c830a868acd19249d17d59ecbf9329e796dfed6fb630"}
{"seq":28,"ts":1781789100000,"agent_id":"persona-team","symbol":"BTCUSDT","side":"sell","price":64378.267622655534,"quantity":0.009912316985451643,"notional_usd":638.13779565,"fee_usd":0.38288267739000004,"balance_before_usd":9991.310331600404,"balance_after_usd":9990.77943446543,"decision":"ALLOW","cert_hash":"2a3c16f05f5bf7ff4a369aa577d6742121fb79ada4675f301bc3cefd6d459af2","prev_hash":"a28769fe84fadada4408be4574ee124bae9d6eea7da745c6b638add68207e0bd","record_hash":"bbc27bf5e13adb00782594eb9e553cb5051c87a4bd6f9b2c75270ea1f1fa4f81","signature_hex":"685a58b4030b9ed630a513a1050c6246d3991b05464f91c3fb39b11487e0088cf2a3b260d278835a7f01f1a1d737e87a871dc8ce18f4a1f505a3dbaa91897b0f","public_key_hex":"c2f8243b0d573587f285c830a868acd19249d17d59ecbf9329e796dfed6fb630"}
{"seq":29,"ts":1781789160000,"agent_id":"persona-team","symbol":"BTCUSDT","side":"buy","price":64346.68687091201,"quantity":0.009274718846166156,"notional_usd":596.79742941,"fee_usd":0.358078457646,"balance_before_usd":9991.176391708063,"balance_after_usd":9990.681169180094,"decision":"ALLOW","cert_hash":"8b1c6e135827a5ee126c7c8543e9059cc3521ac2a76dde255bbabc50528c7aab","prev_hash":"bbc27bf5e13adb00782594eb9e553cb5051c87a4bd6f9b2c75270ea1f1fa4f81","record_hash":"48fe291263e72117e8baf169594fe79f9aa7841f00f76c786ebcee51300be6af","signature_hex":"f3ac2c5d1dcbd7b3075d8e083790d7a872433dacff248cdba115e5cc07ce2864a0cccad1a895a78ae445a9ea4952d88c74ac65a92cd82f46cf3648c7178ea40a","public_key_hex":"c2f8243b0d573587f285c830a868acd19249d17d59ecbf9329e796dfed6fb630"}
{"seq":30,"ts":1781790540000,"agent_id":"persona-team","symbol":"BTCUSDT","side":"sell","price":64064.818168630045,"quantity":0.0047103802139216,"notional_usd":301.76965191,"fee_usd":0.181061791146,"balance_before_usd":9989.972164618368,"balance_after_usd":9989.726185161428,"decision":"ALLOW","cert_hash":"76ee1e25e8149aaf585137e33cd16edc3be9b9df9abddeed9151c00fc4be4129","prev_hash":"48fe291263e72117e8baf169594fe79f9aa7841f00f76c786ebcee51300be6af","record_hash":"9dfdeba7de753539c129a9b0469bcb67e203fe851c221ad494fc90d2b0af85c2","signature_hex":"b98743babe43e6cd40df35e79c08fe344b5c3f25145b1473fd64aff801f18fff0bac7dd269af23af08b20b922172b9eafe612394c9748382c9dd19b395f75602","public_key_hex":"c2f8243b0d573587f285c830a868acd19249d17d59ecbf9329e796dfed6fb630"}
{"seq":31,"ts":1781790840000,"agent_id":"persona-team","symbol":"BTCUSDT","side":"sell","price":64061.7086436211,"quantity":0.0032987249576122914,"notional_usd":211.32195713,"fee_usd":0.126793174278,"balance_before_usd":9989.7326836144,"balance_after_usd":9989.561386166122,"decision":"ALLOW","cert_hash":"ac45fc3762a79999b0eccbce4eb4cde4a2be2264bd14f608783add3a8ffdd6cf","prev_hash":"9dfdeba7de753539c129a9b0469bcb67e203fe851c221ad494fc90d2b0af85c2","record_hash":"00b486dfbd4bdfe74ee1e3d856b2e437962f105267cb5d0acbff1c12f84dafa7","signature_hex":"7b675b6f4c137bd83e7827bf6270b3e305c5b2191fc60a3b213ae7c6ebd021cc6e4e6ca5cec623932d48e0dedc0e46f78beeb0fa0416fbafe14e9e134d0ad50a","public_key_hex":"c2f8243b0d573587f285c830a868acd19249d17d59ecbf9329e796dfed6fb630"}
{"seq":32,"ts":1781790960000,"agent_id":"persona-team","symbol":"BTCUSDT","side":"buy","price":63968.957284569886,"quantity":0.005208906030900304,"notional_usd":333.20828739,"fee_usd":0.199924972434,"balance_before_usd":9990.187111328241,"balance_after_usd":9989.91500506264,"decision":"ALLOW","cert_hash":"e8ddbd6e2663babc9a7c74741ad4897d69a755a29dbcde8848fc5494be205344","prev_hash":"00b486dfbd4bdfe74ee1e3d856b2e437962f105267cb5d0acbff1c12f84dafa7","record_hash":"290fcb37187f20148f964ea4c998e4919d0c9b9900d7234dd8272f7483233d7e","signature_hex":"b59c4ca77a9d2c070e4738797dc7965469ec764ab5da1c0a8c76b9d9bcaed9671d6d140c549a60b146740e7c6cd5ddf567a7036102d7aeb84635a163e0e58806","public_key_hex":"c2f8243b0d573587f285c830a868acd19249d17d59ecbf9329e796dfed6fb630"}
{"seq":33,"ts":1781791500000,"agent_id":"persona-team","symbol":"BTCUSDT","side":"buy","price":63835.98735369384,"quantity":0.003544981413793475,"notional_usd":226.2973887,"fee_usd":0.13577843322,"balance_before_usd":9989.915154718254,"balance_after_usd":9989.731563866868,"decision":"ALLOW","cert_hash":"8f5fe2ece5e08024d7df2ae02c9456b913a884be3417a303858108a03ad3841b","prev_hash":"290fcb37187f20148f964ea4c998e4919d0c9b9900d7234dd8272f7483233d7e","record_hash":"6d57ea0f2ddd61aeff12649fbf5abd1bcb910c1047fa84bf097bf66d1f38367a","signature_hex":"c47c782746aa3a5732471e698965eaaf46719b0ba2820acb6a6fe13a7d369a287b991963d89851290bc5302486673d51964a0710e3b2cc472d9f505de43f790b","public_key_hex":"c2f8243b0d573587f285c830a868acd19249d17d59ecbf9329e796dfed6fb630"}
{"seq":34,"ts":1781792160000,"agent_id":"persona-team","symbol":"BTCUSDT","side":"sell","price":63899.000205003176,"quantity":0.00547489726971672,"notional_usd":349.84046176,"fee_usd":0.209904277056,"balance_before_usd":9990.051928159017,"balance_after_usd":9989.765923932284,"decision":"ALLOW","cert_hash":"66fee37f616a7b40196c5b7d7a69e26eb6d4c1112575df4294faac6cf2252d84","prev_hash":"6d57ea0f2ddd61aeff12649fbf5abd1bcb910c1047fa84bf097bf66d1f38367a","record_hash":"5a190e379dc2528cc0c3dfd9bde10ede31b2719f1a2b98ff08dc059d1c7443ba","signature_hex":"80b163bca1e8647948178ce047ca547546dda30750692d208a4c5571cf5f94800967923980a0bbbcea0bbd29e21256a2d555dff20bf88fd0c3e7f8bcc6bf770e","public_key_hex":"c2f8243b0d573587f285c830a868acd19249d17d59ecbf9329e796dfed6fb630"}
{"seq":35,"ts":1781792340000,"agent_id":"persona-team","symbol":"BTCUSDT","side":"sell","price":63904.32718274928,"quantity":0.004357525391569579,"notional_usd":278.46472833,"fee_usd":0.167078836998,"balance_before_usd":9989.756075605434,"balance_after_usd":9989.529417120091,"decision":"ALLOW","cert_hash":"530fd8845d835deb44599fb30a6ebb69543e2155af9c80b3ee9745697b465e9f","prev_hash":"5a190e379dc2528cc0c3dfd9bde10ede31b2719f1a2b98ff08dc059d1c7443ba","record_hash":"bf071fa69119ee5f9bbeaab6f5cad1fa36c6bb6ec2ba018b09009e8c2f924c71","signature_hex":"d5e22c11326e56a5527a507dcccf87c525baf681e99d91045dfff8cb345386674867fa4e7a158b3fc48ebfb0aa2dd56daebd8b32000734416a9f52ae8e31e00d","public_key_hex":"c2f8243b0d573587f285c830a868acd19249d17d59ecbf9329e796dfed6fb630"}
{"seq":36,"ts":1781792580000,"agent_id":"persona-team","symbol":"BTCUSDT","side":"sell","price":64035.75468776772,"quantity":0.007002802938397479,"notional_usd":448.42977109,"fee_usd":0.26905786265399995,"balance_before_usd":9988.699325896983,"balance_after_usd":9988.33051091997,"decision":"ALLOW","cert_hash":"22ea0334612f5ae8edf7112e5ea5eddca773202bd6627086b0080458004ca2a4","prev_hash":"bf071fa69119ee5f9bbeaab6f5cad1fa36c6bb6ec2ba018b09009e8c2f924c71","record_hash":"e4f246fb8cecfec09c1d50e68d3cd3b2e3a39a275e13a482f071c610d06bb895","signature_hex":"bd7466713480603c34aa0047979b28e2a09ce0dc316520c23a87982778252db967dada2a358fa2e9d241fa43b6b36148a4f2c6b0cdfe981446fe2d94b6cc7b0f","public_key_hex":"c2f8243b0d573587f285c830a868acd19249d17d59ecbf9329e796dfed6fb630"}
{"seq":37,"ts":1781792700000,"agent_id":"persona-team","symbol":"BTCUSDT","side":"buy","price":64001.73120045324,"quantity":0.0035789189624042214,"notional_usd":229.05700942,"fee_usd":0.137434205652,"balance_before_usd":9989.151917759655,"balance_after_usd":9988.966056484118,"decision":"ALLOW","cert_hash":"2890f29b2486b9ddbed0f8eb8d8ab934adee11ba251df323ddc53f378a303182","prev_hash":"e4f246fb8cecfec09c1d50e68d3cd3b2e3a39a275e13a482f071c610d06bb895","record_hash":"e3b563a0acb9011d16d0f9201a00c2b70be78af164abb3d1c0800d1bb8e45f20","signature_hex":"3d49ff856ce561211b95c750a960caaa2bffdaa1cfa1e48161656ae791cc56ce08a88145b4498d51a481086453ddec1b5612cc41e748f7ccedce7bbf6ac33c0d","public_key_hex":"c2f8243b0d573587f285c830a868acd19249d17d59ecbf9329e796dfed6fb630"}
{"seq":38,"ts":1781792760000,"agent_id":"persona-team","symbol":"BTCUSDT","side":"buy","price":63927.340747545895,"quantity":0.00468591940454679,"notional_usd":299.55836649,"fee_usd":0.179735019894,"balance_before_usd":9989.690605541182,"balance_after_usd":9989.446482485728,"decision":"ALLOW","cert_hash":"6eb9ead347a9e941d07b9c90948eed2fdb00ab1e3e65b8b4f9de22d7c2fe5d45","prev_hash":"e3b563a0acb9011d16d0f9201a00c2b70be78af164abb3d1c0800d1bb8e45f20","record_hash":"46f03071817c515f7ed4742555af1eb838c8b73762a6c2a2df5aa908a5220aee","signature_hex":"12f8d0477c2d33a03ea2d30b4d1272b512a4bee0174c2aede37df59a689e5be1e9b545d93108474c27cd89d940156dffd36f5b0506c4c64f61d803a7e1872d07","public_key_hex":"c2f8243b0d573587f285c830a868acd19249d17d59ecbf9329e796dfed6fb630"}
{"seq":39,"ts":1781792820000,"agent_id":"persona-team","symbol":"BTCUSDT","side":"buy","price":63894.45111891496,"quantity":0.003303635044569807,"notional_usd":211.08394787,"fee_usd":0.126650368722,"balance_before_usd":9989.610347508586,"balance_after_usd":9989.439259552028,"decision":"ALLOW","cert_hash":"5adb4dd47a663221324d1f28aba66f31fae05f96ac3f12bd41ba08488f9255b4","prev_hash":"46f03071817c515f7ed4742555af1eb838c8b73762a6c2a2df5aa908a5220aee","record_hash":"a665302d786181bd782262d87b0997d12e159819d2dc4df909e1660d8c5cbbf4","signature_hex":"e1992065c55860ee7c68482bc7a6a44a4b5066f9f28c1ea5e01ff0196c5701afe8cd3dbb3821dadfab8a21301b9230245355c2819ac824f96f2d7e348e8e080e","public_key_hex":"c2f8243b0d573587f285c830a868acd19249d17d59ecbf9329e796dfed6fb630"}
{"seq":40,"ts":1781793000000,"agent_id":"persona-team","symbol":"BTCUSDT","side":"buy","price":63775.36562112745,"quantity":0.004488227823584208,"notional_usd":286.23837044,"fee_usd":0.171743022264,"balance_before_usd":9989.644801450318,"balance_after_usd":9989.411724007085,"decision":"ALLOW","cert_hash":"4058082f7b04e067c98a787b1092fdd93347aaffd4d4634f4c524f9b93205c85","prev_hash":"a665302d786181bd782262d87b0997d12e159819d2dc4df909e1660d8c5cbbf4","record_hash":"9cbf5526704f79a45a565a11e16c774dcf7fbcfa756819db05220a4a16ce7692","signature_hex":"9c735de86993dc02ae6570f04fe343ecc47d70cf2cf9ee0e974f7aef7c6dcffef52ead7d0aaba8fa800c13aaf4fa5d578e2ea81b8265ff3d5d4108a33ea6580f","public_key_hex":"c2f8243b0d573587f285c830a868acd19249d17d59ecbf9329e796dfed6fb630"}
{"seq":41,"ts":1781793420000,"agent_id":"persona-team","symbol":"BTCUSDT","side":"sell","price":63953.14073730378,"quantity":0.007169880676126612,"notional_usd":458.53638795,"fee_usd":0.27512183277,"balance_before_usd":9989.980552064038,"balance_after_usd":9989.603193019208,"decision":"ALLOW","cert_hash":"32cf4bbb40965e4d4e62a601db1126bb5f774b60bddaf9f6034750d267791056","prev_hash":"9cbf5526704f79a45a565a11e16c774dcf7fbcfa756819db05220a4a16ce7692","record_hash":"0a283587bd1bfd28d9fe2fa8cd77adc66ba8e9f3da992bf29f466bd0625c7931","signature_hex":"910c7440c565385734ec59e50f13c476c3216dab3ec7c488f4f5a00125080fbc25a8226c9d575628be555f7b853e2ccdfc57ab5ad610fb961372fe4e89b3a503","public_key_hex":"c2f8243b0d573587f285c830a868acd19249d17d59ecbf9329e796dfed6fb630"}
{"seq":42,"ts":1781793480000,"agent_id":"persona-team","symbol":"BTCUSDT","side":"buy","price":63949.38612063634,"quantity":0.0034154524390268936,"notional_usd":218.4160868,"fee_usd":0.13104965208,"balance_before_usd":9989.741936415128,"balance_after_usd":9989.564825559428,"decision":"ALLOW","cert_hash":"055f1dba2d10b4d91d846dd0143885163f6e1fe3e354803603d17922b5dcfabd","prev_hash":"0a283587bd1bfd28d9fe2fa8cd77adc66ba8e9f3da992bf29f466bd0625c7931","record_hash":"bee700bc0b6ea383fad241881dcbb96e370746d8328be2b51c8fff9c8a913fbd","signature_hex":"ed4d8eecc50547ed6f0ea21f3c2dac1613a6331eef02ecb69406286b23dc80edc7b2ae89193c27854e0218e40dd4cf4b385ce69715e6df9ba3d523944ccb3c0c","public_key_hex":"c2f8243b0d573587f285c830a868acd19249d17d59ecbf9329e796dfed6fb630"}
{"seq":43,"ts":1781793540000,"agent_id":"persona-team","symbol":"BTCUSDT","side":"sell","price":64007.966902176326,"quantity":0.007464394367035505,"notional_usd":477.78070759,"fee_usd":0.286668424554,"balance_before_usd":9989.479367335633,"balance_after_usd":9989.085711016422,"decision":"ALLOW","cert_hash":"51d70ee17bd7db945389009ee20e78110cb3ccbffa58235f732d372cf352666f","prev_hash":"bee700bc0b6ea383fad241881dcbb96e370746d8328be2b51c8fff9c8a913fbd","record_hash":"6cfc1aff1c48f9b84332324fa9eea335e0d84fc5b8d46bb68346502902ed8220","signature_hex":"668473508dc89fd2d44d930c16d30ed7001a33865547ff773c410c24c20606e7e6c1add5cc8df0c2506a08bc53f5347f8d96abbef8c5ec6b9160a4ee3913ab0a","public_key_hex":"c2f8243b0d573587f285c830a868acd19249d17d59ecbf9329e796dfed6fb630"}
{"seq":44,"ts":1781793660000,"agent_id":"persona-team","symbol":"BTCUSDT","side":"buy","price":63952.93181974215,"quantity":0.005102628139391463,"notional_usd":326.3280295,"fee_usd":0.19579681770000001,"balance_before_usd":9989.789041732152,"balance_after_usd":9989.522666281819,"decision":"ALLOW","cert_hash":"28cab70a6c472fb44ab3a23dacefab1602dc9cb384dd0d63837c440728f5a2b9","prev_hash":"6cfc1aff1c48f9b84332324fa9eea335e0d84fc5b8d46bb68346502902ed8220","record_hash":"4e2209fa2b7b745f29b2549519d64a4f9c669ebce38aba562c7b49626fca3d41","signature_hex":"9cd31e4650076da0db5fa94ebf975dfe840ba1b71ef411bc0975236ecaa7aa57924823761749de1f44e13caefb05d873138dab97a72cc253b4db9a1de7fb940f","public_key_hex":"c2f8243b0d573587f285c830a868acd19249d17d59ecbf9329e796dfed6fb630"}
{"seq":45,"ts":1781793720000,"agent_id":"persona-team","symbol":"BTCUSDT","side":"buy","price":63892.10320367784,"quantity":0.003561440861550815,"notional_usd":227.54794708,"fee_usd":0.136528768248,"balance_before_usd":9989.725393677243,"balance_after_usd":9989.540774047655,"decision":"ALLOW","cert_hash":"ad88cf53cbc75a870e85e2a11a3d01d87cb0f0e2cc4154fdc596835b25fc8bb6","prev_hash":"4e2209fa2b7b745f29b2549519d64a4f9c669ebce38aba562c7b49626fca3d41","record_hash":"0375bf8afcd04cbee2fd262ec3dcc3f00b3c4c0c64a7ae0d8d7125f44313753e","signature_hex":"18ccc0cb7a89fabb083406406e45a97dfdd6b66ce920f3efd1e2addc0f2b3390df3bbfc300565eef33409a9d24c49a0c73df292f09dcad7b8ed084ec9deb9b05","public_key_hex":"c2f8243b0d573587f285c830a868acd19249d17d59ecbf9329e796dfed6fb630"}
{"seq":46,"ts":1781793960000,"agent_id":"persona-team","symbol":"BTCUSDT","side":"sell","price":63916.29519006933,"quantity":0.004990149218153613,"notional_usd":318.95185047,"fee_usd":0.19137111028200002,"balance_before_usd":9989.551618650961,"balance_after_usd":9989.291359479197,"decision":"ALLOW","cert_hash":"af9de57a871783524dd6e685bd1a0c67d651d2b009047d0fd046410bf9dc1c7c","prev_hash":"0375bf8afcd04cbee2fd262ec3dcc3f00b3c4c0c64a7ae0d8d7125f44313753e","record_hash":"b5f99d5ea9a8493519fd0ab9bdb84497f21d5d617590293987454c31899b9048","signature_hex":"35acd7664fc7cd6557ebed2c16abc26f195dcd8ae0a61df995e49fd43812a565d48130165714bfcce746e25b680555a63c3afc36e23b67a708c117255efaed05","public_key_hex":"c2f8243b0d573587f285c830a868acd19249d17d59ecbf9329e796dfed6fb630"}
{"seq":47,"ts":1781794020000,"agent_id":"persona-team","symbol":"BTCUSDT","side":"buy","price":63911.06058610748,"quantity":0.004311620278601655,"notional_usd":275.56022485,"fee_usd":0.16533613491000002,"balance_before_usd":9989.447651561968,"balance_after_usd":9989.223416166978,"decision":"ALLOW","cert_hash":"e38b3f047384f1f50760fcdc58aa6fcb8000ade5e10231c8e5c01fd578499624","prev_hash":"b5f99d5ea9a8493519fd0ab9bdb84497f21d5d617590293987454c31899b9048","record_hash":"ea4d2a7b235f4cf99d3620b8017e1df997e143f0abb5634f5d0f1a5c353e4d16","signature_hex":"f8dfb9114eead6a60b2ab7c378d4d9cb289de93f63af1c138dc8ee9b5e12ab5e45a55de834a821aadc99433665b6062b744d80d047c04497d8d5abd75f7d6201","public_key_hex":"c2f8243b0d573587f285c830a868acd19249d17d59ecbf9329e796dfed6fb630"}
{"seq":48,"ts":1781794080000,"agent_id":"persona-team","symbol":"BTCUSDT","side":"sell","price":63946.3235139522,"quantity":0.006284420434621523,"notional_usd":401.86558221,"fee_usd":0.24111934932600002,"balance_before_usd":9989.19393505754,"balance_after_usd":9988.864353151648,"decision":"ALLOW","cert_hash":"59de407e48a2ac6d0fde6c2420213a5c19a97707c8c3ac882f96e8f350f19631","prev_hash":"ea4d2a7b235f4cf99d3620b8017e1df997e143f0abb5634f5d0f1a5c353e4d16","record_hash":"8eca449b86575fcdbc28b3f1d5d2a9e3d938a70d9d03241787181779fb8dd047","signature_hex":"278098565095b57ed7d18467a36152503e9f93790d70b3dc3a22b7eabea2eb6f884d58bddba659966311caf02512593abc9cd737b7717131c52998cee8920405","public_key_hex":"c2f8243b0d573587f285c830a868acd19249d17d59ecbf9329e796dfed6fb630"}
{"seq":49,"ts":1781794200000,"agent_id":"persona-team","symbol":"BTCUSDT","side":"buy","price":63868.71164800121,"quantity":0.00853297526656866,"notional_usd":544.9901368,"fee_usd":0.32699408207999997,"balance_before_usd":9989.581455329146,"balance_after_usd":9989.130633713596,"decision":"ALLOW","cert_hash":"488b97dc6816fe841fab68db14e83f17bae49a1c165829e185d07f70b36177f2","prev_hash":"8eca449b86575fcdbc28b3f1d5d2a9e3d938a70d9d03241787181779fb8dd047","record_hash":"0d17a5edbe13664a410d216f79924c85941e5ac450c410c1fbbef1c8c15ed63c","signature_hex":"76c408fca8ccc8e870dcb541bae1530d74ff6397a5ed99a8f873265f50915eb533e71b2578244b69c01ffa8a73ac413c5282546a5f8a36d480c1352951e0710b","public_key_hex":"c2f8243b0d573587f285c830a868acd19249d17d59ecbf9329e796dfed6fb630"}
{"seq":50,"ts":1781794680000,"agent_id":"persona-team","symbol":"BTCUSDT","side":"sell","price":63846.234895392285,"quantity":0.004875098500326181,"notional_usd":311.25668399,"fee_usd":0.186754010394,"balance_before_usd":9989.140961197736,"balance_after_usd":9988.887100946511,"decision":"ALLOW","cert_hash":"ab04fe3f366fbbe4432f8dcb9a8b5f0fb46028edb30ee7690dbd065d7c276a26","prev_hash":"0d17a5edbe13664a410d216f79924c85941e5ac450c410c1fbbef1c8c15ed63c","record_hash":"a80c41cd0725c1525925ec35673c5c2689e943f3bd073505baec5e08f0cf393e","signature_hex":"18d4295374414970ba0dda497f7242fc797833f667255ac4d2f9eb47245ded2961bc230f7ffc2b6df0a99b6328b20429941f525f61dc599bbfcb1daca5e4040a","public_key_hex":"c2f8243b0d573587f285c830a868acd19249d17d59ecbf9329e796dfed6fb630"}
{"seq":51,"ts":1781794800000,"agent_id":"persona-team","symbol":"BTCUSDT","side":"buy","price":63719.815735515025,"quantity":0.004304983071963098,"notional_usd":274.31272809,"fee_usd":0.164587636854,"balance_before_usd":9989.363034706068,"balance_after_usd":9989.139831558308,"decision":"ALLOW","cert_hash":"23a8f4d31926e1877ca256ee67b6a84350b8b1ead2ce5d0c84da83bb486f0158","prev_hash":"a80c41cd0725c1525925ec35673c5c2689e943f3bd073505baec5e08f0cf393e","record_hash":"d194f94612e9c2bd1651d255ee95cada9ef56d2cd3517a8f6eabf20d9955b051","signature_hex":"dace18b0985458611339e5b4a16de4e694bfb5bce7e070385ee6e244b5f8f9e89b7cef03af75a7ceb90a855841ce3e56b2140fd177ae237bf1d16ff8790cf100","public_key_hex":"c2f8243b0d573587f285c830a868acd19249d17d59ecbf9329e796dfed6fb630"}
{"seq":52,"ts":1781798700000,"agent_id":"persona-team","symbol":"BTCUSDT","side":"sell","price":62587.34884270508,"quantity":0.0037352497732015427,"notional_usd":233.77938057,"fee_usd":0.140267628342,"balance_before_usd":9987.80151902665,"balance_after_usd":9987.611755016029,"decision":"ALLOW","cert_hash":"2a03344c282ef5359b481d5e4a34af9b9192a13498c9418dae06f2290f08dc49","prev_hash":"d194f94612e9c2bd1651d255ee95cada9ef56d2cd3517a8f6eabf20d9955b051","record_hash":"cd0dd94d68b48b58a774dbff31feb6282676d8c8acaf12c23b9abb5d214cc490","signature_hex":"0433887a30fd630bf2a3ff3b5606155120e765b4bc6b9d4c81036d6813c15fa4f3c4d263aa00dcb0e5e28329113102938031ce530041fe5e49f81b9031b8b603","public_key_hex":"c2f8243b0d573587f285c830a868acd19249d17d59ecbf9329e796dfed6fb630"}
{"seq":53,"ts":1781798940000,"agent_id":"persona-team","symbol":"BTCUSDT","side":"sell","price":62651.779730238566,"quantity":0.009107438763221664,"notional_usd":570.5972473,"fee_usd":0.34235834838,"balance_before_usd":9987.446382942084,"balance_after_usd":9986.97360361378,"decision":"ALLOW","cert_hash":"3d2ce1265aef1fc6ff9baaf3faf221f9a889f7e736b56c8261d613f69ff691df","prev_hash":"cd0dd94d68b48b58a774dbff31feb6282676d8c8acaf12c23b9abb5d214cc490","record_hash":"b338dc884eb3bd4b7071eb8f6f28e062152a9a48eb2b1877fea213ba869309c1","signature_hex":"12bebcf726c94b0304dcee4b0a602a3d717b9b315e2a89c6713dbd9c6270d4f42b37668cacb185ac28cb504e14a16559bda643b1d9e89b4e43fc8faade91f40c","public_key_hex":"c2f8243b0d573587f285c830a868acd19249d17d59ecbf9329e796dfed6fb630"}
{"seq":54,"ts":1781799060000,"agent_id":"persona-team","symbol":"BTCUSDT","side":"sell","price":62681.29302977948,"quantity":0.0034035765254338845,"notional_usd":213.34057754,"fee_usd":0.128004346524,"balance_before_usd":9986.643249041454,"balance_after_usd":9986.470293761115,"decision":"ALLOW","cert_hash":"83ca71d1de860c4a6940ff2aa2f5307184b61423717eb061a9f9cea29a8a1e11","prev_hash":"b338dc884eb3bd4b7071eb8f6f28e062152a9a48eb2b1877fea213ba869309c1","record_hash":"092c62eb102a155ba316641cb73d9f78057ec0944ef777dae7182549f5990cb8","signature_hex":"ed4261dcdb5d73647633784e392c8dd05a4306b67d5d980acd73586585bb43858b0a40688bf21e94db35084763df0a543d55e95f711eab0dcfa878277d28170a","public_key_hex":"c2f8243b0d573587f285c830a868acd19249d17d59ecbf9329e796dfed6fb630"}
{"seq":55,"ts":1781799240000,"agent_id":"persona-team","symbol":"BTCUSDT","side":"buy","price":62624.63699379086,"quantity":0.010273806558172808,"notional_usd":643.39340625,"fee_usd":0.38603604375,"balance_before_usd":9987.739313574239,"balance_after_usd":9987.203927268343,"decision":"ALLOW","cert_hash":"101bf25fd1f5907f7a9c6977b5125309a1ee09ce7187649a92d14e3bf33df509","prev_hash":"092c62eb102a155ba316641cb73d9f78057ec0944ef777dae7182549f5990cb8","record_hash":"2756b4f699a2d9bf4db5f15ca4934623e2409bfdf4e913e2ccf9ffaf4aaf02f6","signature_hex":"a62bd379f019a10bca91c8ee9bd5aa05e21c3df2dbb54b2aa3a34d8f162fc4a7eb3560dae8f13bea0ed86e154ec1d3d1a1766e5db555d7b5904bd919e98b290f","public_key_hex":"c2f8243b0d573587f285c830a868acd19249d17d59ecbf9329e796dfed6fb630"}
{"seq":56,"ts":1781799300000,"agent_id":"persona-team","symbol":"BTCUSDT","side":"buy","price":62578.4071216233,"quantity":0.004052879589873155,"notional_usd":253.62274899,"fee_usd":0.152173649394,"balance_before_usd":9987.418216063163,"balance_after_usd":9987.212110252141,"decision":"ALLOW","cert_hash":"b359619fe4eeb4692540cbfc9018f3f0ddc30f38e329c1857ba73f764c64df91","prev_hash":"2756b4f699a2d9bf4db5f15ca4934623e2409bfdf4e913e2ccf9ffaf4aaf02f6","record_hash":"8bcfe787a732b1cf342664b302cbb36dc8127fcac702ebea95b75a94e826d777","signature_hex":"55a7b8fb6c569d9979e1759cf14f8ba0f991783422b192ea0c810d10dc5610218873f29ad5a350c7310aa8213c798d6b6042134c30f4c5047bfac25bf7dad705","public_key_hex":"c2f8243b0d573587f285c830a868acd19249d17d59ecbf9329e796dfed6fb630"}
{"seq":57,"ts":1781799600000,"agent_id":"persona-team","symbol":"BTCUSDT","side":"sell","price":62661.50780292082,"quantity":0.009970123994381108,"notional_usd":624.74300247,"fee_usd":0.374845801482,"balance_before_usd":9987.133471768762,"balance_after_usd":9986.61413696545,"decision":"ALLOW","cert_hash":"addcef3ff5c2b76e6ba77f0c9812e55d99383df572a9d093816b3231741a884f","prev_hash":"8bcfe787a732b1cf342664b302cbb36dc8127fcac702ebea95b75a94e826d777","record_hash":"fe3dce7b0361833694dd63bdfe096801943a767d7daed412fc6837b253c3a1e2","signature_hex":"f6f81079653315181334e9b751cc145386f331bf98d4d8d31aca01bedb4b87898cee2c5f1341ab5d33764d397d4d17fb1cbc07bfde1b01265b5123b0cc51d70f","public_key_hex":"c2f8243b0d573587f285c830a868acd19249d17d59ecbf9329e796dfed6fb630"}
{"seq":58,"ts":1781799840000,"agent_id":"persona-team","symbol":"BTCUSDT","side":"buy","price":62689.91367378055,"quantity":0.005485528729701019,"notional_usd":343.88732252,"fee_usd":0.206332393512,"balance_before_usd":9986.610933200165,"balance_after_usd":9986.32992260801,"decision":"ALLOW","cert_hash":"e498312bb5ba85dacb8440d2437be00edc392fc42ae35fc0efec58dded19caa2","prev_hash":"fe3dce7b0361833694dd63bdfe096801943a767d7daed412fc6837b253c3a1e2","record_hash":"119331f8371f01780e4086600203269be47713d169a50dac407f288686280e9b","signature_hex":"b2e3c3eaa5dbf87882dead781449c478346c8104d80751dea13c7793d716741b4ccb5f77310af4e256e02ba2a077f7f693a2458b853b0a20ef301bb0cefd2901","public_key_hex":"c2f8243b0d573587f285c830a868acd19249d17d59ecbf9329e796dfed6fb630"}
{"seq":59,"ts":1781799900000,"agent_id":"persona-team","symbol":"BTCUSDT","side":"buy","price":62659.16145559055,"quantity":0.0037274531911113133,"notional_usd":233.55909132,"fee_usd":0.14013545479199999,"balance_before_usd":9986.487810750357,"balance_after_usd":9986.298243840607,"decision":"ALLOW","cert_hash":"83db3582f241a4af12340a5ae5f06300c67e66af3c3e22d1baff554423a416ee","prev_hash":"119331f8371f01780e4086600203269be47713d169a50dac407f288686280e9b","record_hash":"eb5ed8e645218dfb85a28966af387f224c961507b1c0dd795cb2bcfcaa48750b","signature_hex":"4f5dc6b07477fad8178168e26fb0874d41481a07f314cc48cf0610bfee732a3c6d06e4cac8617fd5d1e9ce2cacc008485903fa285f569ede18fcc95f95f47a05","public_key_hex":"c2f8243b0d573587f285c830a868acd19249d17d59ecbf9329e796dfed6fb630"}
{"seq":60,"ts":1781799960000,"agent_id":"persona-team","symbol":"BTCUSDT","side":"sell","price":62679.19200183973,"quantity":0.0034111748285415733,"notional_usd":213.80968203,"fee_usd":0.128285809218,"balance_before_usd":9986.23006388047,"balance_after_usd":9986.056723280391,"decision":"ALLOW","cert_hash":"ce96cb62f9bee6ee5b504b351d4f911bd07f061ecdc4b0ca97393d8fd1a750d8","prev_hash":"eb5ed8e645218dfb85a28966af387f224c961507b1c0dd795cb2bcfcaa48750b","record_hash":"f304189a08b7459a74d7672afa221340fd9cf0bf37e7a72b83fadef8265cd899","signature_hex":"9b4ccc388d22dd8859e31359b08dc94285461d3ffc4a808f87426b982dedfb65ccee971f5542a76943037c61f85b8871763f41f2099c711cd0b5879ee599680b","public_key_hex":"c2f8243b0d573587f285c830a868acd19249d17d59ecbf9329e796dfed6fb630"}
{"seq":61,"ts":1781800020000,"agent_id":"persona-team","symbol":"BTCUSDT","side":"buy","price":62656.48978233968,"quantity":0.003874849826464921,"notional_usd":242.78448856,"fee_usd":0.145670693136,"balance_before_usd":9986.296691878488,"balance_after_usd":9986.099525274558,"decision":"ALLOW","cert_hash":"f2f9a5b18c070425316e9e47a685c4d4ab87fdf36730f2ae419388c8904d1d77","prev_hash":"f304189a08b7459a74d7672afa221340fd9cf0bf37e7a72b83fadef8265cd899","record_hash":"a79c72c1d3a4a5b043eca80f8a2bac12a3ad0c32a5cf00f99aa26564dd7ce01d","signature_hex":"5a4af2ec5f9df044c32a925637d9e9bbd2245cab5a7600612e8532e46835088be8c180e35b55b1ab13712beceb2b23b72bd3fc76490e890ef7e6efc9b1b7fd05","public_key_hex":"c2f8243b0d573587f285c830a868acd19249d17d59ecbf9329e796dfed6fb630"}
{"seq":62,"ts":1781800260000,"agent_id":"persona-team","symbol":"BTCUSDT","side":"buy","price":62523.01431036794,"quantity":0.0036417567771079534,"notional_usd":227.69361109,"fee_usd":0.136616166654,"balance_before_usd":9986.233266872465,"balance_after_usd":9986.048527401474,"decision":"ALLOW","cert_hash":"211195c98862ea8e20fab590e80c122199cc963db4c3a265f3d47fd3cd5730bc","prev_hash":"a79c72c1d3a4a5b043eca80f8a2bac12a3ad0c32a5cf00f99aa26564dd7ce01d","record_hash":"1f17a87000a29ade73b7b3b6ea746539e828251c2f27f2918fdfd198bea2de57","signature_hex":"4f40e97d756909c58981dc9e2cada8a50edf73f4f03885a41748462a5b3bf459f9c28cf5919c896a04c1190cf79304a01b09ce6b8a6bd06cdba8d2d58228320b","public_key_hex":"c2f8243b0d573587f285c830a868acd19249d17d59ecbf9329e796dfed6fb630"}
{"seq":63,"ts":1781800680000,"agent_id":"persona-team","symbol":"BTCUSDT","side":"sell","price":62645.25321244172,"quantity":0.0061943757328916235,"notional_usd":388.04823628,"fee_usd":0.232828941768,"balance_before_usd":9986.442295455588,"balance_after_usd":9986.124313746564,"decision":"ALLOW","cert_hash":"186914ae511b1188e61d1aa5b6e1f86908dc3dc52d5b2d231900a0b8cc4704a3","prev_hash":"1f17a87000a29ade73b7b3b6ea746539e828251c2f27f2918fdfd198bea2de57","record_hash":"296c31a74cf94922179b2a2997855a211f198343b25dd0d78db36506df88e335","signature_hex":"867eaa767553c62495b4877e9bfc8d2cae5cfd0c3f689fe6412958c600e99af4139a884a8c91d34500dc5ff0e08d3c5deec696a87ba6475ad7d233c77ab1ae09","public_key_hex":"c2f8243b0d573587f285c830a868acd19249d17d59ecbf9329e796dfed6fb630"}
{"seq":64,"ts":1781800800000,"agent_id":"persona-team","symbol":"BTCUSDT","side":"buy","price":62642.37853551994,"quantity":0.0033238021952173916,"notional_usd":208.21087529,"fee_usd":0.12492652517399999,"balance_before_usd":9986.230258100424,"balance_after_usd":9986.061528729959,"decision":"ALLOW","cert_hash":"d2283445cc2ddcc8ab0e1c1ade10d398b6173f061150716c69d4542fc0a0d733","prev_hash":"296c31a74cf94922179b2a2997855a211f198343b25dd0d78db36506df88e335","record_hash":"68e835b8149bc789c092bebd456fc71045446499b61eea073ab26f66e6a2d9f5","signature_hex":"73940a3b4e32ae5ce221e1cdae735774f32d3df1caca994ec12815bf067535109cd1449fbbfc815f7abab8c29ec9eeecfa4febf160787ef408939378fb48d709","public_key_hex":"c2f8243b0d573587f285c830a868acd19249d17d59ecbf9329e796dfed6fb630"}
{"seq":65,"ts":1781800860000,"agent_id":"persona-team","symbol":"BTCUSDT","side":"sell","price":62633.021060424486,"quantity":0.0038248383305490904,"notional_usd":239.56117971,"fee_usd":0.143736707826,"balance_before_usd":9986.057572175316,"balance_after_usd":9985.863045670412,"decision":"ALLOW","cert_hash":"ddf003941e027c61843e0c756b6fdf1774042d816d6bdb235d3cf7f6110d2015","prev_hash":"68e835b8149bc789c092bebd456fc71045446499b61eea073ab26f66e6a2d9f5","record_hash":"ffd7891685100a839e5f66e9a8dad590c4ab1cc3dbb372e71dde580d41717bc6","signature_hex":"2beaee73fbbd62efae9a9d5b583eb24041b530a80f19be6e1edaa3a5e8f19f1a4b6c84bb04f1310ed0d4092f1b439e5df8969df7899a574abf1b23010005c506","public_key_hex":"c2f8243b0d573587f285c830a868acd19249d17d59ecbf9329e796dfed6fb630"}
{"seq":66,"ts":1781800920000,"agent_id":"persona-team","symbol":"BTCUSDT","side":"sell","price":62663.430440175805,"quantity":0.005779056093581206,"notional_usd":362.13547953,"fee_usd":0.217281287718,"balance_before_usd":9985.738114223925,"balance_after_usd":9985.441835783207,"decision":"ALLOW","cert_hash":"66d922e76fe5c26f279d1c8a3797b46c0625c8098a13de554f8bf03097e7f9bc","prev_hash":"ffd7891685100a839e5f66e9a8dad590c4ab1cc3dbb372e71dde580d41717bc6","record_hash":"1caa379742a8c45958c73053d71d3429b1c078c0aa25a75717270181408b5517","signature_hex":"7c8b24c7fbe72b678bd1c630360f7eac1b35ff132c9c8672cfc9ceb1b8fcb9b4039ee70884b473fdf749873725c0ebadb4083b45bfd420eed8cbf3a23ad09c08","public_key_hex":"c2f8243b0d573587f285c830a868acd19249d17d59ecbf9329e796dfed6fb630"}
{"seq":67,"ts":1781800980000,"agent_id":"persona-team","symbol":"BTCUSDT","side":"sell","price":62686.81206158317,"quantity":0.0038093174455164536,"notional_usd":238.79396679,"fee_usd":0.143276380074,"balance_before_usd":9985.215624529768,"balance_after_usd":9985.021730174067,"decision":"ALLOW","cert_hash":"7156547109f2050947f742d40e972e659ab003e7442e3b2d8193db7a1afc5092","prev_hash":"1caa379742a8c45958c73053d71d3429b1c078c0aa25a75717270181408b5517","record_hash":"d26040905291d16e995835c7491d451a32cf6088ad86ef4e045e09ec71d4c9f6","signature_hex":"156cc496fda98b9f51db3aa515e19b138a29f73f61a48919c191b2ee6f0e1e027b9fcafd9f7c6a0cdce0045947293c6a74453b810a047dfeba4f3468d9caa603","public_key_hex":"c2f8243b0d573587f285c830a868acd19249d17d59ecbf9329e796dfed6fb630"}
{"seq":68,"ts":1781801220000,"agent_id":"persona-team","symbol":"BTCUSDT","side":"buy","price":62701.49142582589,"quantity":0.006376277002006478,"notional_usd":399.80207777,"fee_usd":0.239881246662,"balance_before_usd":9985.190923081811,"balance_after_usd":9984.86310388383,"decision":"ALLOW","cert_hash":"2b9a1ed686db2d0d9cbd1103cafd13350163766f00e2016765fb9e88f93bed25","prev_hash":"d26040905291d16e995835c7491d451a32cf6088ad86ef4e045e09ec71d4c9f6","record_hash":"c71d3e20e3b2a302e321969596a4b864e4ebd27e651e074892c559dd6c4245f9","signature_hex":"ee7b358c233eb293e96670a9ec18108f943ce2d01815d32d1e21769c9f94ec78b9db7fb964134bd0d13796e923c6bd0f0b15842c752d35d7f6f53b631964bb07","public_key_hex":"c2f8243b0d573587f285c830a868acd19249d17d59ecbf9329e796dfed6fb630"}
{"seq":69,"ts":1781801340000,"agent_id":"persona-team","symbol":"BTCUSDT","side":"buy","price":62685.47036938973,"quantity":0.004252063087974479,"notional_usd":266.54257471,"fee_usd":0.159925544826,"balance_before_usd":9984.976489556211,"balance_after_usd":9984.75971235723,"decision":"ALLOW","cert_hash":"83ab24df9ec79ac74e895d2cb48262d76b5f71f1049d49a59fe78cc30f22a763","prev_hash":"c71d3e20e3b2a302e321969596a4b864e4ebd27e651e074892c559dd6c4245f9","record_hash":"470cd00a6f508e4bf1be6f7ffb0dc0199412034ffed6aa599d5fbac16183240a","signature_hex":"b8ff9aa94a065c8a0eed8bc4f9cdffe26cee967c01c1bae18cd93b325eeeb3204aa0074dfc25da9907c3d064c5aa880ab4542fe3372634c707da3cac779fd705","public_key_hex":"c2f8243b0d573587f285c830a868acd19249d17d59ecbf9329e796dfed6fb630"}
{"seq":70,"ts":1781801520000,"agent_id":"persona-team","symbol":"BTCUSDT","side":"buy","price":62662.078869132565,"quantity":0.00381285901779574,"notional_usd":238.92167249,"fee_usd":0.143353003494,"balance_before_usd":9984.829990964621,"balance_after_usd":9984.636007505209,"decision":"ALLOW","cert_hash":"602701c2badbaf423fe8220175db6094230eb298ce4c9ef8819e5ba7feb03149","prev_hash":"470cd00a6f508e4bf1be6f7ffb0dc0199412034ffed6aa599d5fbac16183240a","record_hash":"1f374bc6045ef551caadfdb453fe65e2250f5b783d8211ab38576feef616f0f8","signature_hex":"f5e71b64a7f17e985b4fdc9829bb9eca111cccdbc58cc9ba8e256399b22a3fa84e3d7a5b94ec0cb54f035718790ad7da9971e6a3e0aac1ed0eaa8e9a2b5b9f07","public_key_hex":"c2f8243b0d573587f285c830a868acd19249d17d59ecbf9329e796dfed6fb630"}
{"seq":71,"ts":1781801820000,"agent_id":"persona-team","symbol":"BTCUSDT","side":"sell","price":62677.42586993681,"quantity":0.003240796067973632,"notional_usd":203.12475531,"fee_usd":0.12187485318600001,"balance_before_usd":9984.669305793746,"balance_after_usd":9984.504736271652,"decision":"ALLOW","cert_hash":"acdc250bcf0e8b42254e9d5bea7a6ff38e0d3e70a546db323066a8e3940b5b49","prev_hash":"1f374bc6045ef551caadfdb453fe65e2250f5b783d8211ab38576feef616f0f8","record_hash":"ba831258bf8b0af000394af459284e03b58556f03fe821eba6d55c881519107b","signature_hex":"f4ae1bcfc8a41fc8136fa470aef563a26bbc2a55ab3b1788cbdda09aea964b3ce527f3d61f44f7e05ce337a0f6d36b3172d7db49961284bc29a59f3d355d4b09","public_key_hex":"c2f8243b0d573587f285c830a868acd19249d17d59ecbf9329e796dfed6fb630"}
{"seq":72,"ts":1781801940000,"agent_id":"persona-team","symbol":"BTCUSDT","side":"buy","price":62681.88711145867,"quantity":0.003323052645010782,"notional_usd":208.29521076,"fee_usd":0.124977126456,"balance_before_usd":9984.558263951498,"balance_after_usd":9984.38946535943,"decision":"ALLOW","cert_hash":"0d43ba3c9ff2b933cc226f833cf433ea2667fd9585ad1b719350d63f30ebae64","prev_hash":"ba831258bf8b0af000394af459284e03b58556f03fe821eba6d55c881519107b","record_hash":"fade4acd7a532048efb294cc19e6ba9090835b6490d10fb4ccb4122544b535e9","signature_hex":"4feb5d00cc68bb217254ad8f8cc99ee57771ddb3bfb6de02fa9bfa8ade463c6a65d4d0d8b9389805e24e2bf0018b27c22d8ed62a2c2075ccd687f26a0112be02","public_key_hex":"c2f8243b0d573587f285c830a868acd19249d17d59ecbf9329e796dfed6fb630"}
{"seq":73,"ts":1781802000000,"agent_id":"persona-team","symbol":"BTCUSDT","side":"buy","price":62636.544352584424,"quantity":0.0036659943867181992,"notional_usd":229.62522,"fee_usd":0.137775132,"balance_before_usd":9984.349564827111,"balance_after_usd":9984.163235972881,"decision":"ALLOW","cert_hash":"fb48fa8e73452ee20a4c243161a5117c3e09ffe203e46f02b983aa08f97226ad","prev_hash":"fade4acd7a532048efb294cc19e6ba9090835b6490d10fb4ccb4122544b535e9","record_hash":"2ca2df582eee598d648970bd2a4e8c173f8e6b866949f3e856786aa29fac4743","signature_hex":"46c7b05b7b2f24224191a9afaefb9f1036d34322e034747b470974003b4aae89bb2b820dc20c3078830dcde936610b2839349966898860587f6e96a876f11a01","public_key_hex":"c2f8243b0d573587f285c830a868acd19249d17d59ecbf9329e796dfed6fb630"}
{"seq":74,"ts":1781802960000,"agent_id":"persona-team","symbol":"BTCUSDT","side":"sell","price":62485.80064157982,"quantity":0.0035861696964620106,"notional_usd":224.08468472,"fee_usd":0.134450810832,"balance_before_usd":9983.598309783227,"balance_after_usd":9983.416523833213,"decision":"ALLOW","cert_hash":"3db66b1756c3e79d12a1fcc989482817fce99319acb94585510bc7e881091686","prev_hash":"2ca2df582eee598d648970bd2a4e8c173f8e6b866949f3e856786aa29fac4743","record_hash":"758cd2940fb0407870023da9d86b997d104b5f0b588a1739df9964e01d186687","signature_hex":"bd34c571b1b4106d30d4246397d1d55f7fa7d6603c6c3981fa86552a5b3b65e55d42a1dfea3e125c92fa91a931057eb4b508cabe641651c75f64077b2694e40e","public_key_hex":"c2f8243b0d573587f285c830a868acd19249d17d59ecbf9329e796dfed6fb630"}
{"seq":75,"ts":1781803140000,"agent_id":"persona-team","symbol":"BTCUSDT","side":"sell","price":62562.523872395956,"quantity":0.006445168225828446,"notional_usd":403.22599099,"fee_usd":0.24193559459400002,"balance_before_usd":9983.490630650676,"balance_after_usd":9983.159905596172,"decision":"ALLOW","cert_hash":"eb36e9305b834ee0c32202941b859c3bc81944bc3b55bbf36cebad8ae13bdfe1","prev_hash":"758cd2940fb0407870023da9d86b997d104b5f0b588a1739df9964e01d186687","record_hash":"018b85bd2740eb9f77f2e77b840034cb27f81640b5560e3059bad4725b4f7a78","signature_hex":"5139cc9ba0707b44911d479d1daab58a4ca426cee567190a7f502118017eb6620eee10851df90cb71db6fe4e2a02e15d3b6f95f867613c3818990af8ec247807","public_key_hex":"c2f8243b0d573587f285c830a868acd19249d17d59ecbf9329e796dfed6fb630"}
{"seq":76,"ts":1781803260000,"agent_id":"persona-team","symbol":"BTCUSDT","side":"buy","price":62548.21233666913,"quantity":0.00513709771736557,"notional_usd":321.31627882,"fee_usd":0.19278976729199998,"balance_before_usd":9983.388143047065,"balance_after_usd":9983.125939085914,"decision":"ALLOW","cert_hash":"048f68a63224e7c7880b15cfeddce4fedd2cc3ab5df92e839d91e0075a597a25","prev_hash":"018b85bd2740eb9f77f2e77b840034cb27f81640b5560e3059bad4725b4f7a78","record_hash":"4d8402ad31ea52da3115411ca2a400b91a29eb2cea1b538adddd8641642137a0","signature_hex":"440a77d63de643cde32c4d37434b8a90c235f7c9e8fa62f502c84a2a07b012665543f07f4e7fb5c4cf0b77c15dde2821a1a4af9e285d2deadcc222ee8c7cb00c","public_key_hex":"c2f8243b0d573587f285c830a868acd19249d17d59ecbf9329e796dfed6fb630"}
{"seq":77,"ts":1781803320000,"agent_id":"persona-team","symbol":"BTCUSDT","side":"buy","price":62445.338720081985,"quantity":0.0038557524685596564,"notional_usd":240.77376892,"fee_usd":0.144464261352,"balance_before_usd":9983.161785419285,"balance_after_usd":9982.966275930296,"decision":"ALLOW","cert_hash":"150e13e69a8b2259071289524edd6c7473f7382c498a2d2d5d15ca6767b7fe2d","prev_hash":"4d8402ad31ea52da3115411ca2a400b91a29eb2cea1b538adddd8641642137a0","record_hash":"0b40ce851845d3d21d12f054581dbc6d3cdee622430e83a11422e84a525baa14","signature_hex":"e28bae966aec4a29fd2099fa30728215a6d63b97769259e1c0dcf3202d2d48f33d8819c3e989c36014bf017bf0694d8faefa84287fd83169fa538af1bcbed407","public_key_hex":"c2f8243b0d573587f285c830a868acd19249d17d59ecbf9329e796dfed6fb630"}
{"seq":78,"ts":1781803740000,"agent_id":"persona-team","symbol":"BTCUSDT","side":"sell","price":62534.42278118088,"quantity":0.013642791759273187,"notional_usd":853.14410779,"fee_usd":0.511886464674,"balance_before_usd":9983.378274757913,"balance_after_usd":9982.659328657406,"decision":"ALLOW","cert_hash":"510335f4605562e18fdb3cf2bac78f033e657f012b21f7bbdec837ec84cecda2","prev_hash":"0b40ce851845d3d21d12f054581dbc6d3cdee622430e83a11422e84a525baa14","record_hash":"a20693ce805139ee2c1f1e9bb8877538c9f9999c3f6f1977c884c798206d13c3","signature_hex":"f0f3de87905e677516ec35bf14fa3dedecb97e7665eac3f1d2fc89a018c1ab8dae407da6aec1f0e5f8e6fc756619fce2ba24c45c1627ed3ed0e836bfe530e805","public_key_hex":"c2f8243b0d573587f285c830a868acd19249d17d59ecbf9329e796dfed6fb630"}
{"seq":79,"ts":1781803800000,"agent_id":"persona-team","symbol":"BTCUSDT","side":"sell","price":62632.56988036227,"quantity":0.0035765327769224265,"notional_usd":224.00743908,"fee_usd":0.134404463448,"balance_before_usd":9981.68420517286,"balance_after_usd":9981.502482752887,"decision":"ALLOW","cert_hash":"656508ee943996a36499af484fee71e626d22bcf4d096e96f652de4bca8544bb","prev_hash":"a20693ce805139ee2c1f1e9bb8877538c9f9999c3f6f1977c884c798206d13c3","record_hash":"49f94bf1dac8539df3172c8e94ce0afad44f7cc5cd27c177bd3fb85f8024d4a0","signature_hex":"4dab415e0f4d4a74605de2fe34ec74ecd82cb442e25071a4608b68f87673c2b6839fd9d8afa114ac9d5159314aac9ff42a128c4e66778dd451e17f7494eda502","public_key_hex":"c2f8243b0d573587f285c830a868acd19249d17d59ecbf9329e796dfed6fb630"}
{"seq":80,"ts":1781803920000,"agent_id":"persona-team","symbol":"BTCUSDT","side":"buy","price":62714.49729016406,"quantity":0.004355539982026466,"notional_usd":273.1555004,"fee_usd":0.16389330024,"balance_before_usd":9980.74415653299,"balance_after_usd":9980.52191079979,"decision":"ALLOW","cert_hash":"29bad29d48ca6c6cf8490ac0da1b09fba78a013151fa07175524ba4393f4f6a3","prev_hash":"49f94bf1dac8539df3172c8e94ce0afad44f7cc5cd27c177bd3fb85f8024d4a0","record_hash":"9a4bf2a819887c16790e1bd91912d21498fa3617f24b7ec81175b6604e14c3de","signature_hex":"01922293d832ee318b0e403382fef61b2458cb413c114e62c2331265cd606bef8ad53fe3fa095203d61ee490806ad4e5c61b37169a7b560c64462a4224aa0902","public_key_hex":"c2f8243b0d573587f285c830a868acd19249d17d59ecbf9329e796dfed6fb630"}
{"seq":81,"ts":1781804100000,"agent_id":"persona-team","symbol":"BTCUSDT","side":"buy","price":62636.47640997635,"quantity":0.004339481129508553,"notional_usd":271.8098074,"fee_usd":0.16308588444000002,"balance_before_usd":9981.251788900936,"balance_after_usd":9981.030656337824,"decision":"ALLOW","cert_hash":"9ef2847e91845ee48d5378436c698a14138c6864136fc7a8f096b3276bbe63e4","prev_hash":"9a4bf2a819887c16790e1bd91912d21498fa3617f24b7ec81175b6604e14c3de","record_hash":"023669670369f36f598c3fec222bd4506afe671e30db4caa12cda6dbe4492ecb","signature_hex":"f419ccf67a0376063aaf8005df0630ce0029c9f50bf304248a1035a5633de90767125fae7a5b362bcb46dc077b918f778ec9c8e862ed134b1cf3d0537537d100","public_key_hex":"c2f8243b0d573587f285c830a868acd19249d17d59ecbf9329e796dfed6fb630"}
{"seq":82,"ts":1781804340000,"agent_id":"persona-team","symbol":"BTCUSDT","side":"buy","price":62523.11228923303,"quantity":0.0036313011905054846,"notional_usd":227.04025209,"fee_usd":0.136224151254,"balance_before_usd":9981.598686061781,"balance_after_usd":9981.414484108904,"decision":"ALLOW","cert_hash":"9864f988fbc0c3a57693082a24c8f4008ad73cc1e6fcdb278f4fc11fff6f422b","prev_hash":"023669670369f36f598c3fec222bd4506afe671e30db4caa12cda6dbe4492ecb","record_hash":"a4fb9a80fc8d667780ea05f0870024dd2a8cac1f7a4b4ffd6d895d4210c595dd","signature_hex":"7775a50c346b10d881356102107081c0bc348e3a2c249d29ed039629a3fd33c78515d6a0ed36840d286f7c98190d1942b07bacc85071e88e5da5a6abfcc11a09","public_key_hex":"c2f8243b0d573587f285c830a868acd19249d17d59ecbf9329e796dfed6fb630"}
{"seq":83,"ts":1781804460000,"agent_id":"persona-team","symbol":"BTCUSDT","side":"sell","price":62565.222664948844,"quantity":0.004915737162273415,"notional_usd":307.55419012,"fee_usd":0.184532514072,"balance_before_usd":9981.319084017663,"balance_after_usd":9981.068300466832,"decision":"ALLOW","cert_hash":"c9006b6638a34ac4767a31e8c274d539dd1770710ceb57f35e29b9d8643ed056","prev_hash":"a4fb9a80fc8d667780ea05f0870024dd2a8cac1f7a4b4ffd6d895d4210c595dd","record_hash":"2d4fae91c1036976c6a46c8c3c8a0f7aba50345a7d1a3cca47fbe24c02613b65","signature_hex":"1203786fb9d7a17f70c058aa017f55c259c1b067dc0cffb11d91f79ac206993a20886cb8a112689067659b490b03f47683a189714a6ff768aeac038329ca0301","public_key_hex":"c2f8243b0d573587f285c830a868acd19249d17d59ecbf9329e796dfed6fb630"}
{"seq":84,"ts":1781804580000,"agent_id":"persona-team","symbol":"BTCUSDT","side":"buy","price":62580.73783459426,"quantity":0.005228788930786845,"notional_usd":327.22146927,"fee_usd":0.19633288156200002,"balance_before_usd":9981.14077768038,"balance_after_usd":9980.873658319146,"decision":"ALLOW","cert_hash":"91dd5ffe9e9afbce156784b1b92858fd877dbaa8640710c82bc6936dc3b32cad","prev_hash":"2d4fae91c1036976c6a46c8c3c8a0f7aba50345a7d1a3cca47fbe24c02613b65","record_hash":"34eacba5c599351c737f0d3e43a20dd3941dab63a19b0e90c35b4bdb1506a2af","signature_hex":"24f6aa3ce71553676f5b7f3e28accf81b1ebe2d8e24940b5c63f10cfdaf1f512e240b6e3154af93c72b606de3b7794e203e502f53c8324c942bc5b68197fb30a","public_key_hex":"c2f8243b0d573587f285c830a868acd19249d17d59ecbf9329e796dfed6fb630"}
{"seq":85,"ts":1781805060000,"agent_id":"persona-team","symbol":"BTCUSDT","side":"sell","price":62663.04897568701,"quantity":0.007721797472506325,"notional_usd":483.8713732,"fee_usd":0.29032282392,"balance_before_usd":9980.755672155781,"balance_after_usd":9980.356850167835,"decision":"ALLOW","cert_hash":"71955abc25905eb990170e75815ca5eae621208fd9713d1f766c42cac0f9976a","prev_hash":"34eacba5c599351c737f0d3e43a20dd3941dab63a19b0e90c35b4bdb1506a2af","record_hash":"e85b642b0e593a1eca5637a033f5a93390f1771f8409143f4e718f8096d6bfc4","signature_hex":"9f70677fd4a0f92b8a1839097d2e78c4efc0d05210730298451e150b0e8b9233e3b2d7fcd5b3f6b0f8b417b56450080442efd4a4b6b08c75f7ae5a431df84b08","public_key_hex":"c2f8243b0d573587f285c830a868acd19249d17d59ecbf9329e796dfed6fb630"}
{"seq":86,"ts":1781805240000,"agent_id":"persona-team","symbol":"BTCUSDT","side":"buy","price":62588.05035232986,"quantity":0.008859184205429709,"notional_usd":554.47906713,"fee_usd":0.332687440278,"balance_before_usd":9981.265412398843,"balance_after_usd":9980.806478462282,"decision":"ALLOW","cert_hash":"df7c307491e84691ce584cea8f4a16e58dd251fd872ab8c87ee97e1cba336ecb","prev_hash":"e85b642b0e593a1eca5637a033f5a93390f1771f8409143f4e718f8096d6bfc4","record_hash":"678096c73c7c26f0402c619281d44d1035b1c90dbaa110e4c7d542b405c8acad","signature_hex":"28f6d134fb48b6024eb508abe25818b0fae0743103b7e63e9fa21745cf3ea9a73aec8337c0c9f1ccfdac89f02b789e726b2a1e8a9c7fadb5af959efce4da9808","public_key_hex":"c2f8243b0d573587f285c830a868acd19249d17d59ecbf9329e796dfed6fb630"}
{"seq":87,"ts":1781805360000,"agent_id":"persona-team","symbol":"BTCUSDT","side":"buy","price":62513.534734888104,"quantity":0.0032451848786080825,"notional_usd":202.86797763,"fee_usd":0.121720786578,"balance_before_usd":9980.80179486199,"balance_after_usd":9980.63744943237,"decision":"ALLOW","cert_hash":"17c0897bb5fc778d0a27ec2e466080a5b07718ccf01a43f19f093ffba8988445","prev_hash":"678096c73c7c26f0402c619281d44d1035b1c90dbaa110e4c7d542b405c8acad","record_hash":"97d9fb337657ed36b9f7a1d791c88c418f4573a407be084b5f66eee5021e483d","signature_hex":"f16872b41e64a2eb2e8f5394117083e6975ade4a5bef76611aad5c53f82ebee528692eb83eb0e40d994403458868ea82597f48a1a0e888bb9b0a0c7a67344c05","public_key_hex":"c2f8243b0d573587f285c830a868acd19249d17d59ecbf9329e796dfed6fb630"}
{"seq":88,"ts":1781805600000,"agent_id":"persona-team","symbol":"BTCUSDT","side":"sell","price":62592.28006980517,"quantity":0.004080593287465379,"notional_usd":255.4136379,"fee_usd":0.15324818274,"balance_before_usd":9980.985555616624,"balance_after_usd":9980.77795421614,"decision":"ALLOW","cert_hash":"f20848f35392e8ca16d79f9822f3e71fa29f1112d1e8ea48e00a737e944052c0","prev_hash":"97d9fb337657ed36b9f7a1d791c88c418f4573a407be084b5f66eee5021e483d","record_hash":"70d6543a6303d60135811618073ad3c8543dc35fa924ded6bf98628f4e4dc2d0","signature_hex":"cedc85931aea3e77205d74113dbee5c7eeb086253a39dba7842348e3b55eb78d29c13c7bb481a457524765acfacf96f427818147d7e5354a4767879841995b0b","public_key_hex":"c2f8243b0d573587f285c830a868acd19249d17d59ecbf9329e796dfed6fb630"}
{"seq":89,"ts":1781805900000,"agent_id":"persona-team","symbol":"BTCUSDT","side":"sell","price":62620.30813054695,"quantity":0.004415151027420936,"notional_usd":276.47811778,"fee_usd":0.16588687066799998,"balance_before_usd":9980.75627228029,"balance_after_usd":9980.531258283449,"decision":"ALLOW","cert_hash":"d2fb848420e17450cf5012a0571da7d83884c13a84923f5bad0dcea42e67d0c0","prev_hash":"70d6543a6303d60135811618073ad3c8543dc35fa924ded6bf98628f4e4dc2d0","record_hash":"e040f461db651b24ed50d066cc0050880dab2cbb253a9720f78c1574f2350278","signature_hex":"661350b6365100708ea4c0bf188f6b99b046b7d611f8e59d7899657424d48bc02c2ccce560d79d11beccc2820316a5d0094a6eb0a244dcf6b5063df7ccf0e90f","public_key_hex":"c2f8243b0d573587f285c830a868acd19249d17d59ecbf9329e796dfed6fb630"}
{"seq":90,"ts":1781805960000,"agent_id":"persona-team","symbol":"BTCUSDT","side":"sell","price":62639.629466255705,"quantity":0.0032649074993358956,"notional_usd":204.512596,"fee_usd":0.12270755759999999,"balance_before_usd":9980.43219135524,"balance_after_usd":9980.266483223248,"decision":"ALLOW","cert_hash":"97597842597b1886944784e87a949110d6802fde898fa2d6b8e1cfb6bf01e490","prev_hash":"e040f461db651b24ed50d066cc0050880dab2cbb253a9720f78c1574f2350278","record_hash":"8f43fd15f0bf83a6b64173d2a724bd61510a3c5ca71772389984b5228919c45a","signature_hex":"22a94aaf869f370a442c01e838e23d06f7b5f11dee98bd0bcd09ac4f9b3368e6ef50c0b24efe09344bd4b3ce971be09278aa857be3e5fa958583c1c032476302","public_key_hex":"c2f8243b0d573587f285c830a868acd19249d17d59ecbf9329e796dfed6fb630"}
{"seq":91,"ts":1781806080000,"agent_id":"persona-team","symbol":"BTCUSDT","side":"sell","price":62657.108014664336,"quantity":0.0038637991669411226,"notional_usd":242.09448175,"fee_usd":0.14525668905,"balance_before_usd":9980.117734048303,"balance_after_usd":9979.921119797385,"decision":"ALLOW","cert_hash":"d73e8267cfd93e5763ffc3a6ded9587027ba784dd488ddd714344a0a5649b168","prev_hash":"8f43fd15f0bf83a6b64173d2a724bd61510a3c5ca71772389984b5228919c45a","record_hash":"eb50dee1a4713a1f19fd2251bfa782437b817030d1e5d79faab5636260b94d12","signature_hex":"6d589dc5f459bce21162c77462e8d479b11f35885676f9b1db57a8964d4a0c596663e910a89f07c5ef67a70e5c719312ab777c98e5182b3efc68b202e372ee0a","public_key_hex":"c2f8243b0d573587f285c830a868acd19249d17d59ecbf9329e796dfed6fb630"}
{"seq":92,"ts":1781806500000,"agent_id":"persona-team","symbol":"BTCUSDT","side":"buy","price":62644.00924053787,"quantity":0.009086542895336445,"notional_usd":569.2174771,"fee_usd":0.34153048626,"balance_before_usd":9980.42235889054,"balance_after_usd":9979.950806876333,"decision":"ALLOW","cert_hash":"6f368a0c1c5b9c1a0fc0cf617637f2b40602d3adbf6c0e699dcea0007f8b24d6","prev_hash":"eb50dee1a4713a1f19fd2251bfa782437b817030d1e5d79faab5636260b94d12","record_hash":"e08ffa3006cca4904e164e895fced7276662c5ba0fdd50f06d5e5929d8904be7","signature_hex":"e0b0af354ce66b2e554b715ee27e72aa4925f4e047a2454df4531efaf67cbcb951ca779baa7ea9b66259bba13911aea7902f2c26bb8ef39ae33f17423adc6004","public_key_hex":"c2f8243b0d573587f285c830a868acd19249d17d59ecbf9329e796dfed6fb630"}
{"seq":93,"ts":1781806560000,"agent_id":"persona-team","symbol":"BTCUSDT","side":"buy","price":62622.08276732682,"quantity":0.0038784221052245225,"notional_usd":242.87487008,"fee_usd":0.145724922048,"balance_before_usd":9980.018291177657,"balance_after_usd":9979.821050077191,"decision":"ALLOW","cert_hash":"cf7b9dcac646649b050cf9bae687bf4cee6c71f285add811da0d66b73c5ab0b5","prev_hash":"e08ffa3006cca4904e164e895fced7276662c5ba0fdd50f06d5e5929d8904be7","record_hash":"3129cef099ed34c2f8fca5bff54b09dd990044b22f7ae24ec16f845966aa32df","signature_hex":"db7d5aa7ffbf2e38589880db1390e9e288cf3224e2458f1408265c934b9920e683a1b71c035a841f8fe87ae43d98159c8873768f0e9023fe88c628ca12148908","public_key_hex":"c2f8243b0d573587f285c830a868acd19249d17d59ecbf9329e796dfed6fb630"}
{"seq":94,"ts":1781806620000,"agent_id":"persona-team","symbol":"BTCUSDT","side":"sell","price":62695.88022859126,"quantity":0.014641996936688143,"notional_usd":917.99288625,"fee_usd":0.55079573175,"balance_before_usd":9979.887624664236,"balance_after_usd":9979.111052686754,"decision":"ALLOW","cert_hash":"dcb0428b4c26d66405143bc90dc6684826134f0e3e4b9369f43bf1848f7752ad","prev_hash":"3129cef099ed34c2f8fca5bff54b09dd990044b22f7ae24ec16f845966aa32df","record_hash":"6867c8dcc2035cc75d033649575aa4521e02f131cca12143b51da94124d1d2ff","signature_hex":"6b3cc85250d464354651a6a25e2e5a20b05a3f5deecb76c1f78b27a3d6825b0aaf9b0d7a3a162409676c90a00644b599d402f6495d9cf2da7ff5100e88d6ea0e","public_key_hex":"c2f8243b0d573587f285c830a868acd19249d17d59ecbf9329e796dfed6fb630"}
{"seq":95,"ts":1781806980000,"agent_id":"persona-team","symbol":"BTCUSDT","side":"buy","price":62881.93623229599,"quantity":0.005371930717306827,"notional_usd":337.79740481,"fee_usd":0.20267844288599998,"balance_before_usd":9976.914231949802,"balance_after_usd":9976.638300611778,"decision":"ALLOW","cert_hash":"e3f33307ac56d10f3ac41cf05ef3c90813cfad6bb82b42e0fe397e2323cc00ea","prev_hash":"6867c8dcc2035cc75d033649575aa4521e02f131cca12143b51da94124d1d2ff","record_hash":"53fb8024d6cd8602a3fbc673c46b817623df793f68a328b3a358f778c4ea9473","signature_hex":"6365d04a0964d12331aa124e31ab50874ca6705b1207b7a61817f1bd4dc56895c7523feadd7076fb3e756898d2047a3f70d633aa0e0a7ac5f0c4f4787bce460b","public_key_hex":"c2f8243b0d573587f285c830a868acd19249d17d59ecbf9329e796dfed6fb630"}
{"seq":96,"ts":1781807280000,"agent_id":"persona-team","symbol":"BTCUSDT","side":"buy","price":62870.5451190675,"quantity":0.004418087517834454,"notional_usd":277.76757063,"fee_usd":0.16666054237800002,"balance_before_usd":9976.734850861973,"balance_after_usd":9976.508788606867,"decision":"ALLOW","cert_hash":"925a7eb73ddb070f3babc27ac6f1f2ce9320f64b4602f427baa0d659ee02a2a4","prev_hash":"53fb8024d6cd8602a3fbc673c46b817623df793f68a328b3a358f778c4ea9473","record_hash":"6aa1ec6fdd1715b9fe6997f2c87b93ef3ff304a43a6c5a3eaf5e9e0b98e88b03","signature_hex":"75c721ac92ada943af9fe8d1103f0fe7d8d3cb8c18689984cb084268489b9c6af70541bac87dea741c14563a748c974a40d7849d2818f86fe18b96010ea5330b","public_key_hex":"c2f8243b0d573587f285c830a868acd19249d17d59ecbf9329e796dfed6fb630"}
{"seq":97,"ts":1781807400000,"agent_id":"persona-team","symbol":"BTCUSDT","side":"buy","price":62755.4762963431,"quantity":0.0042015747808986795,"notional_usd":263.67182657,"fee_usd":0.158203095942,"balance_before_usd":9976.992072718422,"balance_after_usd":9976.777668113102,"decision":"ALLOW","cert_hash":"12eccb5cb1396a51bd5f613494a977a298aae1fd1379d2fd4da2b5ce70912dd1","prev_hash":"6aa1ec6fdd1715b9fe6997f2c87b93ef3ff304a43a6c5a3eaf5e9e0b98e88b03","record_hash":"1170dcdaa9444b4cf1c0d77d622f5343a2132f85120f3e88c185a3fc59ffcf28","signature_hex":"81b9b513a1bd5d7b197e91421cbc20bf9194feb18fe775285d5bb040d63fcd0faf7eb0bdbf6f0be11bbf33924600dcca4cf1622d7202f0c3c954a765dd440c09","public_key_hex":"c2f8243b0d573587f285c830a868acd19249d17d59ecbf9329e796dfed6fb630"}
{"seq":98,"ts":1781807760000,"agent_id":"persona-team","symbol":"BTCUSDT","side":"buy","price":62774.53663653272,"quantity":0.0034706256739330294,"notional_usd":217.86691852,"fee_usd":0.130720151112,"balance_before_usd":9976.777650914619,"balance_after_usd":9976.60099135292,"decision":"ALLOW","cert_hash":"689f0eddb745240fc0aa418a83c1874676f590cf3cbf684ddaa774c74822aeee","prev_hash":"1170dcdaa9444b4cf1c0d77d622f5343a2132f85120f3e88c185a3fc59ffcf28","record_hash":"ede008d8bd1a4aa2c9ca8128f150666268b576c517c1fc41e09ff1142e16fe29","signature_hex":"18fad04962c93820fb124abce4c794e23473932dbb172dd8cc19287972df6c21da1fb992e8ca2c1b8ea448c1575239e636bb1555959c9c5a90b17bc31a262f0b","public_key_hex":"c2f8243b0d573587f285c830a868acd19249d17d59ecbf9329e796dfed6fb630"}
{"seq":99,"ts":1781808480000,"agent_id":"persona-team","symbol":"BTCUSDT","side":"sell","price":62738.16727142569,"quantity":0.0034704617547724583,"notional_usd":217.73041008,"fee_usd":0.130638246048,"balance_before_usd":9976.566641026717,"balance_after_usd":9976.390079102239,"decision":"ALLOW","cert_hash":"e4e2acbf70b47deed9a1b78114746d871b20cb1b0300c900536612c581dec6f2","prev_hash":"ede008d8bd1a4aa2c9ca8128f150666268b576c517c1fc41e09ff1142e16fe29","record_hash":"e04a12755b36e3350ced3429880594ec29abdd9e3d35d5a953f67815d509b846","signature_hex":"ab0664d2d37fde24a8b92b780f99bc0fccdedeaef91ade431aefc37d1ffc75674201c4a3cda62b830e910c50d2030f80a1024c386edf58883831d54b3b56640a","public_key_hex":"c2f8243b0d573587f285c830a868acd19249d17d59ecbf9329e796dfed6fb630"}
{"seq":100,"ts":1781808600000,"agent_id":"persona-team","symbol":"BTCUSDT","side":"sell","price":62773.572895170946,"quantity":0.004416844879341402,"notional_usd":277.261134,"fee_usd":0.1663566804,"balance_before_usd":9976.390053048906,"balance_after_usd":9976.164390929298,"decision":"ALLOW","cert_hash":"a188e55abab49efca0c05c88a0894d592f3bc2f77546ed4708bb2c70c871db84","prev_hash":"e04a12755b36e3350ced3429880594ec29abdd9e3d35d5a953f67815d509b846","record_hash":"991e0c965e21bafa179fdc5d0e2b36b425f2f78f70042fdeba026d51c7db9e9e","signature_hex":"750b2af0866af04942c8b7b09c0e44aeb04117225a5e77ce5ebd5404fb1dd6e21e851ca165bcc55e25766dc5d51d05cde9e8c0060339f052a6a6f7234c8dc801","public_key_hex":"c2f8243b0d573587f285c830a868acd19249d17d59ecbf9329e796dfed6fb630"}
{"seq":101,"ts":1781808660000,"agent_id":"persona-team","symbol":"BTCUSDT","side":"sell","price":62810.29326242199,"quantity":0.005284811794830334,"notional_usd":331.94057867,"fee_usd":0.199164347202,"balance_before_usd":9976.001382348531,"balance_after_usd":9975.730308954087,"decision":"ALLOW","cert_hash":"a765f46f245b84f1ebedacd16beb6b0bda59eabbca5452a6c6793a1978488dbc","prev_hash":"991e0c965e21bafa179fdc5d0e2b36b425f2f78f70042fdeba026d51c7db9e9e","record_hash":"2452015bcdcd59a9971e37706ee2a7ee534222aab9148a779090f1870fd921c8","signature_hex":"42ada253ed5604898aa7b92497febcf761b8c5cc78009f5f78f16d0fe130d5b809f8c2b7c5c8621410beb7d091fd82b597065b3d67fcb1ea4fce8aea571e1a0a","public_key_hex":"c2f8243b0d573587f285c830a868acd19249d17d59ecbf9329e796dfed6fb630"}
{"seq":102,"ts":1781808720000,"agent_id":"persona-team","symbol":"BTCUSDT","side":"buy","price":62774.20533325516,"quantity":0.008389149289812157,"notional_usd":526.62218009,"fee_usd":0.31597330805400003,"balance_before_usd":9976.350291579836,"balance_after_usd":9975.915147610394,"decision":"ALLOW","cert_hash":"5be524a40b55b01eecd78262efa3180f811075ad2373ad83d1a30775209f3455","prev_hash":"2452015bcdcd59a9971e37706ee2a7ee534222aab9148a779090f1870fd921c8","record_hash":"142ac6548866ecb894d0162e84dc364d45ab0f17f4831cd7143dbfa2093b4596","signature_hex":"61f7ed308dfcc86032811a93f179eaaa16bb82373bb8bb8cd58240900fea09eb724a813e591488f387a30dc2bac0ea38b9c0c70e185e45ddc5269c0bbcbe0f06","public_key_hex":"c2f8243b0d573587f285c830a868acd19249d17d59ecbf9329e796dfed6fb630"}
{"seq":103,"ts":1781808840000,"agent_id":"persona-team","symbol":"BTCUSDT","side":"buy","price":62642.753127931646,"quantity":0.005233186385351069,"notional_usd":327.82120281,"fee_usd":0.196692721686,"balance_before_usd":9976.086919300311,"balance_after_usd":9975.819300534054,"decision":"ALLOW","cert_hash":"bd6f6d04b664de9d280a506fc6654a3d437a668f43b0f642e06a480637403def","prev_hash":"142ac6548866ecb894d0162e84dc364d45ab0f17f4831cd7143dbfa2093b4596","record_hash":"74be6145dbc1b758a336f15189ccb7b9669be45b6e24c85ec28e2dd806457094","signature_hex":"e78fdebb42b96a1d61d42e8ec828a64086b686c81b7d5d7305aef75925057eb8df3ff0e1e70878e879c601d42b7ea2bc0f03d2ed202c3469a92aabbc9735c602","public_key_hex":"c2f8243b0d573587f285c830a868acd19249d17d59ecbf9329e796dfed6fb630"}
{"seq":104,"ts":1781810100000,"agent_id":"persona-team","symbol":"BTCUSDT","side":"sell","price":62648.79869235271,"quantity":0.0039207794311622345,"notional_usd":245.6321213,"fee_usd":0.14737927278,"balance_before_usd":9975.94826679581,"balance_after_usd":9975.748736029598,"decision":"ALLOW","cert_hash":"45fb6397333a4cc3ea4f4d6cdda21c5e8970f1a88b8e69dd1b09d0dc2d006ac7","prev_hash":"74be6145dbc1b758a336f15189ccb7b9669be45b6e24c85ec28e2dd806457094","record_hash":"0d6e2770a830a371d51db062f0b82005741a689c8c07d8fc1a0c8a2f69754f85","signature_hex":"1927327d2d996563af1904a7e1905f220230a9bbd73e80b62f0ac419a8594cdc993168d6870fdd38b82e8b18caa80cb433be68f5ebb1bce5c200f7234ab25d0d","public_key_hex":"c2f8243b0d573587f285c830a868acd19249d17d59ecbf9329e796dfed6fb630"}
{"seq":105,"ts":1781810400000,"agent_id":"persona-team","symbol":"BTCUSDT","side":"sell","price":62689.344402769675,"quantity":0.012290371584041636,"notional_usd":770.47533707,"fee_usd":0.46228520224200004,"balance_before_usd":9975.748700908,"balance_after_usd":9975.102605858536,"decision":"ALLOW","cert_hash":"a14ee3d99abece4bf9638c5bd1b779793af3feb4942b6b8451056dd7f43c5334","prev_hash":"0d6e2770a830a371d51db062f0b82005741a689c8c07d8fc1a0c8a2f69754f85","record_hash":"05c1cd4030f388215e7acaf3ee3a4c1ba682fd490aa6cba0b9f4aa6f098299b5","signature_hex":"8d49f0f357030f4e5512ec29c132cb0942ba107a3063ec0f2008123ee2046ff6ff2d1ecaa2d1108aa8910e630663b0462df53443624f898ad14bdba225f0830e","public_key_hex":"c2f8243b0d573587f285c830a868acd19249d17d59ecbf9329e796dfed6fb630"}
{"seq":106,"ts":1781810520000,"agent_id":"persona-team","symbol":"BTCUSDT","side":"sell","price":62724.43191435976,"quantity":0.005698321881464078,"notional_usd":357.42400288,"fee_usd":0.21445440172799998,"balance_before_usd":9974.687163168426,"balance_after_usd":9974.394823615216,"decision":"ALLOW","cert_hash":"f9320f961b20076448c23b643e7de90777b792f03219d0b34f7a3b0a2b5692ee","prev_hash":"05c1cd4030f388215e7acaf3ee3a4c1ba682fd490aa6cba0b9f4aa6f098299b5","record_hash":"f918ad3066fb379fd4409ef87b7ee78b263bc8b14c7616d127bdca4a028591f2","signature_hex":"e34fb92ca8a7b594622e138f23554f73759cf7f57dc58896eec41f721e30685c271927e06949b41561d92fc36ec4314195ecbd371f1d052fb972ddf71199aa04","public_key_hex":"c2f8243b0d573587f285c830a868acd19249d17d59ecbf9329e796dfed6fb630"}
{"seq":107,"ts":1781810640000,"agent_id":"persona-team","symbol":"BTCUSDT","side":"buy","price":62720.60918092113,"quantity":0.005426093994053931,"notional_usd":340.32792078,"fee_usd":0.204196752468,"balance_before_usd":9974.954297865446,"balance_after_usd":9974.676256418117,"decision":"ALLOW","cert_hash":"4f9ae4c450d03286ad25fc744791590418e1edcbcf059214314cd03cbb782877","prev_hash":"f918ad3066fb379fd4409ef87b7ee78b263bc8b14c7616d127bdca4a028591f2","record_hash":"70721cbbfda6130538ff262714eb88381866d8554fb7a628e170a9585fe152ff","signature_hex":"3ff443947c0ec75fe80203f1788075872e042b53137a630116461ff799f48b0a50eff711c96f3c072af00c69bf3a34a627c09b6e661f680d93bf6a966e016809","public_key_hex":"c2f8243b0d573587f285c830a868acd19249d17d59ecbf9329e796dfed6fb630"}
{"seq":108,"ts":1781810760000,"agent_id":"persona-team","symbol":"BTCUSDT","side":"sell","price":62758.46521516856,"quantity":0.005488544086746512,"notional_usd":344.45260315,"fee_usd":0.20667156189000002,"balance_before_usd":9973.858377012051,"balance_after_usd":9973.576870332501,"decision":"ALLOW","cert_hash":"633e681f7dca34393775d619847928557eb5008afd89da9eca36face429bf234","prev_hash":"70721cbbfda6130538ff262714eb88381866d8554fb7a628e170a9585fe152ff","record_hash":"191136aa5439684b2f89c75e327629b9484718a17c9ce77d26666ab63b85b9dc","signature_hex":"9a54806a0d2196e619b1a1542658adabcd21f28de6ea5a30482f75aa265d06a6c4e2fde67069f1653a4e7323ff5a498aa8f5d66a23a74a8a8163e42d20c52709","public_key_hex":"c2f8243b0d573587f285c830a868acd19249d17d59ecbf9329e796dfed6fb630"}
{"seq":109,"ts":1781810880000,"agent_id":"persona-team","symbol":"BTCUSDT","side":"buy","price":62755.134595053576,"quantity":0.006022175258465437,"notional_usd":377.9224189,"fee_usd":0.22675345134,"balance_before_usd":9974.131065990285,"balance_after_usd":9973.821600400428,"decision":"ALLOW","cert_hash":"714c1c5b2fd33fd2cda4ac2db542621beca0656a3c5bd42353503953968fdc89","prev_hash":"191136aa5439684b2f89c75e327629b9484718a17c9ce77d26666ab63b85b9dc","record_hash":"0948d9dcb2dcdfa194bad7ef814752b41b3d8b2930db6b388d147d3c4e4e9324","signature_hex":"aba1e2a910ff35fea96d5a2a2113dd2f1602dd168981f28633f0488b02e119e039fc591e94d809f9244673f357b26b3f2d8db6353a16a9344300e5e1ed99d90e","public_key_hex":"c2f8243b0d573587f285c830a868acd19249d17d59ecbf9329e796dfed6fb630"}
{"seq":110,"ts":1781811180000,"agent_id":"persona-team","symbol":"BTCUSDT","side":"sell","price":62811.56929469496,"quantity":0.0033776949229625255,"notional_usd":212.15831871,"fee_usd":0.127294991226,"balance_before_usd":9972.818315033299,"balance_after_usd":9972.646330755939,"decision":"ALLOW","cert_hash":"0fc7948e2ec2d1f8376f6470a00c4ae29eff24de4d07e057d3547270112867c0","prev_hash":"0948d9dcb2dcdfa194bad7ef814752b41b3d8b2930db6b388d147d3c4e4e9324","record_hash":"4d2a2dcf5378ee1cc387f7f975d074c191efb687c5652a2ef5bbdc94cb583982","signature_hex":"c5773f607c741a885d11e4752bfa14b02d824a059f9b998768e16b77fb46a024c3f4c85c083fdafa78d2d800ea896c3e4c15ddd4a47ccfcc77cf3bd334598f0d","public_key_hex":"c2f8243b0d573587f285c830a868acd19249d17d59ecbf9329e796dfed6fb630"}
{"seq":111,"ts":1781811240000,"agent_id":"persona-team","symbol":"BTCUSDT","side":"buy","price":62793.89988625246,"quantity":0.006306690850821028,"notional_usd":396.0217139,"fee_usd":0.23761302833999998,"balance_before_usd":9973.335045804255,"balance_after_usd":9973.010401159545,"decision":"ALLOW","cert_hash":"d1c6f97082f31af98bff7ed6dbd056db3f54bfaaf52d405d8bdec12fecd045c6","prev_hash":"4d2a2dcf5378ee1cc387f7f975d074c191efb687c5652a2ef5bbdc94cb583982","record_hash":"fc34adb5002193bf6929c9fb0f2b3791331799df11a2ba9e307b058b27d23571","signature_hex":"ef68291ae4ba920b28df8d6a5c5756f49cd2aa84de6814263acfbd913036a4a4b58ec5d51ecccb66d143aa6c6a06a15c02ca751909a34a4a78d968b53dddf801","public_key_hex":"c2f8243b0d573587f285c830a868acd19249d17d59ecbf9329e796dfed6fb630"}
{"seq":112,"ts":1781811540000,"agent_id":"persona-team","symbol":"BTCUSDT","side":"sell","price":62845.279879256486,"quantity":0.003286354842508555,"notional_usd":206.53188986,"fee_usd":0.12391913391600001,"balance_before_usd":9972.296898075985,"balance_after_usd":9972.129532934247,"decision":"ALLOW","cert_hash":"18784accbd4a7a5510cd6c3451634509fe00cda51458c5aa17b76f82c6109122","prev_hash":"fc34adb5002193bf6929c9fb0f2b3791331799df11a2ba9e307b058b27d23571","record_hash":"0cb359c41c6d755b1362510f9d64d2445c9ec27652c88f14733099ee8540783d","signature_hex":"eea31d32e47cf60c4724d87d438d2a501c2c1cb123a57b77184a82be6fe44321abfa44eeaa08005042d43384b5249202297f639aaf5f7a34f119cb7b2af72f0e","public_key_hex":"c2f8243b0d573587f285c830a868acd19249d17d59ecbf9329e796dfed6fb630"}
{"seq":113,"ts":1781812140000,"agent_id":"persona-team","symbol":"BTCUSDT","side":"buy","price":62895.138548892304,"quantity":0.006379554327050077,"notional_usd":401.24295328,"fee_usd":0.240745771968,"balance_before_usd":9971.847105698107,"balance_after_usd":9971.518076151675,"decision":"ALLOW","cert_hash":"2b0547470319aa3520138e62d18125b7df5f52056b7542dbdf7783fe770dd103","prev_hash":"0cb359c41c6d755b1362510f9d64d2445c9ec27652c88f14733099ee8540783d","record_hash":"3126db34e8c4de11a8dc175c10556f7410b9e3ed11a78acf69f35befce63ad15","signature_hex":"4027a8b45a9847e2b3d1fc504b076c225a6f5f3bcdaea0c811f048dae90df8584a15e87a2abca932e37caccbaf157fc1dca119bcdf6e2a2fa7539e3239e6e50f","public_key_hex":"c2f8243b0d573587f285c830a868acd19249d17d59ecbf9329e796dfed6fb630"}
{"seq":114,"ts":1781812260000,"agent_id":"persona-team","symbol":"BTCUSDT","side":"sell","price":62910.240475013765,"quantity":0.0034129909030514325,"notional_usd":214.71207845,"fee_usd":0.12882724707,"balance_before_usd":9971.264555214231,"balance_after_usd":9971.090473329004,"decision":"ALLOW","cert_hash":"b25d63c5c2d4c96e805e6d274012d9dd6c731282df87ad082303ec6aa3b1c8d8","prev_hash":"3126db34e8c4de11a8dc175c10556f7410b9e3ed11a78acf69f35befce63ad15","record_hash":"495f8c6704ac14451c5d077ed6358bcc39d87c0d27377477cfe0c9c17446dac6","signature_hex":"18b6472e17046f1a8691f7f8737bc02aa4671ca68efb13250c47c3eb939d5eeaff6462d059fc0aed354bbc7afc744c36d490bff343c36f2414a1fe0025a70909","public_key_hex":"c2f8243b0d573587f285c830a868acd19249d17d59ecbf9329e796dfed6fb630"}
{"seq":115,"ts":1781812560000,"agent_id":"persona-team","symbol":"BTCUSDT","side":"buy","price":62938.05642879269,"quantity":0.0049026147372234485,"notional_usd":308.56104298,"fee_usd":0.18513662578800003,"balance_before_usd":9971.081052732949,"balance_after_usd":9970.829454159577,"decision":"ALLOW","cert_hash":"e42947651106b4ab12e355acac7c0f07b0b66f114042caa69a74406b426c4bbf","prev_hash":"495f8c6704ac14451c5d077ed6358bcc39d87c0d27377477cfe0c9c17446dac6","record_hash":"780bf3ce1d3fb5ee7aaaeaf50d15d6174d78f8baeb26891ad2f0aeaff4a4f9fb","signature_hex":"4cf86c6e682d909e4e9c08627b017e6da8ca2eb168b922343445c2352ef01305c23079fb9b31cc5c9fc24664a5465ceff1abb6fe901d5962c75b86821ea2250b","public_key_hex":"c2f8243b0d573587f285c830a868acd19249d17d59ecbf9329e796dfed6fb630"}
{"seq":116,"ts":1781812740000,"agent_id":"persona-team","symbol":"BTCUSDT","side":"buy","price":62928.88578693819,"quantity":0.004556417922618217,"notional_usd":286.73030305,"fee_usd":0.17203818183,"balance_before_usd":9970.870567789576,"balance_after_usd":9970.637082726438,"decision":"ALLOW","cert_hash":"22e1d984e588d597a1ca82b438cbdc2cfa1c20b93d8e74c9e89a002b66cecefd","prev_hash":"780bf3ce1d3fb5ee7aaaeaf50d15d6174d78f8baeb26891ad2f0aeaff4a4f9fb","record_hash":"15800f29a06ddd07e286a3a355e90fc8fec8ba7a6f86db5f0efa39c8d42d0233","signature_hex":"2fe9e829659de0a6767c9aa8785826abb2072fbe7e9f4181f5ad899131829fbac182f9e04ecb2bf3c832aa1886bb39cac17035c96cf08db8c9ebc97b23dfc504","public_key_hex":"c2f8243b0d573587f285c830a868acd19249d17d59ecbf9329e796dfed6fb630"}
{"seq":117,"ts":1781812800000,"agent_id":"persona-team","symbol":"BTCUSDT","side":"sell","price":63046.67039717533,"quantity":0.01115823448372808,"notional_usd":703.48953171,"fee_usd":0.42209371902600007,"balance_before_usd":9970.642698314296,"balance_after_usd":9970.055132409652,"decision":"ALLOW","cert_hash":"33be4432b9b79ff1c66e2e9b40cf0c9e58b2842a4a3d0c5387ae6e5abb47952f","prev_hash":"15800f29a06ddd07e286a3a355e90fc8fec8ba7a6f86db5f0efa39c8d42d0233","record_hash":"3af8fd03afb0db1e7806d2a5c6d6b6c0a8f9142785c4383b528ec8ac766a8b2f","signature_hex":"2c36af4680d6d2f8186216d26c7fd1876cbed78a203c0b099c2724cdba04ebf036805d08d213adeb135848ed5970fad1a1817fe745416776c364b1c7cae0b801","public_key_hex":"c2f8243b0d573587f285c830a868acd19249d17d59ecbf9329e796dfed6fb630"}
{"seq":118,"ts":1781813160000,"agent_id":"persona-team","symbol":"BTCUSDT","side":"buy","price":63124.58306787922,"quantity":0.0053222433317100925,"notional_usd":335.9643913,"fee_usd":0.20157863478,"balance_before_usd":9969.505814394397,"balance_after_usd":9969.23141114284,"decision":"ALLOW","cert_hash":"045fb224adc967f48c8cc847647216948b2146bd07ca039127b7761e61f0be3e","prev_hash":"3af8fd03afb0db1e7806d2a5c6d6b6c0a8f9142785c4383b528ec8ac766a8b2f","record_hash":"8d1c4307ff055f133815a4dd62d30936627ff4513d3c051a63cdb2fdde73c57b","signature_hex":"def78a378ab5b42a7cc97da14ba4b33155dfd80da7cdf55ff09013cd95de2fbb6fa8d027beb907b1d8bbae52ecf4d1a9641ed18fea4917bb536385eb3680f40f","public_key_hex":"c2f8243b0d573587f285c830a868acd19249d17d59ecbf9329e796dfed6fb630"}
{"seq":119,"ts":1781813340000,"agent_id":"persona-team","symbol":"BTCUSDT","side":"buy","price":63089.7307299684,"quantity":0.0035921726982795364,"notional_usd":226.62920827,"fee_usd":0.135977524962,"balance_before_usd":9969.431426774743,"balance_after_usd":9969.24756296554,"decision":"ALLOW","cert_hash":"49b6912cfe36dd55e2dee91ba82fbd9cece14604a9d98688f7d71fb43212af54","prev_hash":"8d1c4307ff055f133815a4dd62d30936627ff4513d3c051a63cdb2fdde73c57b","record_hash":"0fb446fdd8badfaf3665d8b0f4d007b36815f8ca7e153fd291f66041a1ec2b27","signature_hex":"348aa3fc63c5a0354040c98ba8f2bdb0b4546f52e45377e4eca7ff86e31e33946b1300de6b70d6a437b387dc3b5da343c3f8212066bd4ca663f6f515528beb05","public_key_hex":"c2f8243b0d573587f285c830a868acd19249d17d59ecbf9329e796dfed6fb630"}
{"seq":120,"ts":1781814000000,"agent_id":"persona-team","symbol":"BTCUSDT","side":"sell","price":63163.82066488311,"quantity":0.00523524821106722,"notional_usd":330.67827914,"fee_usd":0.198406967484,"balance_before_usd":9969.024598860542,"balance_after_usd":9968.754577178359,"decision":"ALLOW","cert_hash":"31316eff546b6dbfa417a4363f83193c583ebc9ab2e2afc90bde489ad87dae4c","prev_hash":"0fb446fdd8badfaf3665d8b0f4d007b36815f8ca7e153fd291f66041a1ec2b27","record_hash":"35ae7fffcd1325179643e8011b93e7af1a136e14dc3390f4e1b3c565cb72b198","signature_hex":"59b8a964815d4993173feb7fca12d66eec34f4b415fe3816bb2a51918838f25a8059ade0784e95008f951db1bf66bedb95c35fdfa03923fafa05b9e3966f4e0f","public_key_hex":"c2f8243b0d573587f285c830a868acd19249d17d59ecbf9329e796dfed6fb630"}
{"seq":121,"ts":1781814060000,"agent_id":"persona-team","symbol":"BTCUSDT","side":"buy","price":63128.605644553,"quantity":0.007438967504116259,"notional_usd":469.61164597,"fee_usd":0.28176698758200003,"balance_before_usd":9969.223336872185,"balance_after_usd":9968.836638453147,"decision":"ALLOW","cert_hash":"34b69c82cfdadeeb4922946470e23925313799de5783bc1237dae2a3cbebd7a7","prev_hash":"35ae7fffcd1325179643e8011b93e7af1a136e14dc3390f4e1b3c565cb72b198","record_hash":"e7c39565d6c76a0fa256d254065fda2c73db9f9a14d38fe11d3c5bcfc208e7c0","signature_hex":"f55e207b95fb517b12799c432c01036502363aff73385743cb76665762f9fb239c0407b676ccba16306b5766ed45524885663dfab891ab0a274bedad803c2306","public_key_hex":"c2f8243b0d573587f285c830a868acd19249d17d59ecbf9329e796dfed6fb630"}
{"seq":122,"ts":1781814540000,"agent_id":"persona-team","symbol":"BTCUSDT","side":"buy","price":63096.44866390746,"quantity":0.0036747800151965154,"notional_usd":231.86556858,"fee_usd":0.139119341148,"balance_before_usd":9968.836690657423,"balance_after_usd":9968.64851791292,"decision":"ALLOW","cert_hash":"38b60a3a4e5110b2d337173c9673c79771240e33ef8b38bee7dde5e453a2dad8","prev_hash":"e7c39565d6c76a0fa256d254065fda2c73db9f9a14d38fe11d3c5bcfc208e7c0","record_hash":"7dc5654d6de22436596c4d9b5dd2b4f1f2cba2a2e0cac6bb219f960c71a7d95c","signature_hex":"a89a33b19de6e808a95850ccd08d9ac3f73e6ae8f24271b291ce7c7ac1f07d2409c053a76cc3ab5abdfac82ee956dcb9f75928aac94e0423f8bec94ad369c109","public_key_hex":"c2f8243b0d573587f285c830a868acd19249d17d59ecbf9329e796dfed6fb630"}
{"seq":123,"ts":1781814840000,"agent_id":"persona-team","symbol":"BTCUSDT","side":"sell","price":63096.447271029225,"quantity":0.003673894778802159,"notional_usd":231.80970819,"fee_usd":0.139085824914,"balance_before_usd":9968.746590149063,"balance_after_usd":9968.558447802901,"decision":"ALLOW","cert_hash":"a11b1650cf6e4183fb91aa50daa71f04b36a0e2b79bca4b5f9bc50e7f64796a3","prev_hash":"7dc5654d6de22436596c4d9b5dd2b4f1f2cba2a2e0cac6bb219f960c71a7d95c","record_hash":"9299a21706f7076dc19053f66a44affe7ede0b84b107a46ad126e6fc90e4c6cb","signature_hex":"5bff25bd9cc8ad43b98b6f196267886dd46d79fd52f05bf07de59abc7c131e8b55997aedaf7e075150a296ba8fa2a3f93c4fb840518ba643991fc43bc2e31001","public_key_hex":"c2f8243b0d573587f285c830a868acd19249d17d59ecbf9329e796dfed6fb630"}
{"seq":124,"ts":1781814960000,"agent_id":"persona-team","symbol":"BTCUSDT","side":"buy","price":63081.332307925586,"quantity":0.003609506408465513,"notional_usd":227.69247322,"fee_usd":0.13661548393200001,"balance_before_usd":9968.558480294885,"balance_after_usd":9968.373741760055,"decision":"ALLOW","cert_hash":"46051330e7e70d7fa81897e7fb1b9aed17fda98706e4ad39092dba09d6ed300d","prev_hash":"9299a21706f7076dc19053f66a44affe7ede0b84b107a46ad126e6fc90e4c6cb","record_hash":"ac6deb60bc049a3f70759a5b84a7f02a916e4099af8a18f143204833aafa4a0c","signature_hex":"01a7cd81e8cabed5a71704e4c6a7f77215cdf21a001969dfb414ed57b5e7e89f27c2effd18a0dcc8c03b705c0afe3f17cff789d354756ba4df811aff50a5a706","public_key_hex":"c2f8243b0d573587f285c830a868acd19249d17d59ecbf9329e796dfed6fb630"}
{"seq":125,"ts":1781815020000,"agent_id":"persona-team","symbol":"BTCUSDT","side":"sell","price":63089.461651525446,"quantity":0.003609492044294436,"notional_usd":227.72090991,"fee_usd":0.136632545946,"balance_before_usd":9968.499325532326,"balance_after_usd":9968.314548323679,"decision":"ALLOW","cert_hash":"654e174abed4b1cf76f6deffeffcedc8538f948fe81de05e2692433391657325","prev_hash":"ac6deb60bc049a3f70759a5b84a7f02a916e4099af8a18f143204833aafa4a0c","record_hash":"5b4f712ef194e6b124e9ae9bd7abd293ad635456753c1bcbb414d4f5e23ea48e","signature_hex":"493a4913be9bdbcd5e535490a8643c2ef985949f8988e15c6f22b5019bd878cca83f5c8c1865c95a64bd16b08d3a7f756e8dc3fdc3a6a07e58aa6e9d6d534305","public_key_hex":"c2f8243b0d573587f285c830a868acd19249d17d59ecbf9329e796dfed6fb630"}
{"seq":126,"ts":1781815320000,"agent_id":"persona-team","symbol":"BTCUSDT","side":"sell","price":63126.32167658027,"quantity":0.011796296409208745,"notional_usd":744.65680172,"fee_usd":0.446794081032,"balance_before_usd":9968.314518949872,"balance_after_usd":9967.691036126067,"decision":"ALLOW","cert_hash":"bdeb32ffc28744666d00df347e10eb1b0eced83e25c25c29d09955cee82d0ecb","prev_hash":"5b4f712ef194e6b124e9ae9bd7abd293ad635456753c1bcbb414d4f5e23ea48e","record_hash":"b1e5aba714823438eac993af095417461161014900da157bd0db37a0a97bfa79","signature_hex":"f9858481ce56de2b70b3adf0f4a98a1bb15ee68b2d58f59ebfc51e551c49b7016cac18464d3819c78f5b7a62ee26d4af85a58771b8e1a560fc0f8e43c163b102","public_key_hex":"c2f8243b0d573587f285c830a868acd19249d17d59ecbf9329e796dfed6fb630"}
{"seq":127,"ts":1781815380000,"agent_id":"persona-team","symbol":"BTCUSDT","side":"buy","price":63110.05045641079,"quantity":0.012208066121926807,"notional_usd":770.45166893,"fee_usd":0.46227100135800003,"balance_before_usd":9968.237239974678,"balance_after_usd":9967.591232006293,"decision":"ALLOW","cert_hash":"15c6ad1f331d67b51acaf4a3dc27badf0761dc5ea48af625f553e944d4a1a437","prev_hash":"b1e5aba714823438eac993af095417461161014900da157bd0db37a0a97bfa79","record_hash":"f0116f732353cabc077f25e4814f3bc996d14bd79e601f3a5b88418261992601","signature_hex":"489f1ba562a890a9cffa6ed7522c18236b0271e0eea6fdcf8ac7043a93d916facff2755a78e615d311cb495daa6a770de6d1ad7a5d593ce0bd1eb357d6d1060e","public_key_hex":"c2f8243b0d573587f285c830a868acd19249d17d59ecbf9329e796dfed6fb630"}
{"seq":128,"ts":1781815440000,"agent_id":"persona-team","symbol":"BTCUSDT","side":"sell","price":63094.459972364624,"quantity":0.0036123321045909286,"notional_usd":227.91814338,"fee_usd":0.136750886028,"balance_before_usd":9967.596492892779,"balance_after_usd":9967.411553396649,"decision":"ALLOW","cert_hash":"87b2f7890a93769662ae8ed012fff48929c47a8a0e53dfe29fe72f5593c5f126","prev_hash":"f0116f732353cabc077f25e4814f3bc996d14bd79e601f3a5b88418261992601","record_hash":"51954eb725080315bb5224fa2497eac4b0783b80839be02409d7ef06ad89467c","signature_hex":"9e61b7dd65017b4967110573853652516e87631e548a60a3f84d3d4e0fba6d424558aa7e007577d52291be1c2cf1034a8ff99903da409e76ea6f0c9a96b2120b","public_key_hex":"c2f8243b0d573587f285c830a868acd19249d17d59ecbf9329e796dfed6fb630"}
{"seq":129,"ts":1781815560000,"agent_id":"persona-team","symbol":"BTCUSDT","side":"buy","price":63107.310151733545,"quantity":0.004473848863803053,"notional_usd":282.33256782,"fee_usd":0.169399540692,"balance_before_usd":9967.456371951519,"balance_after_usd":9967.226530033844,"decision":"ALLOW","cert_hash":"7feb595c99e117468651aae0d8da5546885a206634956e1e845dd4d7a47957bc","prev_hash":"51954eb725080315bb5224fa2497eac4b0783b80839be02409d7ef06ad89467c","record_hash":"f9a71c1320f9d4cb990f874ef0ef0d626304c892de979bafb4f817c28816a468","signature_hex":"043236a74ae10b88adcfecfb4aaddca4eb824bd60fcaee5e3f4b9aadd2c323f2409d8d87f4aaef76809a6a3b0b4f81ac94c454c8b210f0bdca24f72e9993140b","public_key_hex":"c2f8243b0d573587f285c830a868acd19249d17d59ecbf9329e796dfed6fb630"}
