{"seq":0,"ts":1781891280000,"agent_id":"regime","symbol":"BTCUSDT","side":"sell","price":63156.148733502,"quantity":0.031667542117543246,"notional_usd":2000.0,"fee_usd":1.2,"balance_before_usd":10000.0,"balance_after_usd":9998.199859969993,"decision":"ALLOW_CAPPED","cert_hash":"01abc8156b3eb4ca66a30babb78ba9e0ddacb6fb012e7ba87b0b141f5f26ae9d","prev_hash":"0000000000000000000000000000000000000000000000000000000000000000","record_hash":"bac3ce414f0b57edb4709c7ed6f7fef491244e91cc44a92fd2e8f147c332f1eb","signature_hex":"f3bf8ed606bc42ca74573a595f62a810f8b6e30b80721298631a03112c9248940b1aa81e33fe696f1e979a8deb810998500f5428aa32b3219c0c35529fa6ad01","public_key_hex":"c2f8243b0d573587f285c830a868acd19249d17d59ecbf9329e796dfed6fb630"}
{"seq":1,"ts":1781891340000,"agent_id":"regime","symbol":"BTCUSDT","side":"sell","price":63145.95179329801,"quantity":0.03167265585839613,"notional_usd":2000.0,"fee_usd":1.2,"balance_before_usd":9998.522868899592,"balance_after_usd":9996.722728869587,"decision":"ALLOW_CAPPED","cert_hash":"41c79d890cb872037e03bcdcd2561853d4648f49ff69948e758c6a1bcfa58f03","prev_hash":"bac3ce414f0b57edb4709c7ed6f7fef491244e91cc44a92fd2e8f147c332f1eb","record_hash":"f9c540dc6e5fcae978f2816d00e8e59dda5a9a6ebb62490cef5d09dbb73cb851","signature_hex":"970e18b8ce8d4d77206cf17b4ec5671dcbdc9ef3df7cbde980164ab6abbf377dc7b0fac034e56e44278167026cafec636aa2395e20b8caae0dafa34274490e0d","public_key_hex":"c2f8243b0d573587f285c830a868acd19249d17d59ecbf9329e796dfed6fb630"}
{"seq":2,"ts":1781891400000,"agent_id":"regime","symbol":"BTCUSDT","side":"sell","price":63154.16093927567,"quantity":0.031610353349631505,"notional_usd":1996.32534279,"fee_usd":1.197795205674,"balance_before_usd":9996.203339246184,"balance_after_usd":9994.406873638905,"decision":"ALLOW","cert_hash":"1cfa87a483063d91d17d2dddeea75d5d42d9b99d09794e7149518513084e1941","prev_hash":"f9c540dc6e5fcae978f2816d00e8e59dda5a9a6ebb62490cef5d09dbb73cb851","record_hash":"047d47d514f90f6a664c9e62636dbbd7023f6a5bf8dde0ebb011d55547a35e74","signature_hex":"75bfff2670b57d37b7ce697ea368e6099fab282b51e35ad4686c2c2873750d946441a2ff11a3df2c7f5fc19fca1e090ce2afeff6e1098cfe0242ea806ab29f00","public_key_hex":"c2f8243b0d573587f285c830a868acd19249d17d59ecbf9329e796dfed6fb630"}
{"seq":3,"ts":1781891460000,"agent_id":"regime","symbol":"BTCUSDT","side":"buy","price":63129.93456222,"quantity":0.03168069179651735,"notional_usd":2000.0,"fee_usd":1.2,"balance_before_usd":10000.303302876222,"balance_after_usd":9998.503442846228,"decision":"ALLOW_CAPPED","cert_hash":"680758912e2a143ea534649dd868c2309b7a15ab7f762cbbca84037c8ff77003","prev_hash":"047d47d514f90f6a664c9e62636dbbd7023f6a5bf8dde0ebb011d55547a35e74","record_hash":"1648e37630f2ee6afab85716b8b0461e23a77851dc639c6568304b8d69eaa7ec","signature_hex":"6d2af744a23a49d793c095f7c67a2fd4298beb01e8edfccdc523c453adb11aa39e3f9544cd6df1442890f66ee875c1067d8198a0e84df15b856f2b7e10b1aa0e","public_key_hex":"c2f8243b0d573587f285c830a868acd19249d17d59ecbf9329e796dfed6fb630"}
{"seq":4,"ts":1781891520000,"agent_id":"regime","symbol":"BTCUSDT","side":"buy","price":63139.837532418,"quantity":0.03167572293756911,"notional_usd":2000.0,"fee_usd":1.2,"balance_before_usd":9997.87707123689,"balance_after_usd":9996.077211206895,"decision":"ALLOW_CAPPED","cert_hash":"fb6b7f0a26c3dda0402ee70aac58cfc7dd2cb0fc4df093b61aacc76f0ead8fa3","prev_hash":"1648e37630f2ee6afab85716b8b0461e23a77851dc639c6568304b8d69eaa7ec","record_hash":"b8de9232691611379ecb66fe96d341748570663f10a0a25767ee123171d3ad7b","signature_hex":"fec5a8b06630cdadd133accac11c5eaa14f1b3ce3ca3c09df3c4478336c96fba09079276c57bafd456435168e4b9eb1a7ad6f36172b48f7b731733b17a53610c","public_key_hex":"c2f8243b0d573587f285c830a868acd19249d17d59ecbf9329e796dfed6fb630"}
{"seq":5,"ts":1781891580000,"agent_id":"regime","symbol":"BTCUSDT","side":"sell","price":63148.55101335001,"quantity":0.031671352198994834,"notional_usd":2000.0,"fee_usd":1.2,"balance_before_usd":9994.604924441732,"balance_after_usd":9992.804784411725,"decision":"ALLOW_CAPPED","cert_hash":"e855d45cc35bf07064747f91f371157c7d47b008b7abc51c231cf92ae9bef27d","prev_hash":"b8de9232691611379ecb66fe96d341748570663f10a0a25767ee123171d3ad7b","record_hash":"df01d344d6117aaa5ade38623567bd38b3085010a2c19a2b9927351e6b1d3d7d","signature_hex":"5f5bbe0a70eda018554beae06fe8139553cdded1ba1ce4c9be703fbc36d79181ff654499e48808321f5dde7643c7fd6ea5bb39954999400276608760286c9409","public_key_hex":"c2f8243b0d573587f285c830a868acd19249d17d59ecbf9329e796dfed6fb630"}
{"seq":6,"ts":1781891640000,"agent_id":"regime","symbol":"BTCUSDT","side":"buy","price":63198.855233598,"quantity":0.03164614283925752,"notional_usd":2000.0,"fee_usd":1.2,"balance_before_usd":9992.020292350724,"balance_after_usd":9990.22043232073,"decision":"ALLOW_CAPPED","cert_hash":"217da77c25c64af6388a44e2186f9e8c99db908b44485203223e256b417efafd","prev_hash":"df01d344d6117aaa5ade38623567bd38b3085010a2c19a2b9927351e6b1d3d7d","record_hash":"38d818899d4de0bb8bf336d935aed6150d8fe3c86e15394581e878a87d84a974","signature_hex":"4db91e6ce54018817f556027a532a01f649233d7c7a7f062c890bf30308e9ea6c51375cae5dcbb7bb200bcae3ffe053b5e56b7ae573a9c1b93010380e4b9ab07","public_key_hex":"c2f8243b0d573587f285c830a868acd19249d17d59ecbf9329e796dfed6fb630"}
{"seq":7,"ts":1781891700000,"agent_id":"regime","symbol":"BTCUSDT","side":"buy","price":63175.23855524664,"quantity":0.03160986716264887,"notional_usd":1996.9608987,"fee_usd":1.19817653922,"balance_before_usd":9990.966648885178,"balance_after_usd":9989.16982713036,"decision":"ALLOW","cert_hash":"cf4749234158e446b34ab5bf797e3f34dacd7952749a0ca618b577d29e41f857","prev_hash":"38d818899d4de0bb8bf336d935aed6150d8fe3c86e15394581e878a87d84a974","record_hash":"c347241743870ccc5fa42b16e4dbfba5520c4d15d005879f80b0cdec5fe223b3","signature_hex":"9c6e1522a4fa57ba6fbad68605f3946c407b7573ae6e261cfc69136305340353ff14c7efbf175ac74ef6cd3657924d124398a6262bf1970524d3181e0c4c6b05","public_key_hex":"c2f8243b0d573587f285c830a868acd19249d17d59ecbf9329e796dfed6fb630"}
{"seq":8,"ts":1781892420000,"agent_id":"regime","symbol":"BTCUSDT","side":"buy","price":63107.127721763994,"quantity":0.03169214116062919,"notional_usd":2000.0,"fee_usd":1.2,"balance_before_usd":9989.170472635862,"balance_after_usd":9987.370612605868,"decision":"ALLOW_CAPPED","cert_hash":"c497751ec04462edee07a26a2e72cdd0d1be54532b9f8ee7ce878b7db3c9168d","prev_hash":"c347241743870ccc5fa42b16e4dbfba5520c4d15d005879f80b0cdec5fe223b3","record_hash":"ca9ca54f02d73b3ec9eb38b1fa800229588c0d3320b70b8d7377a5e2044946fe","signature_hex":"baa635b48566f5b999449e5ff26faeab9f84c48cb27d00f21711c62c2341e33b08324c5956058ccbea73d2eadf3d95a7cc2a55239e6baecaee0f72840eb22e00","public_key_hex":"c2f8243b0d573587f285c830a868acd19249d17d59ecbf9329e796dfed6fb630"}
{"seq":9,"ts":1781892480000,"agent_id":"regime","symbol":"BTCUSDT","side":"sell","price":63068.47889980606,"quantity":0.03169216745032591,"notional_usd":1998.77679413,"fee_usd":1.199266076478,"balance_before_usd":9987.345266475972,"balance_after_usd":9985.546349723803,"decision":"ALLOW","cert_hash":"2b4e0f61dd306b771a29f205c194fa46076ff6852c8fbfa350e0a37d7522064d","prev_hash":"ca9ca54f02d73b3ec9eb38b1fa800229588c0d3320b70b8d7377a5e2044946fe","record_hash":"970207c2fc683362c8c048960284db13fb0f882a648bffdea2487d9783a681b4","signature_hex":"36b45bdbef103cd304ffcdd461d3123dcaa9468a3222c3dc32b98e8884b3ffdbed223139b21eecf0f65c6566497e13b70cac53343b06d3c48effdcb9debbbf02","public_key_hex":"c2f8243b0d573587f285c830a868acd19249d17d59ecbf9329e796dfed6fb630"}
{"seq":10,"ts":1781894340000,"agent_id":"regime","symbol":"BTCUSDT","side":"buy","price":62979.58946921399,"quantity":0.03175632005314437,"notional_usd":2000.0,"fee_usd":1.2,"balance_before_usd":9985.54755401722,"balance_after_usd":9983.747693987227,"decision":"ALLOW_CAPPED","cert_hash":"a4e2c30077a862eae361e83ee06c2457f4e7ad4564e2cd8dfcdf59d1496a705b","prev_hash":"970207c2fc683362c8c048960284db13fb0f882a648bffdea2487d9783a681b4","record_hash":"472948fbe717673dc210a9fefb098f0b38f2ed9efa0fb131942071cf1346bf5c","signature_hex":"16f9655f16c440f3d99a7e4e5d1865eb95d2bc7c5e309dd5046cbdc3dcabe5e2e30870b100b8876f14f33cc3ac9fd98f15309b41914b6aed96170c4245b64802","public_key_hex":"c2f8243b0d573587f285c830a868acd19249d17d59ecbf9329e796dfed6fb630"}
{"seq":11,"ts":1781894400000,"agent_id":"regime","symbol":"BTCUSDT","side":"sell","price":62993.697480252,"quantity":0.03174920793666673,"notional_usd":2000.0,"fee_usd":1.2,"balance_before_usd":9985.395353684422,"balance_after_usd":9983.595213654415,"decision":"ALLOW_CAPPED","cert_hash":"91e06426f71ce63a8e8c9c1ca4d810f6b68dc84ab12d7a9a4528ac5d8201cdf3","prev_hash":"472948fbe717673dc210a9fefb098f0b38f2ed9efa0fb131942071cf1346bf5c","record_hash":"a82fe8752109a992e5c98b24092ee8deb8ae05076a835836d201650818a78f3b","signature_hex":"5e66f875ff93aa98733746e8bff6d100a9543d8ce2ac03dc851f775d5638823f96c77483e6c1a4763aa68ee1a054ac37949850e1e740da2a7bb0416e81746b0c","public_key_hex":"c2f8243b0d573587f285c830a868acd19249d17d59ecbf9329e796dfed6fb630"}
{"seq":12,"ts":1781896740000,"agent_id":"regime","symbol":"BTCUSDT","side":"buy","price":62993.593669493996,"quantity":0.03174926025800848,"notional_usd":2000.0,"fee_usd":1.2,"balance_before_usd":9983.595304347667,"balance_after_usd":9981.795444317673,"decision":"ALLOW_CAPPED","cert_hash":"701844af0477795898aaa6e2e66ecbf9bce04521a92f3da447e66f6f8a5c3da3","prev_hash":"a82fe8752109a992e5c98b24092ee8deb8ae05076a835836d201650818a78f3b","record_hash":"dc2c4b3094594b2610d1e16f5db3e88ad5d2637564aef6c404cbc47b952a0032","signature_hex":"2dbdca751dc42abfd8b0401334e59b4a1333ff135cea11bca75617c11a0f50e08bbcbbfe7176cc01f0a7c686c934239685d46d205f3dd6228e2436ae9ed9e104","public_key_hex":"c2f8243b0d573587f285c830a868acd19249d17d59ecbf9329e796dfed6fb630"}
{"seq":13,"ts":1781896800000,"agent_id":"regime","symbol":"BTCUSDT","side":"sell","price":62967.60649357845,"quantity":0.03175639298206333,"notional_usd":1999.62405695,"fee_usd":1.1997744341699998,"balance_before_usd":9982.170057351768,"balance_after_usd":9980.370293302867,"decision":"ALLOW","cert_hash":"a29eea84baca4d883690189d9086709ae6941b4a2373c028375aa1aed95cbe48","prev_hash":"dc2c4b3094594b2610d1e16f5db3e88ad5d2637564aef6c404cbc47b952a0032","record_hash":"3e7e752f1f7df9408f7512e594286d0755a5144a0a3b4c0245fa26c80da1bf7d","signature_hex":"394d8880ba231c58e04799065b45d378e8c196d581f8fa1d863e6b26b4bc4a88d625832d8d4d750376da94ab23d58ffccf6ea16e81baa8b24cdc24cac71daa0d","public_key_hex":"c2f8243b0d573587f285c830a868acd19249d17d59ecbf9329e796dfed6fb630"}
{"seq":14,"ts":1781897160000,"agent_id":"regime","symbol":"BTCUSDT","side":"buy","price":62927.37380817,"quantity":0.03178267070380006,"notional_usd":2000.0,"fee_usd":1.2,"balance_before_usd":9980.371036306362,"balance_after_usd":9978.57117627637,"decision":"ALLOW_CAPPED","cert_hash":"633540df3e8addef6a4292a776d197460ce6565c2a739f6b7f7832010391c458","prev_hash":"3e7e752f1f7df9408f7512e594286d0755a5144a0a3b4c0245fa26c80da1bf7d","record_hash":"0a9ed3de466ff61a008d14d5141623eb0453f3725015cb9709521d6beffd7b8b","signature_hex":"fbcc7e571cb1faf3bc1773f0face058a74e27b6da9bfc3b0f60a85a9ab804e783bc43aa6cbc5cdc43fef7c0cf66765b59ec25ca2c3cbbed907cdfa75f003fc02","public_key_hex":"c2f8243b0d573587f285c830a868acd19249d17d59ecbf9329e796dfed6fb630"}
{"seq":15,"ts":1781897220000,"agent_id":"regime","symbol":"BTCUSDT","side":"sell","price":62934.51523906801,"quantity":0.03177906419716816,"notional_usd":2000.0,"fee_usd":1.2,"balance_before_usd":9979.997790487676,"balance_after_usd":9978.197650457667,"decision":"ALLOW_CAPPED","cert_hash":"cdcf1409a2a08c305021a419efb185bdeec167505ba4656e43d2e9b95f97dd29","prev_hash":"0a9ed3de466ff61a008d14d5141623eb0453f3725015cb9709521d6beffd7b8b","record_hash":"72b5a2f17111fa11864a63278638161b2274c9d2b593688e689d57c1f544e54a","signature_hex":"fe7962791ce4481c60a58f754d2ac4cf595552b7df86dd53b39aaf269a0f311c37cfade3d9ca7e822bd7e0015a69957cee7667e4d3706c4a6300d51ac2814108","public_key_hex":"c2f8243b0d573587f285c830a868acd19249d17d59ecbf9329e796dfed6fb630"}
{"seq":16,"ts":1781898600000,"agent_id":"regime","symbol":"BTCUSDT","side":"sell","price":63073.773451854,"quantity":0.031708900396242454,"notional_usd":2000.0,"fee_usd":1.2,"balance_before_usd":9978.196825916002,"balance_after_usd":9976.396685885997,"decision":"ALLOW_CAPPED","cert_hash":"79c504f7c9bc21f348ea98ba5512bffd8c4ff8f4fe603df494a7225730479b7c","prev_hash":"72b5a2f17111fa11864a63278638161b2274c9d2b593688e689d57c1f544e54a","record_hash":"6322a892839a9b79a5bc18c3ff9dcac5be46e5e61ca57ae0f3dc9172185db053","signature_hex":"4a566bb5caac9fdd5de80547beb9dd3f2f6aca9732235d53692a97ff936309fcc015fec7eba44533ad799dec7b7ba2098b51173fed440a9389dec2c117a82d0d","public_key_hex":"c2f8243b0d573587f285c830a868acd19249d17d59ecbf9329e796dfed6fb630"}
{"seq":17,"ts":1781898660000,"agent_id":"regime","symbol":"BTCUSDT","side":"sell","price":63060.177531582005,"quantity":0.031715736908579956,"notional_usd":2000.0,"fee_usd":1.2,"balance_before_usd":9976.828007432223,"balance_after_usd":9975.027867402216,"decision":"ALLOW_CAPPED","cert_hash":"2a8d39d69f7d286f055fd0438b7d6dd4d7ac32318c3873217d5605bbc5bf030c","prev_hash":"6322a892839a9b79a5bc18c3ff9dcac5be46e5e61ca57ae0f3dc9172185db053","record_hash":"02b809f045ddf66d28dde6144cccb538ee8bfd1967342670d9c3446af21b8b80","signature_hex":"cf7bd162feed5a41f2e9e54b6035e1927f2a043f300688eeea5c3e1af3f34926cc65cf1e055085149227600945e2703cc347abad619e313a80a1aabd9e8ca004","public_key_hex":"c2f8243b0d573587f285c830a868acd19249d17d59ecbf9329e796dfed6fb630"}
{"seq":18,"ts":1781898720000,"agent_id":"regime","symbol":"BTCUSDT","side":"sell","price":63041.227991218126,"quantity":0.03150006205663744,"notional_usd":1985.80259385,"fee_usd":1.19148155631,"balance_before_usd":9976.233047975413,"balance_after_usd":9974.447096971338,"decision":"ALLOW","cert_hash":"c9822876329304bf34652dda8adb931b9bcb514791baffff4eee09fdc81df77e","prev_hash":"02b809f045ddf66d28dde6144cccb538ee8bfd1967342670d9c3446af21b8b80","record_hash":"957c674a0e68364aacec6bdbdc5057f5e83ab3032aa687095535a20edba2612a","signature_hex":"1261bec3ae6b4276cabd5fccbcddc2c7fe7c85c3482d3c299e55d11871eb39c7b2ade1b5289dc6b09894da99224e24e22df33b8ad9ba5dce08b8eb76323e7804","public_key_hex":"c2f8243b0d573587f285c830a868acd19249d17d59ecbf9329e796dfed6fb630"}
{"seq":19,"ts":1781898780000,"agent_id":"regime","symbol":"BTCUSDT","side":"buy","price":63068.516140992,"quantity":0.03171154360963442,"notional_usd":2000.0,"fee_usd":1.2,"balance_before_usd":9975.443868466016,"balance_after_usd":9973.644008436022,"decision":"ALLOW_CAPPED","cert_hash":"cde42a2d006f16505ad2bff3c3f28779e14d409c8f6b148e95367d2507b86087","prev_hash":"957c674a0e68364aacec6bdbdc5057f5e83ab3032aa687095535a20edba2612a","record_hash":"8fa354bf18d4514ebb9878de7227c39b7312c20eeacb6de5d93daa6100b28dff","signature_hex":"19a367dcd59229ea47f127cf94b0706d2da1f0cb335544b0aeb210eb923e236c9594b2fc68d35d739aa03b32fbc9a3201cfddd840186c016878322fd1b012902","public_key_hex":"c2f8243b0d573587f285c830a868acd19249d17d59ecbf9329e796dfed6fb630"}
{"seq":20,"ts":1781898840000,"agent_id":"regime","symbol":"BTCUSDT","side":"sell","price":63058.89243880452,"quantity":0.03164338123392243,"notional_usd":1995.39657363,"fee_usd":1.197237944178,"balance_before_usd":9971.861230522965,"balance_after_usd":9970.065693411674,"decision":"ALLOW","cert_hash":"0ae0e9f5013307ee2e4423718930a393acdd027701696d97f21d2cd72dfb92c1","prev_hash":"8fa354bf18d4514ebb9878de7227c39b7312c20eeacb6de5d93daa6100b28dff","record_hash":"8f6adc21bcbe9d22b51f430280d86442287076a0fcdbb34e92566edd3edea7a2","signature_hex":"dba0187c1be2b994f1e34772cfa2192a80e545b75876d9ba24d4f211cdb24c06cbfbfc03e1dd2b67eab5c08a66563bf4844ce481c1a225409ca18ac4f8412d08","public_key_hex":"c2f8243b0d573587f285c830a868acd19249d17d59ecbf9329e796dfed6fb630"}
{"seq":21,"ts":1781898900000,"agent_id":"regime","symbol":"BTCUSDT","side":"buy","price":63089.02229140199,"quantity":0.0317012362430059,"notional_usd":2000.0,"fee_usd":1.2,"balance_before_usd":9970.796134324146,"balance_after_usd":9968.996274294152,"decision":"ALLOW_CAPPED","cert_hash":"f5eab57210ebe67efc42d1850937b75e2c0c909012d53bf6544e36aff0bd4c51","prev_hash":"8f6adc21bcbe9d22b51f430280d86442287076a0fcdbb34e92566edd3edea7a2","record_hash":"1714152538d85586a45623f3b7baf0d0255764d24e6972dedd98aba4c0496c84","signature_hex":"8438b87e419b93acc8d01130d4ca2d3fc0f3fbea317bd2c5912606e1d50cb50d7d9d97d45fff2a1bd4225b92fc75c49fba770fa4c870745c4d6e752f9e40eb0e","public_key_hex":"c2f8243b0d573587f285c830a868acd19249d17d59ecbf9329e796dfed6fb630"}
{"seq":22,"ts":1781898960000,"agent_id":"regime","symbol":"BTCUSDT","side":"buy","price":63039.707500416,"quantity":0.031726035530650294,"notional_usd":2000.0,"fee_usd":1.2,"balance_before_usd":9972.110122436305,"balance_after_usd":9970.310262406309,"decision":"ALLOW_CAPPED","cert_hash":"353f9e63714c479a71e05b2d6d32d15b68134b0e1b73148644e936b4672e4b94","prev_hash":"1714152538d85586a45623f3b7baf0d0255764d24e6972dedd98aba4c0496c84","record_hash":"6118f48d26dfaec377c50cefff9794d366680497673e99f2ff327245d020dd0f","signature_hex":"3acb0cdd505ddb893e528d170fe543632344f4c8b32c368f40381e845e47e55c07bb73f6f6d05106c9690cedc4e19f7c6dce4e9450cd39e8deace63bab8f6c04","public_key_hex":"c2f8243b0d573587f285c830a868acd19249d17d59ecbf9329e796dfed6fb630"}
{"seq":23,"ts":1781899020000,"agent_id":"regime","symbol":"BTCUSDT","side":"buy","price":63016.038451585926,"quantity":0.03142578693932736,"notional_usd":1980.32859814,"fee_usd":1.188197158884,"balance_before_usd":9971.052132757944,"balance_after_usd":9969.271922433252,"decision":"ALLOW","cert_hash":"89cd6869baec6492dac81ef757fd94c5acef59847f9c123ee2f8262a919bd6c5","prev_hash":"6118f48d26dfaec377c50cefff9794d366680497673e99f2ff327245d020dd0f","record_hash":"5e26fbfd183bd22f6c2e8a6b2e864258ad311e7b8c3b643e5dde17400963bc90","signature_hex":"ab33f58223bb773498811daca047f1c9b2e4d62521180a04525f9718f07c9056cf3d1b0b2b82320b6bbc1d70ae627e1f1e72f1db9ed2e84e667ca3e1e8da5403","public_key_hex":"c2f8243b0d573587f285c830a868acd19249d17d59ecbf9329e796dfed6fb630"}
{"seq":24,"ts":1781900400000,"agent_id":"regime","symbol":"BTCUSDT","side":"buy","price":62958.983288801996,"quantity":0.03176671374799224,"notional_usd":2000.0,"fee_usd":1.2,"balance_before_usd":9969.272459027761,"balance_after_usd":9967.472598997767,"decision":"ALLOW_CAPPED","cert_hash":"906fce8b15c5af63ec2f5ca3d382d0ea4b468142aa7eb5542b43ad9098b2fc69","prev_hash":"5e26fbfd183bd22f6c2e8a6b2e864258ad311e7b8c3b643e5dde17400963bc90","record_hash":"0505b1bdd23e493d4861b2eb99fe6ab777c60c357a9e63187c4361f2ce7814c4","signature_hex":"13ee89622680a89efc5c2cece3e5c88b7251fd9a39eee27cbdf7d630d6c82f4d5ed773f3e50ef6f3d192f67e3421d38f122232bddb0911c3728d43ec1c380f04","public_key_hex":"c2f8243b0d573587f285c830a868acd19249d17d59ecbf9329e796dfed6fb630"}
{"seq":25,"ts":1781900460000,"agent_id":"regime","symbol":"BTCUSDT","side":"sell","price":62951.11102060863,"quantity":0.03176684533026476,"notional_usd":1999.75820716,"fee_usd":1.199854924296,"balance_before_usd":9968.422142755018,"balance_after_usd":9966.62224454395,"decision":"ALLOW","cert_hash":"d315a51d12e2672a3f2ae2e03ce0d9b3846d110ff2e7eb455c4a195f6bcb9993","prev_hash":"0505b1bdd23e493d4861b2eb99fe6ab777c60c357a9e63187c4361f2ce7814c4","record_hash":"72f0ebfee5b5724cf4fd9c8862d0e2e8a857c3b22c3e9f5f07fd2b931b384519","signature_hex":"119f6a4821ec0cc801cbdf3baea13b2af394d703ccc08607bb86b1e1142670655806123303d0884141fb26d5eeae6752a234480ca73368da23d5676de5ddd90c","public_key_hex":"c2f8243b0d573587f285c830a868acd19249d17d59ecbf9329e796dfed6fb630"}
{"seq":26,"ts":1781900520000,"agent_id":"regime","symbol":"BTCUSDT","side":"buy","price":62983.190549286,"quantity":0.03175450437740126,"notional_usd":2000.0,"fee_usd":1.2,"balance_before_usd":9966.622298859445,"balance_after_usd":9964.822438829451,"decision":"ALLOW_CAPPED","cert_hash":"848bc41c468622a9664485ec5030d7c3c165deb7b7251104bc949d79cea91d4f","prev_hash":"72f0ebfee5b5724cf4fd9c8862d0e2e8a857c3b22c3e9f5f07fd2b931b384519","record_hash":"292827dcee6fca4cbc5d12e0ad752f0fed0a580db0f2dba76efd8e052b267a76","signature_hex":"73657fb42f6ad6bbda7ba8056407b03c7d201c5579159333707169dabd7b6f6a856128e7f3869dcf2acd80b13a512d3a479eb4def86ebb335f71b4eb39954a02","public_key_hex":"c2f8243b0d573587f285c830a868acd19249d17d59ecbf9329e796dfed6fb630"}
{"seq":27,"ts":1781900580000,"agent_id":"regime","symbol":"BTCUSDT","side":"sell","price":62947.51490659882,"quantity":0.03175449925888111,"notional_usd":1998.86681545,"fee_usd":1.19932008927,"balance_before_usd":9964.889103277672,"balance_after_usd":9963.090096503991,"decision":"ALLOW","cert_hash":"49b368032e580742ca09e26adf700891197f2690d306c723c102abbe4ae41c6a","prev_hash":"292827dcee6fca4cbc5d12e0ad752f0fed0a580db0f2dba76efd8e052b267a76","record_hash":"890167185ac25f0d1ee92617c3106c9a2792500a46d88884eda8fa252caebc09","signature_hex":"fe6f2a49a7a812a4a14bc666ad54086c1100e3808e1f65022afbea8561349302187ea1ae15e38f85c79a54269ea6198dc4f0eeadc87d559087c4da0edeb0e606","public_key_hex":"c2f8243b0d573587f285c830a868acd19249d17d59ecbf9329e796dfed6fb630"}
{"seq":28,"ts":1781901960000,"agent_id":"regime","symbol":"BTCUSDT","side":"sell","price":63126.657582912,"quantity":0.03168233637862347,"notional_usd":2000.0,"fee_usd":1.2,"balance_before_usd":9963.088389818291,"balance_after_usd":9961.288249788284,"decision":"ALLOW_CAPPED","cert_hash":"dcb86726cb9ac4e22688fc9668ae9305833dfff7b33bbf77e0b744f3f6638cd5","prev_hash":"890167185ac25f0d1ee92617c3106c9a2792500a46d88884eda8fa252caebc09","record_hash":"939561149805f24e54147b51948e2876327c85a3f11c0dd70e45323ba61c3c14","signature_hex":"61ff717018ef627c963d80d9bd711cb3eed2d9c1d52ec2b9f52d2b1b5f601aa758b181fbd0aa82c078f3273e28bc6edec22206970770d58d98b47ab0beda6009","public_key_hex":"c2f8243b0d573587f285c830a868acd19249d17d59ecbf9329e796dfed6fb630"}
{"seq":29,"ts":1781902020000,"agent_id":"regime","symbol":"BTCUSDT","side":"sell","price":63156.54861351,"quantity":0.03166734161233399,"notional_usd":2000.0,"fee_usd":1.2,"balance_before_usd":9960.340663165483,"balance_after_usd":9958.540523135476,"decision":"ALLOW_CAPPED","cert_hash":"7a926726f942cf396ba659daa5edf8d1ff54ad87135947001f9158cba13c21a6","prev_hash":"939561149805f24e54147b51948e2876327c85a3f11c0dd70e45323ba61c3c14","record_hash":"8fc1192b1a0adaee515b6b0231e5b92836e281a751afd35c44ed8c62ac250691","signature_hex":"e2ae6690a78b53340b700c6b9b43e60349e1f6ba38b50ea994c2f5ca8e08136bc05cac392763adc219caf68bb2d24e728a4f04c07b988dfb166126d21e4b7006","public_key_hex":"c2f8243b0d573587f285c830a868acd19249d17d59ecbf9329e796dfed6fb630"}
{"seq":30,"ts":1781902080000,"agent_id":"regime","symbol":"BTCUSDT","side":"sell","price":63121.23510787296,"quantity":0.0313042625931371,"notional_usd":1975.96371902,"fee_usd":1.185578231412,"balance_before_usd":9960.783438882972,"balance_after_usd":9959.007309114624,"decision":"ALLOW","cert_hash":"5b3e80e5b136803f5200aced1a78bd00852781f6ccbfae712dae4411bade3f0d","prev_hash":"8fc1192b1a0adaee515b6b0231e5b92836e281a751afd35c44ed8c62ac250691","record_hash":"388ab3a6e2264296b1a3c457de6ee84ff180f5cf635b0a724f233c39cdf61e58","signature_hex":"bf8e7a25b4a6ade1fadec457d85ea6632b4838d65f0f31b69efb53d01e76c79488fe204dca1fa2b6fba1ff2b33c87a739e82d5d43bf8acd9913cffbbba145903","public_key_hex":"c2f8243b0d573587f285c830a868acd19249d17d59ecbf9329e796dfed6fb630"}
{"seq":31,"ts":1781902320000,"agent_id":"regime","symbol":"BTCUSDT","side":"buy","price":63178.849233198,"quantity":0.03165616379965779,"notional_usd":2000.0,"fee_usd":1.2,"balance_before_usd":9957.132972517527,"balance_after_usd":9955.333112487533,"decision":"ALLOW_CAPPED","cert_hash":"09c4ca5c4bd283420eba0977d41f352567ddff86bd8131f8bcbb1ca32da476ef","prev_hash":"388ab3a6e2264296b1a3c457de6ee84ff180f5cf635b0a724f233c39cdf61e58","record_hash":"f4701816805c3309f76223e67321c4523d98ce2bd4307e09d9233d7e56956190","signature_hex":"3b049c7e917c13af6744f28de0409e0a00a8ff22f6dedd3095b9f45afbcf4c07a65cd1e92487b0a164731604d01e4e1971898cce6eb265d5687f04a9a0ccdb01","public_key_hex":"c2f8243b0d573587f285c830a868acd19249d17d59ecbf9329e796dfed6fb630"}
{"seq":32,"ts":1781902380000,"agent_id":"regime","symbol":"BTCUSDT","side":"buy","price":63179.549443211996,"quantity":0.03165581295887003,"notional_usd":2000.0,"fee_usd":1.2,"balance_before_usd":9955.289007377043,"balance_after_usd":9953.489147347049,"decision":"ALLOW_CAPPED","cert_hash":"86c2a2577510da76542e33d82952a40d5f9cbb4328786d09722167379abbc51d","prev_hash":"f4701816805c3309f76223e67321c4523d98ce2bd4307e09d9233d7e56956190","record_hash":"a126741a3406fb7b07e0390be0b904d437e7605b1b0e5eae0dcf2dd31cc2e07c","signature_hex":"24c20536a6c55b109c9817d72f8db71abfe640bad59ce8cb2e02bb50f2544942697600ec53f0715e615bfa51f4cd846b2a028c9bcb516dac8e38686436936002","public_key_hex":"c2f8243b0d573587f285c830a868acd19249d17d59ecbf9329e796dfed6fb630"}
{"seq":33,"ts":1781902440000,"agent_id":"regime","symbol":"BTCUSDT","side":"buy","price":63172.08389546738,"quantity":0.031342115908290655,"notional_usd":1979.94677562,"fee_usd":1.187968065372,"balance_before_usd":9953.721148356335,"balance_after_usd":9951.941319050424,"decision":"ALLOW","cert_hash":"8e314808da4d0570a6e19c9a7927aa06994a30a8550c721a1dc349290b02ab1e","prev_hash":"a126741a3406fb7b07e0390be0b904d437e7605b1b0e5eae0dcf2dd31cc2e07c","record_hash":"23699741d1ccad980ca8a20d02a55c454b886053a6c0318d045d6c27475f1177","signature_hex":"355aa8b70804f9fd6bd1f3449dbae25f056d5635146c88d47ad344e90293a425e60e226d7d25df7fec0e7504819542abe526da51b44a463f532f54afd7ae1c0f","public_key_hex":"c2f8243b0d573587f285c830a868acd19249d17d59ecbf9329e796dfed6fb630"}
{"seq":34,"ts":1781904420000,"agent_id":"regime","symbol":"BTCUSDT","side":"buy","price":63148.9402626,"quantity":0.03167115697719002,"notional_usd":2000.0,"fee_usd":1.2,"balance_before_usd":9951.94153647695,"balance_after_usd":9950.141676446956,"decision":"ALLOW_CAPPED","cert_hash":"e16ee127818c2bc294222141b1951f73cee4042669ea1811f96ee39e83020e79","prev_hash":"23699741d1ccad980ca8a20d02a55c454b886053a6c0318d045d6c27475f1177","record_hash":"1bb89230c6dc960ac12fd37804531a6e68647a9f8c7ab7d591eaed0ad4858caf","signature_hex":"07a3a6bd7a50d631aec83a594d9c9ab1450d87a355c27049b3a071886a89f971f4806b099da4766b3cca3f32da57892ee05c214c020cf3a00b816b82c02b9d07","public_key_hex":"c2f8243b0d573587f285c830a868acd19249d17d59ecbf9329e796dfed6fb630"}
{"seq":35,"ts":1781904480000,"agent_id":"regime","symbol":"BTCUSDT","side":"buy","price":63145.539242531995,"quantity":0.03167286278636908,"notional_usd":2000.0,"fee_usd":1.2,"balance_before_usd":9950.034026377465,"balance_after_usd":9948.234166347473,"decision":"ALLOW_CAPPED","cert_hash":"d6d726c8ebe4eb273249543e0b66fe5fbd8c7f5f3f8b43e4a76086181e660555","prev_hash":"1bb89230c6dc960ac12fd37804531a6e68647a9f8c7ab7d591eaed0ad4858caf","record_hash":"7ab488d0b89b2480b0c4f50e76b658f8ea6938ec173695b8aa345777f811e25d","signature_hex":"44ddacd22a88ed932f0a9f157b1225a5b111a2c64f3d54f23a028ed6990cfc2bbd66a7e87bd86fc33c8fff031a62b96041b46f68f3bb8abe16513dbb3546d909","public_key_hex":"c2f8243b0d573587f285c830a868acd19249d17d59ecbf9329e796dfed6fb630"}
{"seq":36,"ts":1781904540000,"agent_id":"regime","symbol":"BTCUSDT","side":"buy","price":63148.64789269128,"quantity":0.03120824453373755,"notional_usd":1970.75844541,"fee_usd":1.182455067246,"balance_before_usd":9948.43683722085,"balance_after_usd":9946.66617250955,"decision":"ALLOW","cert_hash":"bb300f4ace724ae4d5effa55637f8b1d0b53f5b9fb77389575017e2a919214ba","prev_hash":"7ab488d0b89b2480b0c4f50e76b658f8ea6938ec173695b8aa345777f811e25d","record_hash":"21621aaf175f8d7d88dfd63984f72d0fda7f96fe48734d42b48267e609e76832","signature_hex":"6cd79a450e08c5f2cdf4a82e21cad6335b3116af1c8c3706ed71eec203a0f4e552f45aa58c44b8a56dd535ca2f37a265af3ced78704947778111e312c5d29208","public_key_hex":"c2f8243b0d573587f285c830a868acd19249d17d59ecbf9329e796dfed6fb630"}
{"seq":37,"ts":1781904600000,"agent_id":"regime","symbol":"BTCUSDT","side":"sell","price":63108.56301255,"quantity":0.03169142037986624,"notional_usd":2000.0,"fee_usd":1.2,"balance_before_usd":9946.448723856882,"balance_after_usd":9944.648583826875,"decision":"ALLOW_CAPPED","cert_hash":"1d3fc9f2696d059608991b8cc79cf5f081c59c9c930a375797957524ea18c9f7","prev_hash":"21621aaf175f8d7d88dfd63984f72d0fda7f96fe48734d42b48267e609e76832","record_hash":"854debfb443434cf3fd2fd46bc1a89cb5eaa892ced873e954c3bea7c5746869e","signature_hex":"80d0edbbd1403243eac73990bc5f89487d54a8195e5ea4ee034ddd907c5b50a5af98f0ea36945e693b9193a85ffe2895f543dc270899e81cf94c9e0d5afcd607","public_key_hex":"c2f8243b0d573587f285c830a868acd19249d17d59ecbf9329e796dfed6fb630"}
{"seq":38,"ts":1781904660000,"agent_id":"regime","symbol":"BTCUSDT","side":"sell","price":63107.56331253,"quantity":0.03169192241023985,"notional_usd":2000.0,"fee_usd":1.2,"balance_before_usd":9944.58573235479,"balance_after_usd":9942.785592324784,"decision":"ALLOW_CAPPED","cert_hash":"8e1a5e440881656fa7d61bd6f847b3b9b7cff68c372e600f9211f7f1ed5debd7","prev_hash":"854debfb443434cf3fd2fd46bc1a89cb5eaa892ced873e954c3bea7c5746869e","record_hash":"a9d3262178b5493afd375f10aad38c6d9b025abacb55bdec35f5a86037197fdb","signature_hex":"895cb167804ba50939be2026190f96cf9759eff9d4f0e79f1a9851413fdb3fb98235fe7e307163f0ce39c7aa7de06d995e06eb2ff7a0afa879ba4a6df782390f","public_key_hex":"c2f8243b0d573587f285c830a868acd19249d17d59ecbf9329e796dfed6fb630"}
{"seq":39,"ts":1781904720000,"agent_id":"regime","symbol":"BTCUSDT","side":"sell","price":63107.66748194491,"quantity":0.031168848271452217,"notional_usd":1966.99331251,"fee_usd":1.180195987506,"balance_before_usd":9942.785592324784,"balance_after_usd":9941.01840843945,"decision":"ALLOW","cert_hash":"b62e48af356199893ef558065943f5ca8b3916a25e04a89b955f8fb522e6d6ed","prev_hash":"a9d3262178b5493afd375f10aad38c6d9b025abacb55bdec35f5a86037197fdb","record_hash":"846636f2dfb382376ad1835924b4e7ff7eb1ca0c079da83f1b54b485bc99120e","signature_hex":"4e601fe1d4ed51e14bb205869a842626f7690f0decd719acc8f87749f309b2f4da4e7f8fa8339c46e055c7296e0f021fb53ae5b4f40110f066edc2fc5139b40f","public_key_hex":"c2f8243b0d573587f285c830a868acd19249d17d59ecbf9329e796dfed6fb630"}
{"seq":40,"ts":1781905140000,"agent_id":"regime","symbol":"BTCUSDT","side":"buy","price":63094.42391151,"quantity":0.03169852224667274,"notional_usd":2000.0,"fee_usd":1.2,"balance_before_usd":9941.01888266791,"balance_after_usd":9939.219022637917,"decision":"ALLOW_CAPPED","cert_hash":"0de18a57e880cca44c5701d568e29c8f38eba453eb5c430e0637b68ba6c1a2bd","prev_hash":"846636f2dfb382376ad1835924b4e7ff7eb1ca0c079da83f1b54b485bc99120e","record_hash":"52cc0770d7585b5ef37fbb17fee2830f6300ea005583c5a540a19889f2505e3b","signature_hex":"c8cca4e596709ebfe34d106b8c8b7361a1ca17a3f406d7a132bb0604cbbbc328ae6bb414986a8db49b1dc22e0139586a34a9b0562de8f55ea104bc1d668c2f06","public_key_hex":"c2f8243b0d573587f285c830a868acd19249d17d59ecbf9329e796dfed6fb630"}
{"seq":41,"ts":1781905200000,"agent_id":"regime","symbol":"BTCUSDT","side":"sell","price":63061.18051334171,"quantity":0.03169873098565107,"notional_usd":1998.95939673,"fee_usd":1.199375638038,"balance_before_usd":9939.364793066703,"balance_after_usd":9937.565693710698,"decision":"ALLOW","cert_hash":"7122d5a8d03d6f8113a7a1dda172962127fcd93f24ae9f6d44801f7be7eb886f","prev_hash":"52cc0770d7585b5ef37fbb17fee2830f6300ea005583c5a540a19889f2505e3b","record_hash":"fca58d3e68253c96e74855d36ab0eeda9bf79f9cca5377ae6de4b9a1a61849d3","signature_hex":"b8f4ed7f79140fbf692f4ae1098c7aa2ee5d9a7226238fafc9e2457c6a1fc2236f127d0f02c0d4ed7aafb1b5f7053aef70f0aad780dd1e90f55b69005d287e0f","public_key_hex":"c2f8243b0d573587f285c830a868acd19249d17d59ecbf9329e796dfed6fb630"}
{"seq":42,"ts":1781905440000,"agent_id":"regime","symbol":"BTCUSDT","side":"buy","price":63076.91866116,"quantity":0.03170731929287333,"notional_usd":2000.0,"fee_usd":1.2,"balance_before_usd":9937.56590382283,"balance_after_usd":9935.766043792835,"decision":"ALLOW_CAPPED","cert_hash":"5d190df85baf5f74d44bf13d4064064283c4fa9e9273fae07f4d052512fec9c9","prev_hash":"fca58d3e68253c96e74855d36ab0eeda9bf79f9cca5377ae6de4b9a1a61849d3","record_hash":"ca9379b27bbd3450a879469c795c0d69843e265980a523c12cfdbc57cca2ac1e","signature_hex":"e4352cb92c52f7c26a6e66340d6a702cf1e4293f68ca59b45498e6816369b804fef9676d7ba4ba209c95f82a3fb94a318240761b12ef3a8ae587d3f25e030c0c","public_key_hex":"c2f8243b0d573587f285c830a868acd19249d17d59ecbf9329e796dfed6fb630"}
{"seq":43,"ts":1781905500000,"agent_id":"regime","symbol":"BTCUSDT","side":"sell","price":63056.38072440641,"quantity":0.03170732248728856,"notional_usd":1999.34899851,"fee_usd":1.199609399106,"balance_before_usd":9936.314415939685,"balance_after_usd":9934.514926968106,"decision":"ALLOW","cert_hash":"8c2e54bbc2a7e722fa97dfabb4b8cc4028d790734c805c4d04bf5edf9cc990d9","prev_hash":"ca9379b27bbd3450a879469c795c0d69843e265980a523c12cfdbc57cca2ac1e","record_hash":"80659763238470c48c756aeed708265dfd93e922d0102a4df62ed592cd8982f8","signature_hex":"bac61faea399fa558257dffe3fb1c64c9626f6e15717be0eb41a10d4b9e8775102639989e9fd9c6f40a7b183503f0c63ef2eee315a3bdc35dd92c2aef5ddc20a","public_key_hex":"c2f8243b0d573587f285c830a868acd19249d17d59ecbf9329e796dfed6fb630"}
{"seq":44,"ts":1781906160000,"agent_id":"regime","symbol":"BTCUSDT","side":"buy","price":63054.111820704,"quantity":0.031718787914847675,"notional_usd":2000.0,"fee_usd":1.2,"balance_before_usd":9934.515308340386,"balance_after_usd":9932.715448310393,"decision":"ALLOW_CAPPED","cert_hash":"95b0c065aa5fdc6fbbb2663c58b081c8c3a46c666f5b4e2fb4bb30dae2348d21","prev_hash":"80659763238470c48c756aeed708265dfd93e922d0102a4df62ed592cd8982f8","record_hash":"d98b7aa856b32724cdfbb6e953ed42d1f4b5cecf89d0505c4365e1e162fc1cde","signature_hex":"0369d407fdbc1665010125b4ae333fbd7978850a07d52a5a0a64a2d204a3e4490bf8e82a462f238f65aad6d729082854c8ef73de7570dea254497a8c38014109","public_key_hex":"c2f8243b0d573587f285c830a868acd19249d17d59ecbf9329e796dfed6fb630"}
{"seq":45,"ts":1781906220000,"agent_id":"regime","symbol":"BTCUSDT","side":"sell","price":63021.99220121835,"quantity":0.03171879077176103,"notional_usd":1998.98138465,"fee_usd":1.19938883079,"balance_before_usd":9932.896191191483,"balance_after_usd":9931.097069847185,"decision":"ALLOW","cert_hash":"1422b20da00be6d6d7626823a070d95bb9546a2de1957033ae3c80f7f3d12443","prev_hash":"d98b7aa856b32724cdfbb6e953ed42d1f4b5cecf89d0505c4365e1e162fc1cde","record_hash":"82a9924f244c4a57e17355c1aae4a53c5400521047e2d87576dd152cfa28c5cb","signature_hex":"890b5aa16b7316324fffa775f1ac0c82942b033c5633a2714a71e9507cbd577601be13a5ac6d34b9b16f32f785e4df27250432dad4d6862a8d69bc4b7ceedf0c","public_key_hex":"c2f8243b0d573587f285c830a868acd19249d17d59ecbf9329e796dfed6fb630"}
{"seq":46,"ts":1781906580000,"agent_id":"regime","symbol":"BTCUSDT","side":"buy","price":63042.308280468,"quantity":0.031724726688341254,"notional_usd":2000.0,"fee_usd":1.2,"balance_before_usd":9931.097236331467,"balance_after_usd":9929.297376301472,"decision":"ALLOW_CAPPED","cert_hash":"9bf9cce1c63695a4203ff3ee8630f21a996396ca78df19811fd21d43fd602adf","prev_hash":"82a9924f244c4a57e17355c1aae4a53c5400521047e2d87576dd152cfa28c5cb","record_hash":"88b3c7c8fa701d59b2f0eeaab47031d2f7bb79076022d207552578caf8682b48","signature_hex":"ae316f3c399ab6ac696ea338989210f3ae0a27b09697ccca7621e3c74ce61e9977b4ad583917ee4379f8ae47fde3488d5800913ce044959efb8ee82f4acd7e07","public_key_hex":"c2f8243b0d573587f285c830a868acd19249d17d59ecbf9329e796dfed6fb630"}
{"seq":47,"ts":1781906640000,"agent_id":"regime","symbol":"BTCUSDT","side":"sell","price":63037.88466292432,"quantity":0.03172472986290125,"notional_usd":1999.85986206,"fee_usd":1.1999159172359999,"balance_before_usd":9930.356664425719,"balance_after_usd":9928.556664549491,"decision":"ALLOW","cert_hash":"a54edfa8926f968d00e2c9a0a44c07ceeee73d715268021b61eb112e61cbb2b0","prev_hash":"88b3c7c8fa701d59b2f0eeaab47031d2f7bb79076022d207552578caf8682b48","record_hash":"5c5b7f7092c52aeedb753534845c0841757e45d7c47f58ffe3d9b8cb387f066f","signature_hex":"3604b7b6b588861d2e8747081a30ffa63c70b9d0202fdc0bbf75c171501f86f69ac29aa9091a72bb44392a483dd4f558233da7635a59dd3962e6699522770b0e","public_key_hex":"c2f8243b0d573587f285c830a868acd19249d17d59ecbf9329e796dfed6fb630"}
{"seq":48,"ts":1781907420000,"agent_id":"regime","symbol":"BTCUSDT","side":"sell","price":63076.0727619,"quantity":0.031707744512719016,"notional_usd":2000.0,"fee_usd":1.2,"balance_before_usd":9928.556301016817,"balance_after_usd":9926.75616098681,"decision":"ALLOW_CAPPED","cert_hash":"dd4b6a5171ff005fc4ca51771c0af60f971293b22fbcdd529251af77865509c4","prev_hash":"5c5b7f7092c52aeedb753534845c0841757e45d7c47f58ffe3d9b8cb387f066f","record_hash":"397ffb677c3ee84527cb2479ba1d742e3ec7f764db49de8aceee79756111a297","signature_hex":"e0c6ed8d9004ed0eb828ef029e227e6565aa8f5bf6526230a9a4d17eaaec0239c25580f4bb335a84434b167a44cc6c737a6fbe67bc357ab2e8ecb6350432bc09","public_key_hex":"c2f8243b0d573587f285c830a868acd19249d17d59ecbf9329e796dfed6fb630"}
{"seq":49,"ts":1781907480000,"agent_id":"regime","symbol":"BTCUSDT","side":"sell","price":63113.761452654,"quantity":0.0316888100782955,"notional_usd":2000.0,"fee_usd":1.2,"balance_before_usd":9925.560420244288,"balance_after_usd":9923.760280214283,"decision":"ALLOW_CAPPED","cert_hash":"6db446c8454ba8b51b9be7780dde86558e16d52834f916a6c6a8f8ff119bb949","prev_hash":"397ffb677c3ee84527cb2479ba1d742e3ec7f764db49de8aceee79756111a297","record_hash":"3b1cceb2ffbfb6245c2a08a95a9b86e600d5a79f0e1a595332b6967213259f00","signature_hex":"dffeee6223a3850aa49e1de48f35952b8ffecd34163ce4156e181b163beb30170c1f07d2da11486739db08e0c5d9cbe60c93d0f6f5fb71beb13ba22a67eec10e","public_key_hex":"c2f8243b0d573587f285c830a868acd19249d17d59ecbf9329e796dfed6fb630"}
{"seq":50,"ts":1781907540000,"agent_id":"regime","symbol":"BTCUSDT","side":"sell","price":63141.21591512585,"quantity":0.030859242958975512,"notional_usd":1948.49012265,"fee_usd":1.16909407359,"balance_before_usd":9922.0292944718,"balance_after_usd":9920.280537759318,"decision":"ALLOW","cert_hash":"4679c4a9916db38750fee3327f63b0e27251c7f12f99b531b8caf0bfb5a4724d","prev_hash":"3b1cceb2ffbfb6245c2a08a95a9b86e600d5a79f0e1a595332b6967213259f00","record_hash":"b0828c209db306915207c7f604e6b1c0e35c7fb3da0626c374daf6fcb53b9e10","signature_hex":"2cae5d82478a6bc1d4f60937c4dceb23c3a54f1c434c06d9bab98b27e66042f1de6691e99d69b0646eb46708f79af5894b509694d7d39cee9486e4a8de247301","public_key_hex":"c2f8243b0d573587f285c830a868acd19249d17d59ecbf9329e796dfed6fb630"}
{"seq":51,"ts":1781908020000,"agent_id":"regime","symbol":"BTCUSDT","side":"buy","price":63286.98166536,"quantity":0.031602075930486286,"notional_usd":2000.0,"fee_usd":1.2,"balance_before_usd":9910.099883835208,"balance_after_usd":9908.300023805214,"decision":"ALLOW_CAPPED","cert_hash":"f4d2bf46a74241f3d001c83e0bce1570a380b942c0cbc86a76199b82f9f4abaa","prev_hash":"b0828c209db306915207c7f604e6b1c0e35c7fb3da0626c374daf6fcb53b9e10","record_hash":"863b2c01de7cd600b9ffa0d9ac65fbac00663f4c5d63aa2df4adaaad22f24605","signature_hex":"6171ecf00d66ece79f79c315e4adf1ac112be379afa4413e37e14d2d588b7560bffc1679baf8359b4e12b91778c498c231e1e9a2096f529bda13428f2c79230f","public_key_hex":"c2f8243b0d573587f285c830a868acd19249d17d59ecbf9329e796dfed6fb630"}
{"seq":52,"ts":1781908080000,"agent_id":"regime","symbol":"BTCUSDT","side":"buy","price":63284.68097531399,"quantity":0.03160322481170692,"notional_usd":2000.0,"fee_usd":1.2,"balance_before_usd":9908.444149253031,"balance_after_usd":9906.644289223037,"decision":"ALLOW_CAPPED","cert_hash":"90e205450a92474e2b5096b5358a9118279a41ddd55382716cd79934fdc309fc","prev_hash":"863b2c01de7cd600b9ffa0d9ac65fbac00663f4c5d63aa2df4adaaad22f24605","record_hash":"0a85603c312b93c2a5bb70bdc05ca395f1b4d1e3189576ca1d5bab15ebfa535d","signature_hex":"1db5ea18a9dd840966f14f3430aecc54385999cae3b58c6a2ea33f0e4ca3ed87e7bfe21f191cc63bad3232b51a5749c4ff3075ae9b7a32760baa2e09bb25020c","public_key_hex":"c2f8243b0d573587f285c830a868acd19249d17d59ecbf9329e796dfed6fb630"}
{"seq":53,"ts":1781908140000,"agent_id":"regime","symbol":"BTCUSDT","side":"buy","price":63251.05707309728,"quantity":0.031050753430733567,"notional_usd":1963.99297741,"fee_usd":1.178395786446,"balance_before_usd":9907.68479967093,"balance_after_usd":9905.920877557313,"decision":"ALLOW","cert_hash":"f6ac3cfedba764a22f80bb3aafd6e26310d7879741b952e9748cd4eed0f76cae","prev_hash":"0a85603c312b93c2a5bb70bdc05ca395f1b4d1e3189576ca1d5bab15ebfa535d","record_hash":"6685527ab1cd5733e1c28b79abfa21397307c8e60e8d07c92159bae1b705ecb4","signature_hex":"5a7cfd1eb9c9aa16d93a33a6ae076eb9e5780251a24747aacd542501ea4f1a75d28b4cd3bd2d92a47549407c2ed94fa4cfa63dd20580396ecfa540c5f3659c01","public_key_hex":"c2f8243b0d573587f285c830a868acd19249d17d59ecbf9329e796dfed6fb630"}
{"seq":54,"ts":1781909340000,"agent_id":"regime","symbol":"BTCUSDT","side":"sell","price":63315.300976686005,"quantity":0.03158794113189861,"notional_usd":2000.0,"fee_usd":1.2,"balance_before_usd":9905.919932117522,"balance_after_usd":9904.119792087515,"decision":"ALLOW_CAPPED","cert_hash":"a81ae925472837c8bbef9de4772b770715c2638fd108390f9dd74f9cba513042","prev_hash":"6685527ab1cd5733e1c28b79abfa21397307c8e60e8d07c92159bae1b705ecb4","record_hash":"10c683319b9727517ca4f3d9fae454411a9d2296f103ae20d30ce4662a67a93a","signature_hex":"7aec42e2d032c45abd0a2fc6f66afc503f7af954a44dce5552dbbc59a69657b572aa6221fe0f7bf15d5f1e96aaba07a8ff072e0dc5a77188e6373eb77a5e5f06","public_key_hex":"c2f8243b0d573587f285c830a868acd19249d17d59ecbf9329e796dfed6fb630"}
{"seq":55,"ts":1781909400000,"agent_id":"regime","symbol":"BTCUSDT","side":"buy","price":63319.09129600199,"quantity":0.0315860502585305,"notional_usd":2000.0,"fee_usd":1.2,"balance_before_usd":9905.200416364147,"balance_after_usd":9903.400556334152,"decision":"ALLOW_CAPPED","cert_hash":"130b3ca20b5eb54d26eb8a04dc23cf7fa97ff15ab3d0f0303f5f1470b55996ef","prev_hash":"10c683319b9727517ca4f3d9fae454411a9d2296f103ae20d30ce4662a67a93a","record_hash":"005cb4559608e964cd977693d0eeb9d3384fb2ae83ce30e14edb8c96bc43af05","signature_hex":"e83a090293c209f8a434d63a8e0e28e473913fffec5b14396e0c06c4e477b2e8565841a1001dd6de92059b0e934361f033acd94abbb491ad26c8f74b1d723e0e","public_key_hex":"c2f8243b0d573587f285c830a868acd19249d17d59ecbf9329e796dfed6fb630"}
{"seq":56,"ts":1781910120000,"agent_id":"regime","symbol":"BTCUSDT","side":"buy","price":63279.97956522,"quantity":0.03160557278528645,"notional_usd":2000.0,"fee_usd":1.2,"balance_before_usd":9903.400992330924,"balance_after_usd":9901.60113230093,"decision":"ALLOW_CAPPED","cert_hash":"b620b91bb4aa6f54f18354483bbc134220c76af3fc6cf091942ab9dc2955b152","prev_hash":"005cb4559608e964cd977693d0eeb9d3384fb2ae83ce30e14edb8c96bc43af05","record_hash":"e688d538ed20602105a735194557ac0135c22e2489aa3ef54ae98bd0f968448f","signature_hex":"680e23f1a51d580df838ca7e200133e22a22ee885de95e185f2b3fd508a6e22c582355a957f03f265a614dacd1a9764a51ef0fe76ba02614dd0a39c4919a650d","public_key_hex":"c2f8243b0d573587f285c830a868acd19249d17d59ecbf9329e796dfed6fb630"}
{"seq":57,"ts":1781910180000,"agent_id":"regime","symbol":"BTCUSDT","side":"buy","price":63274.677975114,"quantity":0.03160822091874734,"notional_usd":2000.0,"fee_usd":1.2,"balance_before_usd":9901.433681864475,"balance_after_usd":9899.63382183448,"decision":"ALLOW_CAPPED","cert_hash":"147e7af937cab4555af13fe8f5e44d7c7fe7b2b4da43db7ab2276e4b15a11ef6","prev_hash":"e688d538ed20602105a735194557ac0135c22e2489aa3ef54ae98bd0f968448f","record_hash":"10c42f9e1a9aa931618b256170bb29da44648bec49fa9a92706209fcfa1f9916","signature_hex":"730c5f4394073ab88d30f9ed09624567bb6c990fe6ba081083f0aab0f6cf85ac7cb8f5f6b1f1452cfe9ec11bec154ff75391a305585edc830f4b8945577e950e","public_key_hex":"c2f8243b0d573587f285c830a868acd19249d17d59ecbf9329e796dfed6fb630"}
{"seq":58,"ts":1781910240000,"agent_id":"regime","symbol":"BTCUSDT","side":"sell","price":63242.522815230004,"quantity":0.031624291868356046,"notional_usd":2000.0,"fee_usd":1.2,"balance_before_usd":9900.000397163252,"balance_after_usd":9898.200257133245,"decision":"ALLOW_CAPPED","cert_hash":"9dc690af90bcb925f3b488fab33769008b5b18832ea65ec6b533f1a15cb5bd83","prev_hash":"10c42f9e1a9aa931618b256170bb29da44648bec49fa9a92706209fcfa1f9916","record_hash":"fda7faa45bac26f5050daf066c47170227a29ff97d9260e750173d5ef45b0a4a","signature_hex":"355445a6ea0410b258a29ce0ab918121660ebdbe88619e8dc9b7cf3f64c709e764b9d9f3538b7e934c3939daacf64675d854eef19907ef22479ca91835688b03","public_key_hex":"c2f8243b0d573587f285c830a868acd19249d17d59ecbf9329e796dfed6fb630"}
{"seq":59,"ts":1781910300000,"agent_id":"regime","symbol":"BTCUSDT","side":"sell","price":63251.726431279494,"quantity":0.031587823555310084,"notional_usd":1997.98437408,"fee_usd":1.198790624448,"balance_before_usd":9898.49077796266,"balance_after_usd":9896.692653597253,"decision":"ALLOW","cert_hash":"0adc7df4b1e92ded66b6fa0fe27a7c74fba8ba0799e474a00122a69322c1ef5b","prev_hash":"fda7faa45bac26f5050daf066c47170227a29ff97d9260e750173d5ef45b0a4a","record_hash":"b304822c8c57c7d35e8deee52a473a278f95fe1716b5920d14e9065138308759","signature_hex":"dff73e1c8d92d0fd1035bf4999b41688c7436a0a3982a301a4fe10625abd275b319d777b50ad7d3f268ffacba51c86a25eff8439b95b8e9bac59a4ce5201390b","public_key_hex":"c2f8243b0d573587f285c830a868acd19249d17d59ecbf9329e796dfed6fb630"}
{"seq":60,"ts":1781910600000,"agent_id":"regime","symbol":"BTCUSDT","side":"buy","price":63258.9732648,"quantity":0.031616067994465626,"notional_usd":2000.0,"fee_usd":1.2,"balance_before_usd":9896.69294440399,"balance_after_usd":9894.893084373996,"decision":"ALLOW_CAPPED","cert_hash":"8cb8c61920af1283128fb62dfdfecc9993f6b425f837419894ca6c17f0680abb","prev_hash":"b304822c8c57c7d35e8deee52a473a278f95fe1716b5920d14e9065138308759","record_hash":"a83cc323a424b5fee0bb6219ca8a2bf99052d8aec524fc7b01765eea70a012ee","signature_hex":"a2a2bd8ddb39644c990808d8185f03989e32c12a76484fb34a0d8dfc31fba2fa0ae52246a8b2e31af880ab32b62bb33c2235566a756a2080da7d56ac40728c0f","public_key_hex":"c2f8243b0d573587f285c830a868acd19249d17d59ecbf9329e796dfed6fb630"}
{"seq":61,"ts":1781910660000,"agent_id":"regime","symbol":"BTCUSDT","side":"sell","price":63220.933095337095,"quantity":0.03161607775316785,"notional_usd":1998.79793637,"fee_usd":1.199278761822,"balance_before_usd":9894.88992371445,"balance_after_usd":9893.09098582007,"decision":"ALLOW","cert_hash":"f483aabc4079e9b9b2ada41abd9cd9eb946640dca9b38d18e894303d954804d8","prev_hash":"a83cc323a424b5fee0bb6219ca8a2bf99052d8aec524fc7b01765eea70a012ee","record_hash":"05d271fcc64423945b166c949fba9a6cbdb350d87e68b0f0f3c0416396496f9b","signature_hex":"0ecaa343b9e174dda8312791483c0d856ff1b811e137964a99d82ac6db12be9a11175843a70d5c88fd4b0ad514a6fae72ba7e4bc6f8b0e2c49766a3ac31da706","public_key_hex":"c2f8243b0d573587f285c830a868acd19249d17d59ecbf9329e796dfed6fb630"}
{"seq":62,"ts":1781911440000,"agent_id":"regime","symbol":"BTCUSDT","side":"sell","price":63263.31657564601,"quantity":0.03161389740938629,"notional_usd":2000.0,"fee_usd":1.2,"balance_before_usd":9893.090583770936,"balance_after_usd":9891.290443740929,"decision":"ALLOW_CAPPED","cert_hash":"77ea52eb387459bbab5728a0c963eb27cae9bad0cb55a3c91cfbc8e8d01c5f04","prev_hash":"05d271fcc64423945b166c949fba9a6cbdb350d87e68b0f0f3c0416396496f9b","record_hash":"d7b71201b7b8a7a24723e30f40eeac731cd41331299fd13dc78344df22cfaec7","signature_hex":"ac21037001a8c1392bcde51dfa21bcc963ba096fee98a9b8631296ab40783b84db34c28ad9b6d1b2e46f50b9c1e07c8d4dfdb9dfb2b5d5b0fd3dedb3e52e3c01","public_key_hex":"c2f8243b0d573587f285c830a868acd19249d17d59ecbf9329e796dfed6fb630"}
{"seq":63,"ts":1781911500000,"agent_id":"regime","symbol":"BTCUSDT","side":"buy","price":63298.9852656,"quantity":0.031596083122155595,"notional_usd":2000.0,"fee_usd":1.2,"balance_before_usd":9891.36317751424,"balance_after_usd":9889.563317484244,"decision":"ALLOW_CAPPED","cert_hash":"55940618640562d161db84f0f00b4a581a171f034c9e18a10f952202210a979e","prev_hash":"d7b71201b7b8a7a24723e30f40eeac731cd41331299fd13dc78344df22cfaec7","record_hash":"876172db63770dce27bf60bc921cdef8fc884d456e46ba7e2b2e88baef3035b6","signature_hex":"ea10c75f3a394653a8a8978d173a2cffdecb4c3bf329840e65ce22cfa6c7eb7a30183955fdf8f2f73c7dd77d2dbd1f0b207cdfa3b1f01bf24ebb307cdecb0507","public_key_hex":"c2f8243b0d573587f285c830a868acd19249d17d59ecbf9329e796dfed6fb630"}
{"seq":64,"ts":1781911560000,"agent_id":"regime","symbol":"BTCUSDT","side":"sell","price":63282.410846028004,"quantity":0.031604358513871826,"notional_usd":2000.0,"fee_usd":1.2,"balance_before_usd":9889.562733337472,"balance_after_usd":9887.762593307467,"decision":"ALLOW_CAPPED","cert_hash":"83b3ef379f379202c4002658ab8315428e5d7baf928f410ae3804fbf69f2b789","prev_hash":"876172db63770dce27bf60bc921cdef8fc884d456e46ba7e2b2e88baef3035b6","record_hash":"94e2f80379d5b82c6ac8fa2fd99e33b292f007f39c5a243fe384c8dd721938ce","signature_hex":"086f4d64116e32e828bdf74e9e6400b5c370d4ff1513ee4c7d54a177af87891230cebd480e79e58b70a8598bd6951e0a074ed816a5eea62c6c43b59360a4b403","public_key_hex":"c2f8243b0d573587f285c830a868acd19249d17d59ecbf9329e796dfed6fb630"}
{"seq":65,"ts":1781911620000,"agent_id":"regime","symbol":"BTCUSDT","side":"buy","price":63279.07929520199,"quantity":0.03160602243704968,"notional_usd":2000.0,"fee_usd":1.2,"balance_before_usd":9889.068980662767,"balance_after_usd":9887.26912063277,"decision":"ALLOW_CAPPED","cert_hash":"ba5af43f9fe776b35ae4b66339a6911a6c7cdc9a72bace1fbcb4f83da7abffc3","prev_hash":"94e2f80379d5b82c6ac8fa2fd99e33b292f007f39c5a243fe384c8dd721938ce","record_hash":"0201ee935cf7177b945ab2d6eb8cded3f614ce2771965f198b862f7ecab8b010","signature_hex":"8d53d8a0c0c6e5e8fc2b325db8a7f7be4f5c0abd00fd718b6a954dfb99e5c641726eda2c7b157b2d61446792593c681b5745f2521224f496510642610e84c30c","public_key_hex":"c2f8243b0d573587f285c830a868acd19249d17d59ecbf9329e796dfed6fb630"}
{"seq":66,"ts":1781913300000,"agent_id":"regime","symbol":"BTCUSDT","side":"sell","price":63341.99296722,"quantity":0.03157463013573028,"notional_usd":2000.0,"fee_usd":1.2,"balance_before_usd":9887.266534297887,"balance_after_usd":9885.46639426788,"decision":"ALLOW_CAPPED","cert_hash":"32004babeb0a36afa7f45204266f32721b2029967c35c37faefe74b2cde2ff84","prev_hash":"0201ee935cf7177b945ab2d6eb8cded3f614ce2771965f198b862f7ecab8b010","record_hash":"bb17ba0415728a6158aa77447d6b53feabe4376f159e9883cbd5c7191b987471","signature_hex":"e7af6438bffc82e9e8fc35b8f5dc53a4f62907e46a96a1ca12086a0f6e807b6b4e156bfe026827735e41f137457415bdbfaef943234d55baf48995a106d8770e","public_key_hex":"c2f8243b0d573587f285c830a868acd19249d17d59ecbf9329e796dfed6fb630"}
{"seq":67,"ts":1781913360000,"agent_id":"regime","symbol":"BTCUSDT","side":"sell","price":63600.215482386004,"quantity":0.03144643433722166,"notional_usd":2000.0,"fee_usd":1.2,"balance_before_usd":9877.304046389045,"balance_after_usd":9875.50390635904,"decision":"ALLOW_CAPPED","cert_hash":"2c882bf125e69ab5abdc6abfaf37d5cf54340561512dd6c74968bd73b9dc6898","prev_hash":"bb17ba0415728a6158aa77447d6b53feabe4376f159e9883cbd5c7191b987471","record_hash":"fb058fc7f6c2dd0f6648fed89d5a30a795e46fd6a6f6f93a1b092e9fb659477d","signature_hex":"f3cdc85dc3a67799cf78ab7854f5f7d73dda05d4ace64278eeb0a178e46a009756bd34ae4cceaba2dbc7d041aa59f7220fed16a646218f3fb5bcee1ef9cd8f0e","public_key_hex":"c2f8243b0d573587f285c830a868acd19249d17d59ecbf9329e796dfed6fb630"}
{"seq":68,"ts":1781913420000,"agent_id":"regime","symbol":"BTCUSDT","side":"sell","price":63549.7867520169,"quantity":0.030203562457101124,"notional_usd":1919.4299533,"fee_usd":1.15165797198,"balance_before_usd":9878.700373903424,"balance_after_usd":9876.980488820966,"decision":"ALLOW","cert_hash":"50e82c0bae21d1920f4846a50ceecd28dc8ec952551db64d71e0f711d233743a","prev_hash":"fb058fc7f6c2dd0f6648fed89d5a30a795e46fd6a6f6f93a1b092e9fb659477d","record_hash":"88282dff8f4987d01ad78589a76e602fb0895fbdd681db6b870b86d56e510faa","signature_hex":"5f6c8295f5c702fe788056bd009325dfa8efafd122d7eb5ca7a6568712e0012e5d29634e0e1e32da6fbce8517c83502b739a6d88efc3e6d55cf80f0c0ab7530c","public_key_hex":"c2f8243b0d573587f285c830a868acd19249d17d59ecbf9329e796dfed6fb630"}
{"seq":69,"ts":1781913540000,"agent_id":"regime","symbol":"BTCUSDT","side":"buy","price":63531.855110256,"quantity":0.031480270748101266,"notional_usd":2000.0,"fee_usd":1.2,"balance_before_usd":9882.183853305809,"balance_after_usd":9880.383993275815,"decision":"ALLOW_CAPPED","cert_hash":"19becce4b2af70ffd56e01346b402ff7af9307b5e88ede211ebe2c688ca07f28","prev_hash":"88282dff8f4987d01ad78589a76e602fb0895fbdd681db6b870b86d56e510faa","record_hash":"f8e8b23613f833030108e70897648443a49a1231e762db46e95703b33e5fb838","signature_hex":"e6ea1e7a8ae5fbaa147050920a4dfc342d10735256c8aa972f2a72b1bd0613e580bc4c9927c1ecd97eb500e7307cd778cbaf57e5dca8de024426ddc0a7aac70d","public_key_hex":"c2f8243b0d573587f285c830a868acd19249d17d59ecbf9329e796dfed6fb630"}
{"seq":70,"ts":1781913600000,"agent_id":"regime","symbol":"BTCUSDT","side":"sell","price":63557.43229513527,"quantity":0.0314479326732176,"notional_usd":1998.7498517,"fee_usd":1.19924991102,"balance_before_usd":9876.449244986903,"balance_after_usd":9874.650355177066,"decision":"ALLOW","cert_hash":"5458171c66d9637191522ccc1b9f00dd191c4239434bde4ec359f9da782db225","prev_hash":"f8e8b23613f833030108e70897648443a49a1231e762db46e95703b33e5fb838","record_hash":"830d00505f91bdf2a6f69c5cdb88bb120579e60a56e937bc35e8856f7e234415","signature_hex":"05953d563497fdcb12da280e9c872ae0b2683c0c9f9a9dd2d9040152c38eabb0acf6949cfaa483419cafdfb90a0fbe5aecfeb3838b6fd8f7d50c651c2386de01","public_key_hex":"c2f8243b0d573587f285c830a868acd19249d17d59ecbf9329e796dfed6fb630"}
{"seq":71,"ts":1781913660000,"agent_id":"regime","symbol":"BTCUSDT","side":"buy","price":63572.56732107,"quantity":0.031460110614993764,"notional_usd":2000.0,"fee_usd":1.2,"balance_before_usd":9876.794367371798,"balance_after_usd":9874.994507341804,"decision":"ALLOW_CAPPED","cert_hash":"d557b38bb62c166b524fbe787e468769493379d4e97b1ba5681739295cb07872","prev_hash":"830d00505f91bdf2a6f69c5cdb88bb120579e60a56e937bc35e8856f7e234415","record_hash":"21c9464ed6f059fc9c1ae379a774ddbd43cf8bd0c75d52327600ae8eb4fe7d76","signature_hex":"25849b6ba5e9bd94610c854693c7db2a802dd63935a113a073a4826d35fde9b94288a73220e29711e6777ff0e4264f03f4eaaea36355402eed1a66fc45b42107","public_key_hex":"c2f8243b0d573587f285c830a868acd19249d17d59ecbf9329e796dfed6fb630"}
{"seq":72,"ts":1781913720000,"agent_id":"regime","symbol":"BTCUSDT","side":"buy","price":63564.0647709,"quantity":0.031464318828704166,"notional_usd":2000.0,"fee_usd":1.2,"balance_before_usd":9875.519448734412,"balance_after_usd":9873.719588704418,"decision":"ALLOW_CAPPED","cert_hash":"b9c50b3dc15cccdcdb300b5f5940834dfb8a6315f8c924f94ba0dfc8c049bf41","prev_hash":"21c9464ed6f059fc9c1ae379a774ddbd43cf8bd0c75d52327600ae8eb4fe7d76","record_hash":"36744c51fdee60a57ebee617cf28d0be9aae4afa29b019b9f019d70f2ec39bc1","signature_hex":"9db972bac497920949c261665c227b8d5ef3b38c9e7bfa2102e0d8a37bac823fb78505819abdb64e63993d5a0a6a40f0af3e400d400cc3a645235828e9cf8807","public_key_hex":"c2f8243b0d573587f285c830a868acd19249d17d59ecbf9329e796dfed6fb630"}
{"seq":73,"ts":1781913780000,"agent_id":"regime","symbol":"BTCUSDT","side":"buy","price":63561.42551111096,"quantity":0.030284519793274775,"notional_usd":1924.92724898,"fee_usd":1.154956349388,"balance_before_usd":9873.792293085378,"balance_after_usd":9872.06721517213,"decision":"ALLOW","cert_hash":"9004a2889b4bcd8ae8f72f2f2c0dac6ab316b61c036537b371762f407cdadd3f","prev_hash":"36744c51fdee60a57ebee617cf28d0be9aae4afa29b019b9f019d70f2ec39bc1","record_hash":"18bf802664e211f6de90872a9615a1b95070a9e33a69cacf51d0ef0c29ba05c5","signature_hex":"6ecf1072d7de32c29730688e7666f32972cbd2b19789b38970110c9dd405882b25b65652c67280f0a8f1d07ac4ba40567889aae47d948390d4a6f037dca9e20a","public_key_hex":"c2f8243b0d573587f285c830a868acd19249d17d59ecbf9329e796dfed6fb630"}
{"seq":74,"ts":1781915100000,"agent_id":"regime","symbol":"BTCUSDT","side":"sell","price":63530.836300998,"quantity":0.03148077557997741,"notional_usd":2000.0,"fee_usd":1.2,"balance_before_usd":9872.067149674536,"balance_after_usd":9870.267009644529,"decision":"ALLOW_CAPPED","cert_hash":"42a8a7161172a6d9143f761f679cfd07c1272f2bb013c9604afc06108b5023fc","prev_hash":"18bf802664e211f6de90872a9615a1b95070a9e33a69cacf51d0ef0c29ba05c5","record_hash":"770e2c36438bebf906c10e9346dcb7f3fc22ed30bd74cecc757dd23ae99fb7a9","signature_hex":"75b5cc226b0ce39553f0632123f76f12d2d731ffdf900f90cfb71545a1eb48a2bf075baa51d4d1e61ba1e37d3e1d22a3ce43cb3e4d091c755c72d70b5c242b04","public_key_hex":"c2f8243b0d573587f285c830a868acd19249d17d59ecbf9329e796dfed6fb630"}
{"seq":75,"ts":1781915160000,"agent_id":"regime","symbol":"BTCUSDT","side":"buy","price":63529.053996718125,"quantity":0.03148030326806558,"notional_usd":1999.91388615,"fee_usd":1.1999483316900001,"balance_before_usd":9871.523450583869,"balance_after_usd":9869.723676657024,"decision":"ALLOW","cert_hash":"e166b7414fb04b73630c9b3ec8a56edb1e4acb7fdac4adce5fb8ece84a5d8e3e","prev_hash":"770e2c36438bebf906c10e9346dcb7f3fc22ed30bd74cecc757dd23ae99fb7a9","record_hash":"42681d5dac0e71b0fd9660119843ef6f7534121ce42cba83a5947ee3247e0211","signature_hex":"4e797d2f9f83ad7dd8ee40b81efa9576be5e9728aff40cdc90b9e0d3f72a8b5b87d8cb83526f0b41de96f7984ab6e4c817d66c79e98f5305722bc5a1f509f809","public_key_hex":"c2f8243b0d573587f285c830a868acd19249d17d59ecbf9329e796dfed6fb630"}
{"seq":76,"ts":1781915220000,"agent_id":"regime","symbol":"BTCUSDT","side":"sell","price":63545.631861294,"quantity":0.03147344579664509,"notional_usd":2000.0,"fee_usd":1.2,"balance_before_usd":9869.723160038222,"balance_after_usd":9867.923020008215,"decision":"ALLOW_CAPPED","cert_hash":"e19783fba03195b7df43f93773b896ef84607e90ada7275d6a686f069f4cf1b1","prev_hash":"42681d5dac0e71b0fd9660119843ef6f7534121ce42cba83a5947ee3247e0211","record_hash":"972756341905117f45ae4a34ab3a8ad2f73df58510b1de0632924546bbf96643","signature_hex":"373ec3e92676fe153f04775fbc074e0507adbc4767ff8efc3203a582b7f2d8a9a0c766c54827b9e8b84205913e4c9c63286359f8969dad96127ee7b708d3520d","public_key_hex":"c2f8243b0d573587f285c830a868acd19249d17d59ecbf9329e796dfed6fb630"}
{"seq":77,"ts":1781915280000,"agent_id":"regime","symbol":"BTCUSDT","side":"sell","price":63589.518692172,"quantity":0.03145172413840277,"notional_usd":2000.0,"fee_usd":1.2,"balance_before_usd":9866.540921120457,"balance_after_usd":9864.74078109045,"decision":"ALLOW_CAPPED","cert_hash":"07ad28374ae0528c9b0c306d28b3b66504133304a14ef47c79c01e533fa0816a","prev_hash":"972756341905117f45ae4a34ab3a8ad2f73df58510b1de0632924546bbf96643","record_hash":"8cb26cfd898464665fd76ba3016c55cde98f27386db555605e2bda4c5d80d779","signature_hex":"a69a11c4c5d076b92c943f7f033b2387bba219241d51888a4a53bd1c0c08e698cebf4827f68da2c14cd93a20b7acc77b8ab69af50a0d1e3933b062e0c64bf90c","public_key_hex":"c2f8243b0d573587f285c830a868acd19249d17d59ecbf9329e796dfed6fb630"}
{"seq":78,"ts":1781915340000,"agent_id":"regime","symbol":"BTCUSDT","side":"buy","price":63605.07707172,"quantity":0.03144403076101667,"notional_usd":2000.0,"fee_usd":1.2,"balance_before_usd":9866.163103378605,"balance_after_usd":9864.36324334861,"decision":"ALLOW_CAPPED","cert_hash":"e31e0c97ffa9b010c42d81c89683a09cd8b3f7beb92872dcbe44536b5b78cbcc","prev_hash":"8cb26cfd898464665fd76ba3016c55cde98f27386db555605e2bda4c5d80d779","record_hash":"29d265e64d82bd6d4e6a8d9ee0ed0cd5bbbbcf6652a61d86f7b4a9b9568ef9d9","signature_hex":"3cc244f69d13168656a8acfe86288772627717c11b16deffa0e0a71bd3c12d7c0a7ee3bffcef66814ec001d7039b2e3a6994cda25da48aa5423a871264860207","public_key_hex":"c2f8243b0d573587f285c830a868acd19249d17d59ecbf9329e796dfed6fb630"}
{"seq":79,"ts":1781915400000,"agent_id":"regime","symbol":"BTCUSDT","side":"buy","price":63574.667951111995,"quantity":0.03145907111206576,"notional_usd":2000.0,"fee_usd":1.2,"balance_before_usd":9865.320557094887,"balance_after_usd":9863.520697064892,"decision":"ALLOW_CAPPED","cert_hash":"9876314f6dafb99799a31b9254ba277e5b9719785ce48ad06927ede189b2e425","prev_hash":"29d265e64d82bd6d4e6a8d9ee0ed0cd5bbbbcf6652a61d86f7b4a9b9568ef9d9","record_hash":"ec3203d2d37c6895cfe6a47673e3602a3e1be771c10e2b68d38d27bcdd08f64d","signature_hex":"508a7069ef00eced8993b7c2a8e4e639d29e22695005d6cc22604a96897e4fb259f9014e2ad0b8b012dfd6844dfc94e500d821ccae9391fdb087f92e6c6fbc0a","public_key_hex":"c2f8243b0d573587f285c830a868acd19249d17d59ecbf9329e796dfed6fb630"}
{"seq":80,"ts":1781915520000,"agent_id":"regime","symbol":"BTCUSDT","side":"sell","price":63607.013442522,"quantity":0.03144307351904338,"notional_usd":2000.0,"fee_usd":1.2,"balance_before_usd":9863.518475423276,"balance_after_usd":9861.71833539327,"decision":"ALLOW_CAPPED","cert_hash":"c6c205d16d6a5d2d81efa5380d2fe465800229283395a8fb2970809e7de71583","prev_hash":"ec3203d2d37c6895cfe6a47673e3602a3e1be771c10e2b68d38d27bcdd08f64d","record_hash":"8e83fbdd4b1ecd57c7cbcd77463ba37d12d5db37e09bdf26fb7f8c4976bbd34c","signature_hex":"0165675c80c0cf3e22511fe347d5612b533ab8fd48322add65c458c8f8391163270e2cf00a30299cc4b2077b8dabc77d888a9a39cb4113f03b0da60a26f05108","public_key_hex":"c2f8243b0d573587f285c830a868acd19249d17d59ecbf9329e796dfed6fb630"}
{"seq":81,"ts":1781915580000,"agent_id":"regime","symbol":"BTCUSDT","side":"sell","price":63629.006842962,"quantity":0.031432205203768944,"notional_usd":2000.0,"fee_usd":1.2,"balance_before_usd":9861.025894497616,"balance_after_usd":9859.225754467609,"decision":"ALLOW_CAPPED","cert_hash":"e69f96045dbdacb2d4db5312fe92dfbf6ae0c86859242bce3eb6c88ca6dfbbac","prev_hash":"8e83fbdd4b1ecd57c7cbcd77463ba37d12d5db37e09bdf26fb7f8c4976bbd34c","record_hash":"e62e246a48a73f81831a2629aac50543b6fa50f5fde320efeac167721ddd786d","signature_hex":"8742fcdf5201321945a75c0e535445d2854b8e3dc771b097c0dd2d379933f970fb6977da05df65adb4ccd272b6009599d253533b59c3820aacf54209384e9004","public_key_hex":"c2f8243b0d573587f285c830a868acd19249d17d59ecbf9329e796dfed6fb630"}
{"seq":82,"ts":1781915640000,"agent_id":"regime","symbol":"BTCUSDT","side":"sell","price":63725.59044640842,"quantity":0.02984585961709506,"notional_usd":1901.94502648,"fee_usd":1.141167015888,"balance_before_usd":9853.167830458693,"balance_after_usd":9851.46527614685,"decision":"ALLOW","cert_hash":"efc864b9e35f18360af1a1dc9631d419e10581b4b99f09aeb536167a704fd531","prev_hash":"e62e246a48a73f81831a2629aac50543b6fa50f5fde320efeac167721ddd786d","record_hash":"1a7d24caa82892457e10796fec8ac509d3ff5892323aea4b465a164e63a577b2","signature_hex":"8c1df7e5b4d3aa7fd1c3cc368b0b7692ab261d24fd788fe47fd01acdaf28fb0716dc102476a049cd1378b0068d7d49c6c0d14e3d0410ce9c350d2dd61bfb470e","public_key_hex":"c2f8243b0d573587f285c830a868acd19249d17d59ecbf9329e796dfed6fb630"}
{"seq":83,"ts":1781915700000,"agent_id":"regime","symbol":"BTCUSDT","side":"buy","price":63696.504493548004,"quantity":0.031398897253499765,"notional_usd":2000.0,"fee_usd":1.2,"balance_before_usd":9857.679703762975,"balance_after_usd":9855.87984373298,"decision":"ALLOW_CAPPED","cert_hash":"76694d88fbe80cf2ab32e3320252da630e98648ac37dc20c8d5115e2ae240cc8","prev_hash":"1a7d24caa82892457e10796fec8ac509d3ff5892323aea4b465a164e63a577b2","record_hash":"f7033f8adbd30acc260963c16039ecb67831ec2d73c4707d6466721a710cb0f7","signature_hex":"216e4d490c16fe7cb8c19c18074c6a806a9608125d5b59ebe60111dcc652cc9b61fbe0a89a64bde9dec7ea133e9d50a08379ce7c929d7bd03d9b5829773b6202","public_key_hex":"c2f8243b0d573587f285c830a868acd19249d17d59ecbf9329e796dfed6fb630"}
{"seq":84,"ts":1781915760000,"agent_id":"regime","symbol":"BTCUSDT","side":"buy","price":63691.402963445995,"quantity":0.03140141223059331,"notional_usd":2000.0,"fee_usd":1.2,"balance_before_usd":9856.19274787702,"balance_after_usd":9854.392887847027,"decision":"ALLOW_CAPPED","cert_hash":"b51abf298026fc3f7e9cf596df35d16f1e51190a6e0ffc8f837f9d9b0127c690","prev_hash":"f7033f8adbd30acc260963c16039ecb67831ec2d73c4707d6466721a710cb0f7","record_hash":"d49878a0ec028a6435d3ea6655f0de75626035a8bd00c3b52bdb4755645858c9","signature_hex":"ff26f96e705f938baaca34736f59b052d95503b3d9e437817c2e2f224636a6ecba1d6b0c618111381742959ec1c6984ba9f17afcc48e1be4e8f66a501c65cb0b","public_key_hex":"c2f8243b0d573587f285c830a868acd19249d17d59ecbf9329e796dfed6fb630"}
{"seq":85,"ts":1781915820000,"agent_id":"regime","symbol":"BTCUSDT","side":"buy","price":63631.383963809014,"quantity":0.029943499581333716,"notional_usd":1905.34631908,"fee_usd":1.1432077914479999,"balance_before_usd":9856.181042634746,"balance_after_usd":9854.475377230847,"decision":"ALLOW","cert_hash":"268917ca59c8c652871266fabc8091a594d942cada9f2c7afce50a1a14ac8782","prev_hash":"d49878a0ec028a6435d3ea6655f0de75626035a8bd00c3b52bdb4755645858c9","record_hash":"7cdd035d7c8f0ad9e3dab113aff9261c67ecd72b8783c43b78d6d9f46353d0c5","signature_hex":"6d32fe8e434e5dc7bfde31c1346ee02556f23885fbd0423f29902be75b3a7176546ca9b4586b3abd43a34b7de52bd50aed4d889c3d78721f14146922ee6e1e0a","public_key_hex":"c2f8243b0d573587f285c830a868acd19249d17d59ecbf9329e796dfed6fb630"}
{"seq":86,"ts":1781917620000,"agent_id":"regime","symbol":"BTCUSDT","side":"buy","price":63440.127598422,"quantity":0.03152578778939511,"notional_usd":2000.0,"fee_usd":1.2,"balance_before_usd":9854.477070458815,"balance_after_usd":9852.677210428823,"decision":"ALLOW_CAPPED","cert_hash":"7f7dc9b1dce1d236bc24eecad2f3b8d704ff95d897bf74c6f5fb1d485a5e0378","prev_hash":"7cdd035d7c8f0ad9e3dab113aff9261c67ecd72b8783c43b78d6d9f46353d0c5","record_hash":"bd3ffeda7cc56cbee5efab0dacb0e5d83ec2a4fa4e9f7e199d97d8b351e3f902","signature_hex":"5193495e1a8281f06546560690a4b2ddd66035327dfa40fdc6012cad0be285eb86ecca2860ca335673c09e7c31a996b477fe81f5d1c9d4051ff427629ad0a400","public_key_hex":"c2f8243b0d573587f285c830a868acd19249d17d59ecbf9329e796dfed6fb630"}
{"seq":87,"ts":1781917680000,"agent_id":"regime","symbol":"BTCUSDT","side":"buy","price":63431.02486824,"quantity":0.03153031192786864,"notional_usd":2000.0,"fee_usd":1.2,"balance_before_usd":9852.390406221424,"balance_after_usd":9850.590546191432,"decision":"ALLOW_CAPPED","cert_hash":"928df60cad75dd1b37ac66bf599fe1c49394035b51d4d5b9a72056550bef047c","prev_hash":"bd3ffeda7cc56cbee5efab0dacb0e5d83ec2a4fa4e9f7e199d97d8b351e3f902","record_hash":"654f74fe0439236561ec100c39a11da8f75814fb8fa06df14683429121c2194b","signature_hex":"5fdf5822ad3d4ba29e20b965705c06597ec51ab097163b3eb89a15ba62eb0448d13a1f6e9f4f2abce4eb1796b1aed0b1130e9b7400efde12b5f9dd795737c40d","public_key_hex":"c2f8243b0d573587f285c830a868acd19249d17d59ecbf9329e796dfed6fb630"}
{"seq":88,"ts":1781917740000,"agent_id":"regime","symbol":"BTCUSDT","side":"buy","price":63432.74753237104,"quantity":0.03014769583461741,"notional_usd":1912.35117856,"fee_usd":1.147410707136,"balance_before_usd":9850.716640707024,"balance_after_usd":9849.004035096315,"decision":"ALLOW","cert_hash":"7cfa3f69a77d022b3d58e105b1901adee31601af49a1b2e3656e38425f85edec","prev_hash":"654f74fe0439236561ec100c39a11da8f75814fb8fa06df14683429121c2194b","record_hash":"1b7711f62c85e847017f518604f6fdc63ae05202afb65d7d37ff8ef82c17ebac","signature_hex":"782e3453ddacb12db59271826e67d2c178daabae1dd6b1b799972bb60ddd205bee2b3bf576839f41487d1d051fe69d4e9553e9aefde2f333df557a1369b3e90f","public_key_hex":"c2f8243b0d573587f285c830a868acd19249d17d59ecbf9329e796dfed6fb630"}
{"seq":89,"ts":1781917860000,"agent_id":"regime","symbol":"BTCUSDT","side":"sell","price":63393.077638242,"quantity":0.03154918603909989,"notional_usd":2000.0,"fee_usd":1.2,"balance_before_usd":9848.826964684418,"balance_after_usd":9847.026824654413,"decision":"ALLOW_CAPPED","cert_hash":"55911e5b1cf05eea1864c914cde26cd45b80388a4cc5312fab7a9e87fe740d8d","prev_hash":"1b7711f62c85e847017f518604f6fdc63ae05202afb65d7d37ff8ef82c17ebac","record_hash":"04501cee3643f0e7d7fe15db31d8916a7b1e2931c483e17024bb6ebd4e36bcd0","signature_hex":"2048a8f676c320654f73f0c126e23a4ae73a3a7e62e8555102af9c53edf0f0007bf97ae8a7c73294739e5b0c7eefc40d85d29ab0a45be5837724e363bc538e0f","public_key_hex":"c2f8243b0d573587f285c830a868acd19249d17d59ecbf9329e796dfed6fb630"}
{"seq":90,"ts":1781917920000,"agent_id":"regime","symbol":"BTCUSDT","side":"sell","price":63404.074338462,"quantity":0.03154371419924296,"notional_usd":2000.0,"fee_usd":1.2,"balance_before_usd":9847.704928097915,"balance_after_usd":9845.90478806791,"decision":"ALLOW_CAPPED","cert_hash":"e0f5e8582333999364db897e7597f39f3ed954d60d2b6f27f760b88f396c5a2e","prev_hash":"04501cee3643f0e7d7fe15db31d8916a7b1e2931c483e17024bb6ebd4e36bcd0","record_hash":"3d38fa62676fb92915ea96c04c2e60396c1ebea6941a3a9dcf7dee1d0abc3c2d","signature_hex":"7997345fa80c00eab3bcbf5a9f566718357a2c25a914825f4963b20ac0cb16441dac9e74718098715ea2606248d7e5502d50f144a7db2b74d03f9f573b04db0f","public_key_hex":"c2f8243b0d573587f285c830a868acd19249d17d59ecbf9329e796dfed6fb630"}
{"seq":91,"ts":1781917980000,"agent_id":"regime","symbol":"BTCUSDT","side":"sell","price":63396.36548680448,"quantity":0.030110948970053016,"notional_usd":1908.92472606,"fee_usd":1.145354835636,"balance_before_usd":9845.663971640774,"balance_after_usd":9843.95450283433,"decision":"ALLOW","cert_hash":"0692ec01f7c6ded076b6c2cfc8719aebe8307afbdef521a836f9c0d412cb1bda","prev_hash":"3d38fa62676fb92915ea96c04c2e60396c1ebea6941a3a9dcf7dee1d0abc3c2d","record_hash":"a811b1d3dd5a140a20c3c0addea0599661e3d7d70e127401fae28e69b6b33670","signature_hex":"844fdb3b9d471c0a8047b14d29a048191948143af2b59e35900b44a6d515673d962aed4189844c684de9dbacf0c2da2d18d25b3050358adcd330050167acb308","public_key_hex":"c2f8243b0d573587f285c830a868acd19249d17d59ecbf9329e796dfed6fb630"}
{"seq":92,"ts":1781919000000,"agent_id":"regime","symbol":"BTCUSDT","side":"sell","price":63462.356849628,"quantity":0.0315147451069133,"notional_usd":2000.0,"fee_usd":1.2,"balance_before_usd":9843.953913057505,"balance_after_usd":9842.1537730275,"decision":"ALLOW_CAPPED","cert_hash":"f4fcf27407ac9e625ce580f0a135ce4927e792ea18da19e847d92554162a411b","prev_hash":"a811b1d3dd5a140a20c3c0addea0599661e3d7d70e127401fae28e69b6b33670","record_hash":"ccdf7e457face8863e203a817065d37800d4c3b417ead816f7e226e50c839319","signature_hex":"4213f20a21dff038b07b5980c5822dcc1934540be23d77d5ac660f96ad347b843d333514917ab2827c203eec969024465acadc71116ff3824e62c0f556b08c04","public_key_hex":"c2f8243b0d573587f285c830a868acd19249d17d59ecbf9329e796dfed6fb630"}
{"seq":93,"ts":1781919060000,"agent_id":"regime","symbol":"BTCUSDT","side":"buy","price":63508.04796978,"quantity":0.03149207169698698,"notional_usd":2000.0,"fee_usd":1.2,"balance_before_usd":9841.914193358294,"balance_after_usd":9840.114333328298,"decision":"ALLOW_CAPPED","cert_hash":"26b864cece8e36db9ff9a7d727f75e2d7d0920f86ed1cf88aec8fc1133a19a2c","prev_hash":"ccdf7e457face8863e203a817065d37800d4c3b417ead816f7e226e50c839319","record_hash":"ec2611239fe90cf2f588160049da84a7dae9c9c346c3b9fbbbdf1f322b558abd","signature_hex":"9b2e60e14953df380c45714c1446350dcf4c8ac82247c9f2893b825465c3e0a40b9a70b312644f0acae3a9c9e6d864c76cd88b23440dcd1eef1b7a12fccdf10d","public_key_hex":"c2f8243b0d573587f285c830a868acd19249d17d59ecbf9329e796dfed6fb630"}
{"seq":94,"ts":1781919120000,"agent_id":"regime","symbol":"BTCUSDT","side":"sell","price":63501.845000418005,"quantity":0.03149514789667662,"notional_usd":2000.0,"fee_usd":1.2,"balance_before_usd":9840.113326277584,"balance_after_usd":9838.313186247577,"decision":"ALLOW_CAPPED","cert_hash":"15ba219057317dc1e027760ab75007ddec02990fdaf82a0ac9d516a1856a381d","prev_hash":"ec2611239fe90cf2f588160049da84a7dae9c9c346c3b9fbbbdf1f322b558abd","record_hash":"8580f44a827bc1d11482b680ddfb91d97a4b00474d22a3e7b3a2eef7fcfdf343","signature_hex":"29449a8c5e7c43cdf631047e83a5c687640aaf522a69819d7198645d6f99755ecb67c57f0e9cca1ce055b68ae58e74d02c252b3aa50707b2dbd776a71ad47809","public_key_hex":"c2f8243b0d573587f285c830a868acd19249d17d59ecbf9329e796dfed6fb630"}
{"seq":95,"ts":1781919180000,"agent_id":"regime","symbol":"BTCUSDT","side":"sell","price":63566.525591712,"quantity":0.031463100765424974,"notional_usd":2000.0,"fee_usd":1.2,"balance_before_usd":9836.273407665141,"balance_after_usd":9834.473267635134,"decision":"ALLOW_CAPPED","cert_hash":"49de73e0d911d0c4385df172dcc243146f07cc529dc1d6a720dd15b11e016512","prev_hash":"8580f44a827bc1d11482b680ddfb91d97a4b00474d22a3e7b3a2eef7fcfdf343","record_hash":"48da8e4d9365817dd44a6e73ef66d96f5ab94c77fe329aebda3e44979248f128","signature_hex":"d131c4a75390a4ec71836bdf3c3099e9cb4c14a8f76d4e4a934ab3a658946b51f7611d00cd72d81c807e43792fb79be124f67c8daf3067dcbb3c9b3cf58b1c0e","public_key_hex":"c2f8243b0d573587f285c830a868acd19249d17d59ecbf9329e796dfed6fb630"}
{"seq":96,"ts":1781919240000,"agent_id":"regime","symbol":"BTCUSDT","side":"buy","price":63564.865010916,"quantity":0.03146392271353899,"notional_usd":2000.0,"fee_usd":1.2,"balance_before_usd":9836.980262377605,"balance_after_usd":9835.18040234761,"decision":"ALLOW_CAPPED","cert_hash":"9a104ee50eeccd0eb29246df6e757f24ac3d6eaaa84af7d59aa4571d3d08f8f6","prev_hash":"48da8e4d9365817dd44a6e73ef66d96f5ab94c77fe329aebda3e44979248f128","record_hash":"25363050e4a8ada5d20017c93f41ee457e8183afb3e2d3dc89e19bfb3f8b9eeb","signature_hex":"b02f19e88e41aac767f08185ff4a570e3c5a0a5303d5fd4ffb043bd2b4a44de66f376acaca38cdcf563492194ed26d3d5daa8a7aadeac46301ba28f89e904709","public_key_hex":"c2f8243b0d573587f285c830a868acd19249d17d59ecbf9329e796dfed6fb630"}
{"seq":97,"ts":1781919300000,"agent_id":"regime","symbol":"BTCUSDT","side":"buy","price":63555.462190728,"quantity":0.031468577696721976,"notional_usd":2000.0,"fee_usd":1.2,"balance_before_usd":9835.476745760014,"balance_after_usd":9833.67688573002,"decision":"ALLOW_CAPPED","cert_hash":"91402967ede7b45d9d08de99adc0765f2354a52a8981ff3af2b9264083eb9e50","prev_hash":"25363050e4a8ada5d20017c93f41ee457e8183afb3e2d3dc89e19bfb3f8b9eeb","record_hash":"e4f7da1ab9637768c2a23caa155ec8176d292f53558fe7521429c2bcb3f6075c","signature_hex":"ade065ac806e98f2361df86702c281d7c696997d317731780bd9f8a12a58ccc3b5403041098c22f2f1347a3260f5655227612fb1cc955599dce0c01bf2ae2a00","public_key_hex":"c2f8243b0d573587f285c830a868acd19249d17d59ecbf9329e796dfed6fb630"}
{"seq":98,"ts":1781921100000,"agent_id":"regime","symbol":"BTCUSDT","side":"buy","price":63482.840409276,"quantity":0.03150457646674177,"notional_usd":2000.0,"fee_usd":1.2,"balance_before_usd":9833.681046961628,"balance_after_usd":9831.881186931634,"decision":"ALLOW_CAPPED","cert_hash":"00ba25be03e5f1629bc62909d92ae05b3d4b16ec16590afc971f83ba83a77f8c","prev_hash":"e4f7da1ab9637768c2a23caa155ec8176d292f53558fe7521429c2bcb3f6075c","record_hash":"919879932d54b426a238fbd8ae33bc80471b6a9a72d0eba1a261d19cffb8c0bf","signature_hex":"f4c7b4f43c32877babc1929cfb4e81f667b03b97dec04aa94acada5610843866736f2107b24acb2e5eac61ba5a24c5bba0df6a11fa1a9706585452ee0745e90e","public_key_hex":"c2f8243b0d573587f285c830a868acd19249d17d59ecbf9329e796dfed6fb630"}
{"seq":99,"ts":1781921160000,"agent_id":"regime","symbol":"BTCUSDT","side":"buy","price":63469.836509016,"quantity":0.03151103122371989,"notional_usd":2000.0,"fee_usd":1.2,"balance_before_usd":9831.472372561684,"balance_after_usd":9829.672512531692,"decision":"ALLOW_CAPPED","cert_hash":"7d2ae8365aef6866a65d520b28e4ee63d5a35c094d6c80de42777c8d9c7a7aaf","prev_hash":"919879932d54b426a238fbd8ae33bc80471b6a9a72d0eba1a261d19cffb8c0bf","record_hash":"2c3176f23b60f3e2b811812f5281ab363f0ac05ce8664e0803fc4606c7a319c7","signature_hex":"f56fcb53e11dcd68ad54470de7a723f033284ea916d3aad3a03da26e27a5a2c8f6cc6923f28d0cf3246bb66e63e86b1e6dc4c0842d7db2783ffdfd23f57fff03","public_key_hex":"c2f8243b0d573587f285c830a868acd19249d17d59ecbf9329e796dfed6fb630"}
{"seq":100,"ts":1781921220000,"agent_id":"regime","symbol":"BTCUSDT","side":"sell","price":63459.557689572,"quantity":0.03151613520194217,"notional_usd":2000.0,"fee_usd":1.2,"balance_before_usd":9831.42275300622,"balance_after_usd":9829.622612976213,"decision":"ALLOW_CAPPED","cert_hash":"fa77a9db138b4dac5e916f28c3075f1dabd55fdfc74cf18c5c38adf84dff6f49","prev_hash":"2c3176f23b60f3e2b811812f5281ab363f0ac05ce8664e0803fc4606c7a319c7","record_hash":"4ec855e1f9df3fa813971457e012b0d16997c698172e792cf663beda10d46ea1","signature_hex":"047e70fc63663acc59bfbad2fcbc421ddb055412c5030f6c386b266ab42ef6da55a4aacc123ed3fa4b78b4bbeebb66db23f79118040b47e921e5a39bb77ea10a","public_key_hex":"c2f8243b0d573587f285c830a868acd19249d17d59ecbf9329e796dfed6fb630"}
{"seq":101,"ts":1781921280000,"agent_id":"regime","symbol":"BTCUSDT","side":"buy","price":63475.238129123994,"quantity":0.031508349695853304,"notional_usd":2000.0,"fee_usd":1.2,"balance_before_usd":9828.918308698641,"balance_after_usd":9827.118448668647,"decision":"ALLOW_CAPPED","cert_hash":"569789e785f75f3cecb1ae70cd852a3a71d7b02409e573fc72dadcd16cfde50d","prev_hash":"4ec855e1f9df3fa813971457e012b0d16997c698172e792cf663beda10d46ea1","record_hash":"dd8e309a73d688f20b69c6816e516e827934084861cf376e92213e262c4276f6","signature_hex":"2e6945594c3646d047eb8b71072f7564408d3d1ee16e72e853000836f423819d101a3296c05be0341277cad9bca4a32c03d9d83d19b20b84566a5a31692d570c","public_key_hex":"c2f8243b0d573587f285c830a868acd19249d17d59ecbf9329e796dfed6fb630"}
{"seq":102,"ts":1781921340000,"agent_id":"regime","symbol":"BTCUSDT","side":"sell","price":63440.9632692,"quantity":0.03152537251859449,"notional_usd":2000.0,"fee_usd":1.2,"balance_before_usd":9827.357660587437,"balance_after_usd":9825.557520557431,"decision":"ALLOW_CAPPED","cert_hash":"6ae66a58a29679b656c1799106477d738da21d4091715dac78bfc94b9859eff4","prev_hash":"dd8e309a73d688f20b69c6816e516e827934084861cf376e92213e262c4276f6","record_hash":"3682739de983491c58c977e5ea5755df762d47701cfcd51b19933cffef812fa6","signature_hex":"f4aaa51ba7277db1339856cb3646160a1149069b0f0970861c80dd2abf8ea3014e955315240fbd92929531af42c29c4a8f973d8d10f63f769ff95164a9063c0b","public_key_hex":"c2f8243b0d573587f285c830a868acd19249d17d59ecbf9329e796dfed6fb630"}
{"seq":103,"ts":1781921400000,"agent_id":"regime","symbol":"BTCUSDT","side":"sell","price":63448.17867161251,"quantity":0.0314345534650051,"notional_usd":1994.46516471,"fee_usd":1.1966790988259999,"balance_before_usd":9825.783781510898,"balance_after_usd":9823.9891754479,"decision":"ALLOW","cert_hash":"b18cdba239049d0e213bdb2ed32cb6a5c808e8f68134d1ed6de55b09fbef186a","prev_hash":"3682739de983491c58c977e5ea5755df762d47701cfcd51b19933cffef812fa6","record_hash":"e5d8cc81853e0d7f1bdfa8d5c072065ca099e5b96bd05612d75b02d103cf8607","signature_hex":"c597fec9a3b283b6ea0ceab76ab488f64c3ad1bf37a925f83dcc9d029d268cb2261dcf3f9607638c16857d636e7295b2d227adf1e3cc855c6efcfae7396ef40d","public_key_hex":"c2f8243b0d573587f285c830a868acd19249d17d59ecbf9329e796dfed6fb630"}
{"seq":104,"ts":1781921700000,"agent_id":"regime","symbol":"BTCUSDT","side":"buy","price":63443.428588488,"quantity":0.0315241474885061,"notional_usd":2000.0,"fee_usd":1.2,"balance_before_usd":9823.98957866837,"balance_after_usd":9822.189718638376,"decision":"ALLOW_CAPPED","cert_hash":"2e372638eadbbd2481394db313c5405896295798f8cbd1e80187e8e52fbe4dcd","prev_hash":"e5d8cc81853e0d7f1bdfa8d5c072065ca099e5b96bd05612d75b02d103cf8607","record_hash":"25a6910bcca2a10e39716f57eeb88f69fd3e7c412c9ca965b7a39d0b8202b960","signature_hex":"bf84c951ede26743129748322c04038cb1e16bc6ec609284168596c0f28f52f2ec727c49dffe484e4e2fd61535b97145343aeec5d82bd97fad109c78cc072c09","public_key_hex":"c2f8243b0d573587f285c830a868acd19249d17d59ecbf9329e796dfed6fb630"}
{"seq":105,"ts":1781921760000,"agent_id":"regime","symbol":"BTCUSDT","side":"sell","price":63401.079464602706,"quantity":0.03152418097259481,"notional_usd":1998.6671029,"fee_usd":1.19920026174,"balance_before_usd":9822.054205314644,"balance_after_usd":9820.255398252842,"decision":"ALLOW","cert_hash":"5538589dc93fd530f506f1c78c0d5924e9a8a3ecc35657fdc10e5eaf82f36581","prev_hash":"25a6910bcca2a10e39716f57eeb88f69fd3e7c412c9ca965b7a39d0b8202b960","record_hash":"03ac53b5570c1363c81ae20a5a6f6549421c27a5bc1ae91c146b19cfe5ef549c","signature_hex":"d3d0125217553705527c563bbed375ec1ee75975b7add7d15e2d6e595d44d46b486eb62febc722d7fed92931ec6a07e218533a44b5f2892ae201e74a4c772f09","public_key_hex":"c2f8243b0d573587f285c830a868acd19249d17d59ecbf9329e796dfed6fb630"}
{"seq":106,"ts":1781921820000,"agent_id":"regime","symbol":"BTCUSDT","side":"buy","price":63408.71817779399,"quantity":0.03154140404466351,"notional_usd":2000.0,"fee_usd":1.2,"balance_before_usd":9820.255685670345,"balance_after_usd":9818.45582564035,"decision":"ALLOW_CAPPED","cert_hash":"80498cc4840bb5f64fe8622a3d7aec09bc050c66c5ef4f14c753fc8876363e94","prev_hash":"03ac53b5570c1363c81ae20a5a6f6549421c27a5bc1ae91c146b19cfe5ef549c","record_hash":"99f7951803ac0dc92ae27e87b2b44f23112f61b1fec34aaa6254be264ad1a4ff","signature_hex":"af1ad780831a4db5ff920be10fcc49c6fea6253e7a46ebc3cc46a82dfb6b018e319a93e60f68c33527328a447452f88218fd4decf2a45dd049a9d09e996fc901","public_key_hex":"c2f8243b0d573587f285c830a868acd19249d17d59ecbf9329e796dfed6fb630"}
{"seq":107,"ts":1781921880000,"agent_id":"regime","symbol":"BTCUSDT","side":"buy","price":63376.508517149996,"quantity":0.03155743424172365,"notional_usd":2000.0,"fee_usd":1.2,"balance_before_usd":9817.440496865756,"balance_after_usd":9815.640636835764,"decision":"ALLOW_CAPPED","cert_hash":"38297d83ae8c0ffc09836b1af80d54a1031277236ca2722acdf961e427eee299","prev_hash":"99f7951803ac0dc92ae27e87b2b44f23112f61b1fec34aaa6254be264ad1a4ff","record_hash":"adb08e6e7364c9ca590789ed6ca8bc33def64caaadcb0f371ce3caf34905c17d","signature_hex":"54cbed2e218e0658ac2acab17edd39ae48afb961331dd6d092e581fcdf73e6e02d94f6a69ae06e586eb41178c5aaabe677cf78f014d03a7e1d4c265a2ce5f006","public_key_hex":"c2f8243b0d573587f285c830a868acd19249d17d59ecbf9329e796dfed6fb630"}
{"seq":108,"ts":1781921940000,"agent_id":"regime","symbol":"BTCUSDT","side":"buy","price":63397.17148979111,"quantity":0.029838378511959588,"notional_usd":1891.6687995,"fee_usd":1.1350012797,"balance_before_usd":9816.965513894793,"balance_after_usd":9815.273385635322,"decision":"ALLOW","cert_hash":"59052dcb2811251fdf0097735742953efafdabeb05751b02b9e8130473ef396e","prev_hash":"adb08e6e7364c9ca590789ed6ca8bc33def64caaadcb0f371ce3caf34905c17d","record_hash":"db1bb46e280d20f56b76f1936a8d2051efd16b2ca9f6982d8325aa39ac9b95b6","signature_hex":"4bce2971174fb362af62d42abfac59eaf1bf344972637c27288913d483b185c002e80c7878695a4e6134a019fba1635f4a0287e9eee15f62f3e30b82d85ad603","public_key_hex":"c2f8243b0d573587f285c830a868acd19249d17d59ecbf9329e796dfed6fb630"}
{"seq":109,"ts":1781922000000,"agent_id":"regime","symbol":"BTCUSDT","side":"sell","price":63357.088437522,"quantity":0.031567107159165775,"notional_usd":2000.0,"fee_usd":1.2,"balance_before_usd":9815.050359005862,"balance_after_usd":9813.250218975856,"decision":"ALLOW_CAPPED","cert_hash":"058b9ed84167813c5168990c638ec11ba3abb03954e59ec9dd7fa7662ed41ac9","prev_hash":"db1bb46e280d20f56b76f1936a8d2051efd16b2ca9f6982d8325aa39ac9b95b6","record_hash":"ecff6902b635dad102f8ba31d4cc423bbbd5ab5c4291a049c61297bcc2d79699","signature_hex":"e8c25a4d34cb2215910c8850d6a825402e6e0d8771793a36aeb3cd88be803ba8dfe6b59d21c09e2cdc93e81726f20ac2a891db093126d19e0c78651610ca0900","public_key_hex":"c2f8243b0d573587f285c830a868acd19249d17d59ecbf9329e796dfed6fb630"}
{"seq":110,"ts":1781922060000,"agent_id":"regime","symbol":"BTCUSDT","side":"sell","price":63358.188107544,"quantity":0.031566559267844053,"notional_usd":2000.0,"fee_usd":1.2,"balance_before_usd":9813.317715696485,"balance_after_usd":9811.517575666478,"decision":"ALLOW_CAPPED","cert_hash":"a5e9bb86223c3ba6851acec93aec56d45d97fc251dd685073fdabf836ab867eb","prev_hash":"ecff6902b635dad102f8ba31d4cc423bbbd5ab5c4291a049c61297bcc2d79699","record_hash":"b5fdb1b4798c5316d6b1832509254b5c849665f4df5e16dc83f3025e6324acf4","signature_hex":"1fcbde8b3bf5e68702fcafc262088a24a2e85ac63b1ef1712714e710f38927f06186c6ba5f7c0ed3925ec39659dce22b7ac9b44a727ea3177fb0e239e7165408","public_key_hex":"c2f8243b0d573587f285c830a868acd19249d17d59ecbf9329e796dfed6fb630"}
{"seq":111,"ts":1781922120000,"agent_id":"regime","symbol":"BTCUSDT","side":"sell","price":63366.13918541456,"quantity":0.02980286996804577,"notional_usd":1888.49280652,"fee_usd":1.1330956839119999,"balance_before_usd":9811.744010794924,"balance_after_usd":9810.054769280425,"decision":"ALLOW","cert_hash":"cbd7b0503ea55a8f536d9efb456eb31aff597a03303e545b36e4c485ebddb3ad","prev_hash":"b5fdb1b4798c5316d6b1832509254b5c849665f4df5e16dc83f3025e6324acf4","record_hash":"55eb9b3aca6b3ea1d23bb06a5f8df3bbd0f738ccb71f5cd0500a547f417275b7","signature_hex":"9a6739d88571e87e760f3a2f97fa68691dfecf928a1e0999678abe590c2e299df59d51d0413a3c5162645becd271fc570579e6508feb43493e6add34eda11507","public_key_hex":"c2f8243b0d573587f285c830a868acd19249d17d59ecbf9329e796dfed6fb630"}
{"seq":112,"ts":1781922720000,"agent_id":"regime","symbol":"BTCUSDT","side":"sell","price":63449.560689372,"quantity":0.03152110082828369,"notional_usd":2000.0,"fee_usd":1.2,"balance_before_usd":9810.054034009185,"balance_after_usd":9808.253893979178,"decision":"ALLOW_CAPPED","cert_hash":"8ec9f1de0aacf45787e04a19057d83e6517f16249f6360586263e86cfca4dcf5","prev_hash":"55eb9b3aca6b3ea1d23bb06a5f8df3bbd0f738ccb71f5cd0500a547f417275b7","record_hash":"9262ecb082ea4f4ed2d145efc5141bf6d9cdb993dd9cf98091342ff6b266a08a","signature_hex":"7cd2365dfe85e75a0f8900dffc0dfabc54f0e53953ec5429fc3f0f1674b4d47a165a2152a9283c5d18b570bdd565b82fd812abb10aacc15f539dcafe97e8a80a","public_key_hex":"c2f8243b0d573587f285c830a868acd19249d17d59ecbf9329e796dfed6fb630"}
{"seq":113,"ts":1781922780000,"agent_id":"regime","symbol":"BTCUSDT","side":"buy","price":63461.63404885199,"quantity":0.031515104046334896,"notional_usd":2000.0,"fee_usd":1.2,"balance_before_usd":9809.073670727828,"balance_after_usd":9807.273810697834,"decision":"ALLOW_CAPPED","cert_hash":"a24d858f271a6369eaef942cc96212de47c5e30a9c3f541c9626a9d0386934b0","prev_hash":"9262ecb082ea4f4ed2d145efc5141bf6d9cdb993dd9cf98091342ff6b266a08a","record_hash":"ed8947e7004e59b83e7f0239efe50f207c73953611719554c2a9343f377e26e6","signature_hex":"4870282027622848b3f90bf7ab085bb70ac95446ef60b2836901f91df7dad5d475b775c6ae2660fb178022cce15070782037b4b514cb279e3c36dd5ea8761e00","public_key_hex":"c2f8243b0d573587f285c830a868acd19249d17d59ecbf9329e796dfed6fb630"}
{"seq":114,"ts":1781923860000,"agent_id":"regime","symbol":"BTCUSDT","side":"buy","price":63332.49531627,"quantity":0.03157936522179324,"notional_usd":2000.0,"fee_usd":1.2,"balance_before_usd":9807.275717621253,"balance_after_usd":9805.475857591258,"decision":"ALLOW_CAPPED","cert_hash":"288fb2c3328783026f5f96ec75d550e2cc9a87771e9f58afef16b2954531a34e","prev_hash":"ed8947e7004e59b83e7f0239efe50f207c73953611719554c2a9343f377e26e6","record_hash":"d2ca149c7320fa9755c130b2173fd2cd11d61d5e3ac968cacdd4566fbc529f0d","signature_hex":"fe200394f6b705dd39a0bc433d16ed18f88beb86cd9c0607a09536a7a839ec5b267615519378127ef740b3928902409e1faec71496b35fcdb0041179ae10a30f","public_key_hex":"c2f8243b0d573587f285c830a868acd19249d17d59ecbf9329e796dfed6fb630"}
{"seq":115,"ts":1781923920000,"agent_id":"regime","symbol":"BTCUSDT","side":"sell","price":63320.901519021565,"quantity":0.03157406480022101,"notional_usd":1999.29824777,"fee_usd":1.199578948662,"balance_before_usd":9806.309162881307,"balance_after_usd":9804.509724663125,"decision":"ALLOW","cert_hash":"95c58eed4d69862773dfd86d5b465952c24c57c0131b7151a681f6d7b529e63b","prev_hash":"d2ca149c7320fa9755c130b2173fd2cd11d61d5e3ac968cacdd4566fbc529f0d","record_hash":"a5506ac4c4c1a689199e05429c73b023b8e10629ebd048b1952f18dafbfb5a29","signature_hex":"bbbbe0db3ad57fd877cb2981706aa4cfee271a739a9736570ec7839b9eb75d5230e45a56f1707ee19f19d43ab8a8ed31476f09fdb82ace392a41e84c024bff0d","public_key_hex":"c2f8243b0d573587f285c830a868acd19249d17d59ecbf9329e796dfed6fb630"}
{"seq":116,"ts":1781924400000,"agent_id":"regime","symbol":"BTCUSDT","side":"buy","price":63316.990665959995,"quantity":0.03158709817008446,"notional_usd":2000.0,"fee_usd":1.2,"balance_before_usd":9804.510121476245,"balance_after_usd":9802.710261446251,"decision":"ALLOW_CAPPED","cert_hash":"950db2be923d047318366347dd4c6ff41194c4312531d0392ac6e3f8814161c8","prev_hash":"a5506ac4c4c1a689199e05429c73b023b8e10629ebd048b1952f18dafbfb5a29","record_hash":"506c63a5209f425150a0948339327cd027c33c9cf1586661d42043ef98c1133b","signature_hex":"f59cae714838e85333e303be9294e7b15d7be8606f28ed8e886f117ceab9b46878acf568df9749223bf0df88bffde1397fb8b6ff074fddae84f0d5db85057b04","public_key_hex":"c2f8243b0d573587f285c830a868acd19249d17d59ecbf9329e796dfed6fb630"}
{"seq":117,"ts":1781924460000,"agent_id":"regime","symbol":"BTCUSDT","side":"buy","price":63305.087095721996,"quantity":0.031593037649183725,"notional_usd":2000.0,"fee_usd":1.2,"balance_before_usd":9802.334487676742,"balance_after_usd":9800.534627646748,"decision":"ALLOW_CAPPED","cert_hash":"b6a99b3fbbc5124dc4af73ccf2dca40b34d478612f8a4f13d0a4518c62eb1736","prev_hash":"506c63a5209f425150a0948339327cd027c33c9cf1586661d42043ef98c1133b","record_hash":"848932acac50107a55add7d88cf780f81ff9bf6510127b73e024dcd430a35fc1","signature_hex":"83aeb3dd5973b2d38fc19151f2cbb0e1a9d2e398f28802a401b2964ac3dc948dc70ab6eb873c7bf477e9995f3315003cd04a5be63eca404f616bf843a3092904","public_key_hex":"c2f8243b0d573587f285c830a868acd19249d17d59ecbf9329e796dfed6fb630"}
{"seq":118,"ts":1781924520000,"agent_id":"regime","symbol":"BTCUSDT","side":"sell","price":63326.797526916,"quantity":0.03158220655560442,"notional_usd":2000.0,"fee_usd":1.2,"balance_before_usd":9804.305916367492,"balance_after_usd":9802.505776337486,"decision":"ALLOW_CAPPED","cert_hash":"1f1bd6886b0109d44f6c7008f369d211e0aa02909e1fe998752c9e85ecd31e17","prev_hash":"848932acac50107a55add7d88cf780f81ff9bf6510127b73e024dcd430a35fc1","record_hash":"2ea82a952c43b57833ac22a188c35e4f9bed530305a8b8eec194141d0f5687f1","signature_hex":"7c194582a0568f02befaae6856be6c47f5b87ea92c31887c56240095267367f47cbb22a5b55893fdbe4048bfb0f83e2649fed62abb49c745d80bb5e41cc5b401","public_key_hex":"c2f8243b0d573587f285c830a868acd19249d17d59ecbf9329e796dfed6fb630"}
{"seq":119,"ts":1781924580000,"agent_id":"regime","symbol":"BTCUSDT","side":"sell","price":63314.701156674,"quantity":0.03158824038434524,"notional_usd":2000.0,"fee_usd":1.2,"balance_before_usd":9802.123555986205,"balance_after_usd":9800.323415956198,"decision":"ALLOW_CAPPED","cert_hash":"c00de449b51e05b6f33a290768fa07d74c5e9fb5d5435e392be633385aea0c67","prev_hash":"2ea82a952c43b57833ac22a188c35e4f9bed530305a8b8eec194141d0f5687f1","record_hash":"55b2d15d10666e6844c1946fffb20977d556142d95772f8f2e82f890b9fa4952","signature_hex":"a4f2b159d5bca346b21ae8135666957a27694ae5290027e9b5a802a2d8b7d2b016448a7b0bd217252c17e52f47dc378dce05642381b6d2c880f854f26372160c","public_key_hex":"c2f8243b0d573587f285c830a868acd19249d17d59ecbf9329e796dfed6fb630"}
{"seq":120,"ts":1781925840000,"agent_id":"regime","symbol":"BTCUSDT","side":"sell","price":63395.876798298006,"quantity":0.03154779302703317,"notional_usd":2000.0,"fee_usd":1.2,"balance_before_usd":9800.323433690206,"balance_after_usd":9798.5232936602,"decision":"ALLOW_CAPPED","cert_hash":"bd9150378081caea2f0264c54575a2cbd82caccace9fc498eca8a051d46ffcc0","prev_hash":"55b2d15d10666e6844c1946fffb20977d556142d95772f8f2e82f890b9fa4952","record_hash":"7765c74cc67497b440d4f3258604af12c78a7ed7e9d702c0a62a7b4d231534d5","signature_hex":"f36fa1a804d1338f9c7f7717353f90043b2f237fc0e025eb0d67f03a73753c0c51f759e6508e6688e0bcc85a44b3d214efab2c7e0e1b72b9504095727788140d","public_key_hex":"c2f8243b0d573587f285c830a868acd19249d17d59ecbf9329e796dfed6fb630"}
{"seq":121,"ts":1781925900000,"agent_id":"regime","symbol":"BTCUSDT","side":"sell","price":63398.57598835201,"quantity":0.031546449881894076,"notional_usd":2000.0,"fee_usd":1.2,"balance_before_usd":9798.438115208704,"balance_after_usd":9796.637975178697,"decision":"ALLOW_CAPPED","cert_hash":"b9343b8302085eb80672cf7b7502753bd474bd30e5625a2d22dabe9d94586f92","prev_hash":"7765c74cc67497b440d4f3258604af12c78a7ed7e9d702c0a62a7b4d231534d5","record_hash":"92bfd6af6872348febf46cabf83211a1c2e68e109f628e1064a629a48520beeb","signature_hex":"75ff801a099a8f525e88099b4173624d49ba6831646e1be4bf6c61243d3333862d649ae85adeba8d330753be424d280143f36ae0659e70ed324d4679a9460c09","public_key_hex":"c2f8243b0d573587f285c830a868acd19249d17d59ecbf9329e796dfed6fb630"}
{"seq":122,"ts":1781925960000,"agent_id":"regime","symbol":"BTCUSDT","side":"buy","price":63429.0242682,"quantity":0.03153130641807295,"notional_usd":2000.0,"fee_usd":1.2,"balance_before_usd":9797.117489764973,"balance_after_usd":9795.317629734978,"decision":"ALLOW_CAPPED","cert_hash":"a845e74e40c3b0dc5b5473c844d974c96f9109735674ee2e131d73a686a0635e","prev_hash":"92bfd6af6872348febf46cabf83211a1c2e68e109f628e1064a629a48520beeb","record_hash":"f4ee0610d4d28108d0815748240c1f618adce93c871da1c2c2307af4941c2ef2","signature_hex":"899447ef7fdae85baa678041ed71c0d43b0e66ef6896829db94a9606772034fbe22ce94257831849330c3808706a376f0b8b3db361ed8797aacf0ebe3dc04104","public_key_hex":"c2f8243b0d573587f285c830a868acd19249d17d59ecbf9329e796dfed6fb630"}
{"seq":123,"ts":1781926020000,"agent_id":"regime","symbol":"BTCUSDT","side":"buy","price":63419.021268,"quantity":0.03153627981025246,"notional_usd":2000.0,"fee_usd":1.2,"balance_before_usd":9795.633256915895,"balance_after_usd":9793.8333968859,"decision":"ALLOW_CAPPED","cert_hash":"9d4d3a7abf4cd08e48cc123fd3ab69d8d658fa75e379eb39a08edbd0160e18a1","prev_hash":"f4ee0610d4d28108d0815748240c1f618adce93c871da1c2c2307af4941c2ef2","record_hash":"661a5c2aec2f0d15ee57d808070c3fccc1c921f520e66135d460348937857879","signature_hex":"8cb4d79d39aff1f9fd550643e3d50338a25c2aa9b9fe619394a8e38eae506fe13032ae9f9bf7fdad1d8c425958e8a26e47ad13085f348c61e611990285b7520a","public_key_hex":"c2f8243b0d573587f285c830a868acd19249d17d59ecbf9329e796dfed6fb630"}
{"seq":124,"ts":1781926800000,"agent_id":"regime","symbol":"BTCUSDT","side":"sell","price":63462.25687962601,"quantity":0.03151479475105277,"notional_usd":2000.0,"fee_usd":1.2,"balance_before_usd":9793.831247453616,"balance_after_usd":9792.031107423609,"decision":"ALLOW_CAPPED","cert_hash":"851053446d308efd799865b0beadc08f8cae584d42cc4a57c14c9fbc85eaf607","prev_hash":"661a5c2aec2f0d15ee57d808070c3fccc1c921f520e66135d460348937857879","record_hash":"5fdd382996113a442909e07b550fb26a90a94b718f870315b5e3b34e9037db01","signature_hex":"7421d7906bb072b4ad9931c30a1de5f10fe058b2c349ac55effaab9b229d29183eeaaee879cec4021c1f4a3ff0f8d3e72dcfe4974ee5fc225ac84daf8a89d30a","public_key_hex":"c2f8243b0d573587f285c830a868acd19249d17d59ecbf9329e796dfed6fb630"}
{"seq":125,"ts":1781926860000,"agent_id":"regime","symbol":"BTCUSDT","side":"sell","price":63450.360449388005,"quantity":0.03152070352059427,"notional_usd":2000.0,"fee_usd":1.2,"balance_before_usd":9792.406448096695,"balance_after_usd":9790.60630806669,"decision":"ALLOW_CAPPED","cert_hash":"ae22106ada3eab2c4591b1c2c8572b62b7c619ed59061dde1b979b4b49424f12","prev_hash":"5fdd382996113a442909e07b550fb26a90a94b718f870315b5e3b34e9037db01","record_hash":"30cf36c39fff88939d751c5c834b516b4192faeee1656df6a549ea565f3aa4ac","signature_hex":"0a8f604926554ce0bad9cfd38099e98fc7029c6f25fa474f8960976671ad09597b2ec4fbf028924e817890b31fea935b25f9e808f2d19254186972ef1cbc3f07","public_key_hex":"c2f8243b0d573587f285c830a868acd19249d17d59ecbf9329e796dfed6fb630"}
{"seq":126,"ts":1781926920000,"agent_id":"regime","symbol":"BTCUSDT","side":"buy","price":63479.139299202,"quantity":0.03150641332065355,"notional_usd":2000.0,"fee_usd":1.2,"balance_before_usd":9791.192784076633,"balance_after_usd":9789.392924046639,"decision":"ALLOW_CAPPED","cert_hash":"520b362ce8f3ce1dd73c6e0dd64cd02e6c7b7a04f171a5c2415c94080492a372","prev_hash":"30cf36c39fff88939d751c5c834b516b4192faeee1656df6a549ea565f3aa4ac","record_hash":"fefb984ba041426f40b514985c61e151514dd74f05d0f63a220ad45d63f1f40b","signature_hex":"d8049e987967ad52390c9ef10678af77a013d7cf82c86c679bafe6b85c29d3347da9eecc74bb554dc22da1eb54c1f650efc498535f697f9e72f3896cfda13e0b","public_key_hex":"c2f8243b0d573587f285c830a868acd19249d17d59ecbf9329e796dfed6fb630"}
{"seq":127,"ts":1781926980000,"agent_id":"regime","symbol":"BTCUSDT","side":"buy","price":63454.73197871399,"quantity":0.03151853199334139,"notional_usd":2000.0,"fee_usd":1.2,"balance_before_usd":9790.162878813511,"balance_after_usd":9788.363018783517,"decision":"ALLOW_CAPPED","cert_hash":"16bd41cceeaaf0c7de735655069cb91c21501578f3568678167f1c72afb54b44","prev_hash":"fefb984ba041426f40b514985c61e151514dd74f05d0f63a220ad45d63f1f40b","record_hash":"eaf5bfb0285a2dc18cb0a81e79307f823366d5a1dd5d02bc95946f59ecfee134","signature_hex":"b2926b44ee5ae6246994725a3baca6b05920414f3a45530a5f6db134188dc86df29ee07ba55805e43c4f6ac2bd26ab2c65c52067c7cd36034b222a7e0337e305","public_key_hex":"c2f8243b0d573587f285c830a868acd19249d17d59ecbf9329e796dfed6fb630"}
{"seq":128,"ts":1781927760000,"agent_id":"regime","symbol":"BTCUSDT","side":"buy","price":63419.221328003994,"quantity":0.03153618032703377,"notional_usd":2000.0,"fee_usd":1.2,"balance_before_usd":9788.364331972505,"balance_after_usd":9786.564471942513,"decision":"ALLOW_CAPPED","cert_hash":"3dbf25036d3b0f311d8122b2cc2e7b4b2440007561807f260aee744fdcefaf48","prev_hash":"eaf5bfb0285a2dc18cb0a81e79307f823366d5a1dd5d02bc95946f59ecfee134","record_hash":"d80e73dd66187096b763a4a7ef9f22e823005c1b9a69898a0534b6a73801169f","signature_hex":"999510f5b763f3ef29792595f1ae340f0d2fda5607355144ff8c30322d67e096afb6068f69edca4d41219f66528ee4fb2b3707c5aa19f280b976c9188103aa02","public_key_hex":"c2f8243b0d573587f285c830a868acd19249d17d59ecbf9329e796dfed6fb630"}
{"seq":129,"ts":1781927820000,"agent_id":"regime","symbol":"BTCUSDT","side":"sell","price":63387.28810502561,"quantity":0.03150863671199793,"notional_usd":1997.24703306,"fee_usd":1.198348219836,"balance_before_usd":9786.75661699595,"balance_after_usd":9784.959229884158,"decision":"ALLOW","cert_hash":"23583729167071e9f7b142219801cf51f6ffa50e1240c9934705416c53e03720","prev_hash":"d80e73dd66187096b763a4a7ef9f22e823005c1b9a69898a0534b6a73801169f","record_hash":"219718103d8370681175d1208708f842f53b54a7e0f378485bd96ca704964ec9","signature_hex":"7446cf2accb04bebfd5b1868c9705af434c2c6c49c9dd13e57d4201c46577260c463f7cf64b420ba1c0366a6c267c6830409add3be8d3420f920ccd78b567f0e","public_key_hex":"c2f8243b0d573587f285c830a868acd19249d17d59ecbf9329e796dfed6fb630"}
{"seq":130,"ts":1781929440000,"agent_id":"regime","symbol":"BTCUSDT","side":"sell","price":63458.158109544,"quantity":0.03151683029544476,"notional_usd":2000.0,"fee_usd":1.2,"balance_before_usd":9784.958560047611,"balance_after_usd":9783.158420017604,"decision":"ALLOW_CAPPED","cert_hash":"316e3f0439188077c2a4f14ad07d30684f4a7e0a93325ca0f305c344c86b0f6a","prev_hash":"219718103d8370681175d1208708f842f53b54a7e0f378485bd96ca704964ec9","record_hash":"282d626d58f2b3b646e7a3163f55148a3de390b10adb2af1bc88416fec18d9a4","signature_hex":"5d8df733ef7aa1eb24b73c561c533dfddf003062894a2f5bba56d0856624f0884e658dfcec23a0c4d421521136ac94696b528c8ac8a440d3df4b8ff3bd93a103","public_key_hex":"c2f8243b0d573587f285c830a868acd19249d17d59ecbf9329e796dfed6fb630"}
{"seq":131,"ts":1781929500000,"agent_id":"regime","symbol":"BTCUSDT","side":"sell","price":63480.851299998,"quantity":0.03150556363128141,"notional_usd":2000.0,"fee_usd":1.2,"balance_before_usd":9782.44277350883,"balance_after_usd":9780.642633478823,"decision":"ALLOW_CAPPED","cert_hash":"daf26c3934c5f286c0f5210d1a8c609e0f809e4ab53b1a494d699f44d2487c87","prev_hash":"282d626d58f2b3b646e7a3163f55148a3de390b10adb2af1bc88416fec18d9a4","record_hash":"37b5fbc0738111967ffdcdbd2b9e56139581895dca0cdad38c71c4f284089fcf","signature_hex":"515be471b4f6631d9819ccd8ec6b5a7c03e303dee86c253b904bbbff26294dbb7860064ec9871b068a44931da9e9774dddeec17fde1f8560afbe1cfcc9e2ac0b","public_key_hex":"c2f8243b0d573587f285c830a868acd19249d17d59ecbf9329e796dfed6fb630"}
{"seq":132,"ts":1781929560000,"agent_id":"regime","symbol":"BTCUSDT","side":"sell","price":63488.97732705731,"quantity":0.029376648845706746,"notional_usd":1865.09339251,"fee_usd":1.1190560355060002,"balance_before_usd":9780.157288298882,"balance_after_usd":9778.49116053977,"decision":"ALLOW","cert_hash":"467c0c2c3493b62e22d35d6df64ef36461570ca6e471fd77fd53e639a4485677","prev_hash":"37b5fbc0738111967ffdcdbd2b9e56139581895dca0cdad38c71c4f284089fcf","record_hash":"f9ff9fc77ec541cd280ba7d7b14da41cb18d9fc5831d295e65b3367c46975fd6","signature_hex":"be9bb7daf3347840247acf31623796c5220be55c6ed4865ca11d65cceb20ee8c966f1433b0151fd0462d637c2128919168c587ecd970041d58df36c7bd01f60e","public_key_hex":"c2f8243b0d573587f285c830a868acd19249d17d59ecbf9329e796dfed6fb630"}
