{"seq":0,"ts":1781784720000,"agent_id":"rl-qlearn","symbol":"BTCUSDT","side":"sell","price":63970.30442979,"quantity":0.03126450652106996,"notional_usd":2000.0,"fee_usd":1.2,"balance_before_usd":10000.0,"balance_after_usd":9998.199859969993,"decision":"ALLOW_CAPPED","cert_hash":"eb7b2815cf8a43f720580ef9153b1aba4eabd316f360ef76344e6de17a4cb55a","prev_hash":"0000000000000000000000000000000000000000000000000000000000000000","record_hash":"7711fdc0270b782e0de681bb2c4f8cee489ecaf1c253c9f60b33536220cdf6ec","signature_hex":"b9f16f6ecaffba09439811314a48cc0cccc01723119d6ad5b909305f5c3bbf5d87dd7c84809a18c580b1a5b2c938e330c3cf4f2ce90eb78774aa033622531a03","public_key_hex":"c2f8243b0d573587f285c830a868acd19249d17d59ecbf9329e796dfed6fb630"}
{"seq":1,"ts":1781784780000,"agent_id":"rl-qlearn","symbol":"BTCUSDT","side":"buy","price":63990.392639424,"quantity":0.0312546917983406,"notional_usd":2000.0,"fee_usd":1.2,"balance_before_usd":9998.772000439329,"balance_after_usd":9996.972140409334,"decision":"ALLOW_CAPPED","cert_hash":"aa5d9d5c40a411eb87594c6f08337e29ed455a389bf0039a3127c12508c5fae1","prev_hash":"7711fdc0270b782e0de681bb2c4f8cee489ecaf1c253c9f60b33536220cdf6ec","record_hash":"c1341444f3b2659266fd1f40fccac4e19b2cb32670a7e00f09a1e83b27352949","signature_hex":"f2169ccccf8d0630558e768ec4adc8058fd73c964d7a22d99f4e189572dff12b5ad4f157c18cefe28ec9de794aeba93dfc623fd38e2308529b4e69930dd3830e","public_key_hex":"c2f8243b0d573587f285c830a868acd19249d17d59ecbf9329e796dfed6fb630"}
{"seq":2,"ts":1781785020000,"agent_id":"rl-qlearn","symbol":"BTCUSDT","side":"buy","price":64063.21448088,"quantity":0.031219164011773253,"notional_usd":2000.0,"fee_usd":1.2,"balance_before_usd":9996.97142589752,"balance_after_usd":9995.171565867526,"decision":"ALLOW_CAPPED","cert_hash":"650ca72b6378ef9749fa7345128afda66bf0b059a1d8861c1b2a75570c326721","prev_hash":"c1341444f3b2659266fd1f40fccac4e19b2cb32670a7e00f09a1e83b27352949","record_hash":"7e3efdc8d75e7f1c574caef730bf9ff5504fc190583586515d2b5a616a0478e8","signature_hex":"a27f7dbdd9735379ca21c7f168f32d2a15d12cce048456a59563c333af2be8fe52a5e3c5f8f6e53f960c89b56ae4b11b8b110900b566ab747989c45ae6bb7e0d","public_key_hex":"c2f8243b0d573587f285c830a868acd19249d17d59ecbf9329e796dfed6fb630"}
{"seq":3,"ts":1781785080000,"agent_id":"rl-qlearn","symbol":"BTCUSDT","side":"sell","price":64009.992520584,"quantity":0.031245121601238282,"notional_usd":2000.0,"fee_usd":1.2,"balance_before_usd":9994.709667498048,"balance_after_usd":9992.90952746804,"decision":"ALLOW_CAPPED","cert_hash":"c4976c84816f111f16391f3d01f2bf10091efc506e224adcbf0a2e3ddf7a5b60","prev_hash":"7e3efdc8d75e7f1c574caef730bf9ff5504fc190583586515d2b5a616a0478e8","record_hash":"699de0190b18a753484ef2504cd08b0c87d6068165e3fbe5b66eec1acc19e93f","signature_hex":"38097ac9986bf2c5e44e790d9b0f41e3d14a2e14879ffa53a21e486b253a2a8c3912089bdb07ad8d9d12bd589be7681b524f63523ec78a351444ea9ab2d6330a","public_key_hex":"c2f8243b0d573587f285c830a868acd19249d17d59ecbf9329e796dfed6fb630"}
{"seq":4,"ts":1781785140000,"agent_id":"rl-qlearn","symbol":"BTCUSDT","side":"buy","price":64069.116250998006,"quantity":0.031216288237296327,"notional_usd":2000.0,"fee_usd":1.2,"balance_before_usd":9992.908786981177,"balance_after_usd":9991.108926951183,"decision":"ALLOW_CAPPED","cert_hash":"4ffaefcb2333a0b9ff3da3475e6971f87d4f3817aa193c7ea7266a7ad96e6476","prev_hash":"699de0190b18a753484ef2504cd08b0c87d6068165e3fbe5b66eec1acc19e93f","record_hash":"9228e36ebc9ddb9b8c9ac01d60dbf15a08d3d9fe062eba248688b7f292094ea1","signature_hex":"57d8123be8d075a9491246309c7e5cb1e3f529e3205f85cb0a4d2abe8cda7d356c2fff8103e4d28d373d03a28dde640f340b5fb1d5d8502a10645be470ccee00","public_key_hex":"c2f8243b0d573587f285c830a868acd19249d17d59ecbf9329e796dfed6fb630"}
{"seq":5,"ts":1781785200000,"agent_id":"rl-qlearn","symbol":"BTCUSDT","side":"sell","price":64061.58321709023,"quantity":0.031189869256259,"notional_usd":1998.07240489,"fee_usd":1.1988434429339998,"balance_before_usd":9992.07240489327,"balance_after_usd":9990.274192503855,"decision":"ALLOW","cert_hash":"30f11d7993a2bf16f2121928b48bd4cf1b87a37473434ce7ba496e7d0c9916c4","prev_hash":"9228e36ebc9ddb9b8c9ac01d60dbf15a08d3d9fe062eba248688b7f292094ea1","record_hash":"c95af987dc70c28298f8e1992f1cab5cc8580f20e2ff883178fec7a58f7549fe","signature_hex":"45f24f5c3bd18bf5d7a9c49c867cbea025d748f2a685c1c4f993426c1685d77245d4045657f695d31bacf7df6e9da079de4705d5445e97d6a87ff11f2bdde70e","public_key_hex":"c2f8243b0d573587f285c830a868acd19249d17d59ecbf9329e796dfed6fb630"}
{"seq":6,"ts":1781786760000,"agent_id":"rl-qlearn","symbol":"BTCUSDT","side":"buy","price":64317.390715962,"quantity":0.03109578883310714,"notional_usd":2000.0,"fee_usd":1.2,"balance_before_usd":9990.272160024995,"balance_after_usd":9988.472299995,"decision":"ALLOW_CAPPED","cert_hash":"fb39fec6444133332999a1efc0e2860504b640327b7ac614af8530a18ae0b226","prev_hash":"c95af987dc70c28298f8e1992f1cab5cc8580f20e2ff883178fec7a58f7549fe","record_hash":"2b76c4b01925f7e8c798624fbf1e042053b76ef45f66e74e0793286e406829b0","signature_hex":"14829e995fe0d0cf7ba4ef6ef7ba89e0d90b67790b44c190e8c236dba903475736c46e84034901595088b25bd3c1fd1c1b3e5a4decde2e3dc9667040c7c16b01","public_key_hex":"c2f8243b0d573587f285c830a868acd19249d17d59ecbf9329e796dfed6fb630"}
{"seq":7,"ts":1781786820000,"agent_id":"rl-qlearn","symbol":"BTCUSDT","side":"buy","price":64319.291286,"quantity":0.031094869983981435,"notional_usd":2000.0,"fee_usd":1.2,"balance_before_usd":9988.531364222454,"balance_after_usd":9986.731504192461,"decision":"ALLOW_CAPPED","cert_hash":"915fd5b1bbfc113f462dacce3d9e43b347885bb819ccc202e3c4b0aaff425f89","prev_hash":"2b76c4b01925f7e8c798624fbf1e042053b76ef45f66e74e0793286e406829b0","record_hash":"4a05146f6087e5e4f3568b856f9cdbcee532c21a8cce90b8ce713884a8d2434a","signature_hex":"6213f73f8842716d2dc0cd2ca44c74e8932d4a7dcdf985ac3bf906aaaa074aaf03674e080d100eb3d0dcd5d1e6ac60e44685a6076f08c250d9601b43e44cb909","public_key_hex":"c2f8243b0d573587f285c830a868acd19249d17d59ecbf9329e796dfed6fb630"}
{"seq":8,"ts":1781786880000,"agent_id":"rl-qlearn","symbol":"BTCUSDT","side":"sell","price":64274.413175874004,"quantity":0.031116581251817925,"notional_usd":2000.0,"fee_usd":1.2,"balance_before_usd":9986.3397619679,"balance_after_usd":9984.539621937894,"decision":"ALLOW_CAPPED","cert_hash":"bc1f5b41a4d38cf9ba84d8d6c584b6354c37868d3a5b5e1ae64840f12f4be30d","prev_hash":"4a05146f6087e5e4f3568b856f9cdbcee532c21a8cce90b8ce713884a8d2434a","record_hash":"8afb266406a9eb9160f6adba8b9daa1aec424c3e3b5255820ad0a4af94c4244a","signature_hex":"afdb11ea37c3a1cf8f4fb31da67c338e947a886055c1ea7512ea6523c16dc660c07dae6c7f1204ffaba2237bf2640c70b5ccf255ef753adadc471a13f3010102","public_key_hex":"c2f8243b0d573587f285c830a868acd19249d17d59ecbf9329e796dfed6fb630"}
{"seq":9,"ts":1781786940000,"agent_id":"rl-qlearn","symbol":"BTCUSDT","side":"sell","price":64306.803456522,"quantity":0.03110090834093791,"notional_usd":2000.0,"fee_usd":1.2,"balance_before_usd":9985.54611900308,"balance_after_usd":9983.745978973073,"decision":"ALLOW_CAPPED","cert_hash":"bed95287c0a35d35e0cff0e7656ad8590cdb26ddb272f5917ab2c14ef6a69dd2","prev_hash":"8afb266406a9eb9160f6adba8b9daa1aec424c3e3b5255820ad0a4af94c4244a","record_hash":"bdc57a18051a34bc5d55af85dbc6f722e69717639e25933e879ccfd52d32cea2","signature_hex":"193d129c162dd917b0ff4fccf52be3663d1d58c3387245b3be218a6293beb01cf53f9b4971ef8354ae8a2c6ff1e026e1116f9a445c7ba941573d275f6eca8001","public_key_hex":"c2f8243b0d573587f285c830a868acd19249d17d59ecbf9329e796dfed6fb630"}
{"seq":10,"ts":1781787000000,"agent_id":"rl-qlearn","symbol":"BTCUSDT","side":"sell","price":64276.912425924,"quantity":0.03111537135989384,"notional_usd":2000.0,"fee_usd":1.2,"balance_before_usd":9983.747060877868,"balance_after_usd":9981.94692084786,"decision":"ALLOW_CAPPED","cert_hash":"7162a53a92987d81b3811bf247935e2df11186d5c96bc73a2ca1b9e5bf24be23","prev_hash":"bdc57a18051a34bc5d55af85dbc6f722e69717639e25933e879ccfd52d32cea2","record_hash":"87b552cd19098318379f72c1dfdc4d69dee8ba59f76aeff0f8913c2ecebe074a","signature_hex":"b911ade17fd5acf6dfb8bd8608231a750fd3429c2fa237f52f938288f160da8c9cbc705a130b1fdeb9435e465a262a539a97b5fc47a86c58528e13c77337590b","public_key_hex":"c2f8243b0d573587f285c830a868acd19249d17d59ecbf9329e796dfed6fb630"}
{"seq":11,"ts":1781787060000,"agent_id":"rl-qlearn","symbol":"BTCUSDT","side":"buy","price":64321.491946044,"quantity":0.031093806121252558,"notional_usd":2000.0,"fee_usd":1.2,"balance_before_usd":9981.76001151506,"balance_after_usd":9979.960151485066,"decision":"ALLOW_CAPPED","cert_hash":"faa1bcec26e1bcfc980a9594b46214cff225f25275ce034d8772f4c95eb797fe","prev_hash":"87b552cd19098318379f72c1dfdc4d69dee8ba59f76aeff0f8913c2ecebe074a","record_hash":"5cb9c061e1bae917c2529bb336a54c95016ea052e6de3a3effa9fc9850c72cd0","signature_hex":"7db52a2b5ffb132bd15e117d60424bcbf40a0f1629452088f894300828e608048a04c7d0d18f85b4ca0e30d2b8a24d8d02e705e6b2c8f041f5ce122e16494f03","public_key_hex":"c2f8243b0d573587f285c830a868acd19249d17d59ecbf9329e796dfed6fb630"}
{"seq":12,"ts":1781787360000,"agent_id":"rl-qlearn","symbol":"BTCUSDT","side":"buy","price":64364.604876906,"quantity":0.031072978756335058,"notional_usd":2000.0,"fee_usd":1.2,"balance_before_usd":9979.957662488276,"balance_after_usd":9978.157802458281,"decision":"ALLOW_CAPPED","cert_hash":"aa7b932e56b222b2e2745d43f3175723d75422542ab0f762a18a16e2a5b8d1ae","prev_hash":"5cb9c061e1bae917c2529bb336a54c95016ea052e6de3a3effa9fc9850c72cd0","record_hash":"a7f0551ffff66c2567b6aba1989959f094d07214fd3ba4d16df8bc21884ee502","signature_hex":"e7049a46448e287d8b886c3bae572c074f5cc4da4e5048d6c324d3160337451b289910dd899533341b6562d2b10115ca6805763e1318f665282f54a711738a0b","public_key_hex":"c2f8243b0d573587f285c830a868acd19249d17d59ecbf9329e796dfed6fb630"}
{"seq":13,"ts":1781787420000,"agent_id":"rl-qlearn","symbol":"BTCUSDT","side":"buy","price":64384.110727296,"quantity":0.031063564867287806,"notional_usd":2000.0,"fee_usd":1.2,"balance_before_usd":9978.762599431795,"balance_after_usd":9976.9627394018,"decision":"ALLOW_CAPPED","cert_hash":"1590a454792fc2bb14708928d28474da4b2f54873e310fc2694c98b7c638fbec","prev_hash":"a7f0551ffff66c2567b6aba1989959f094d07214fd3ba4d16df8bc21884ee502","record_hash":"edc23bd685af79894bd14c6a55486be029ac3aed79a28548ce865af097d24ed0","signature_hex":"7308c02c533cd93d48687145a03dde0cd22ff22c40f43ac17b2a0d2c780863c83343949841d43dd66bb9a024b5acd23999af828b34f40652ef6e4bff5acfb003","public_key_hex":"c2f8243b0d573587f285c830a868acd19249d17d59ecbf9329e796dfed6fb630"}
{"seq":14,"ts":1781787480000,"agent_id":"rl-qlearn","symbol":"BTCUSDT","side":"buy","price":64354.565027134995,"quantity":0.015439596669965007,"notional_usd":993.60852789,"fee_usd":0.596165116734,"balance_before_usd":9975.330067112285,"balance_after_usd":9974.485864456095,"decision":"ALLOW","cert_hash":"60ccb7361f2b05d267e703bdaa5cd056835c82e6f8b6eefb87c760b3900c2aab","prev_hash":"edc23bd685af79894bd14c6a55486be029ac3aed79a28548ce865af097d24ed0","record_hash":"00cec0e0360b297dda40f450e56f0006d15cf714c4d769e1c87daae12aed3f07","signature_hex":"38965da063abd48e6e698b30eaa5e116a5bf2dd398d3ba8196823367b64263f03aa6bb1ff840428856422d376b96a107ed610e810cf481ff1a84d275ad2c4505","public_key_hex":"c2f8243b0d573587f285c830a868acd19249d17d59ecbf9329e796dfed6fb630"}
{"seq":15,"ts":1781787540000,"agent_id":"rl-qlearn","symbol":"BTCUSDT","side":"sell","price":64327.69718694,"quantity":0.031090806720282315,"notional_usd":2000.0,"fee_usd":1.2,"balance_before_usd":9975.144770779154,"balance_after_usd":9973.344630749147,"decision":"ALLOW_CAPPED","cert_hash":"1c7b2ac192b256127ea483844be633d44f2be6e5ce215d59522d58df537c81e8","prev_hash":"00cec0e0360b297dda40f450e56f0006d15cf714c4d769e1c87daae12aed3f07","record_hash":"4192420533134f4db60dc4a7bef5d8d0cc3499b4eaed5471539ba948aaa3c9ee","signature_hex":"24f0a2fd923ce8dffea0ab081199fbb04a2908309254a84c41d89bd065c281375dd669c151b84056d282ed3e731598ff79d66be2f2f3cc18172c527371f3580e","public_key_hex":"c2f8243b0d573587f285c830a868acd19249d17d59ecbf9329e796dfed6fb630"}
{"seq":16,"ts":1781787600000,"agent_id":"rl-qlearn","symbol":"BTCUSDT","side":"sell","price":64327.997096946005,"quantity":0.031090661768714556,"notional_usd":2000.0,"fee_usd":1.2,"balance_before_usd":9973.358559024417,"balance_after_usd":9971.55841899441,"decision":"ALLOW_CAPPED","cert_hash":"74fdecf48a524d9f195691e0787901b7978421795c8114fbf8e2320f60e92305","prev_hash":"4192420533134f4db60dc4a7bef5d8d0cc3499b4eaed5471539ba948aaa3c9ee","record_hash":"66ba3fcce9a61137504c22388bd86cec3a934308b24e992e59ef5d67aa233680","signature_hex":"663e74091e4194569e09ea49b606add726b463ebc4fd6d10d109343142ef86c6b9cb4ffe9cbc1a0dacd90cec4acd9d337165c4c90da4e3d9c832222c3d8d7a03","public_key_hex":"c2f8243b0d573587f285c830a868acd19249d17d59ecbf9329e796dfed6fb630"}
{"seq":17,"ts":1781787660000,"agent_id":"rl-qlearn","symbol":"BTCUSDT","side":"sell","price":64284.17038270551,"quantity":0.0153407468065468,"notional_usd":986.16718151,"fee_usd":0.591700308906,"balance_before_usd":9970.836049946585,"balance_after_usd":9969.99844333736,"decision":"ALLOW","cert_hash":"dc5e8a125ff13e3c955ffdfb7ca9f90de4bba0a8d42eb5a7c614b7f34e37a3d5","prev_hash":"66ba3fcce9a61137504c22388bd86cec3a934308b24e992e59ef5d67aa233680","record_hash":"dd43d8a03d5d5d01447d9af9ae8bdeb70974e9cd99892d11bcedf354e8e691b8","signature_hex":"b9ed89c76598eeea855bee72e5ae2851241ab45168c618df178ae8f1f57f96682925d9f16a726de89d9e56c012082ce8bdb753452c640fa9b384fa9352801502","public_key_hex":"c2f8243b0d573587f285c830a868acd19249d17d59ecbf9329e796dfed6fb630"}
{"seq":18,"ts":1781788740000,"agent_id":"rl-qlearn","symbol":"BTCUSDT","side":"buy","price":64327.893866171995,"quantity":0.031090711661737408,"notional_usd":2000.0,"fee_usd":1.2,"balance_before_usd":9969.99841121284,"balance_after_usd":9968.198551182848,"decision":"ALLOW_CAPPED","cert_hash":"9af0c2913832e3f5971d5703f6e2bc723e265e5cda490db962852b7c93bad2bc","prev_hash":"dd43d8a03d5d5d01447d9af9ae8bdeb70974e9cd99892d11bcedf354e8e691b8","record_hash":"20c498f4f6fc288a24b812cf3c55009cb88d53f5ed25f863b6070b44711d779b","signature_hex":"068651de07f8605d2b84dbc849d9beb7fb21843652f38814a55f9a45ba288852bc2ebfc1cef85171de3e88de3065054d7d84d0551d629dd63ed0b5506b67fa02","public_key_hex":"c2f8243b0d573587f285c830a868acd19249d17d59ecbf9329e796dfed6fb630"}
{"seq":19,"ts":1781788800000,"agent_id":"rl-qlearn","symbol":"BTCUSDT","side":"sell","price":64336.094667108,"quantity":0.031086748587220436,"notional_usd":2000.0,"fee_usd":1.2,"balance_before_usd":9969.653417509158,"balance_after_usd":9967.853277479151,"decision":"ALLOW_CAPPED","cert_hash":"395dbafc34854e67d9a7d6c23a68d245ff13f04ee6481da1f913f71655d5a0f0","prev_hash":"20c498f4f6fc288a24b812cf3c55009cb88d53f5ed25f863b6070b44711d779b","record_hash":"d912187fb84bbec904d58ab8e30ebbbd721bd1a083ca55d7c2a748710cbaf272","signature_hex":"c31221af30425fca3efd5399baa7365dadf24883163a4125f208a31a63408ccbec0b03217d20359749133e13db5095808b93d98ba8e788bd724208f41a099b03","public_key_hex":"c2f8243b0d573587f285c830a868acd19249d17d59ecbf9329e796dfed6fb630"}
{"seq":20,"ts":1781788860000,"agent_id":"rl-qlearn","symbol":"BTCUSDT","side":"sell","price":64320.499346796,"quantity":0.03109428596343175,"notional_usd":2000.0,"fee_usd":1.2,"balance_before_usd":9967.853275315008,"balance_after_usd":9966.053135285001,"decision":"ALLOW_CAPPED","cert_hash":"b6810afcea1013c1eb86fdea45f0186f27f7a908987c6614b10341f982958841","prev_hash":"d912187fb84bbec904d58ab8e30ebbbd721bd1a083ca55d7c2a748710cbaf272","record_hash":"14a539b5927bea497961ebeb3bf99fdee06aa81e6c9796e8b46129d9d6d8060f","signature_hex":"673af12c01e43c29a174fdf1b340edb8e50704bed3eb949af16b6832494bb9711090c6e6df053deeca0e77e9013cc47cf61ee70c43cc9af112a4fe4517d16a01","public_key_hex":"c2f8243b0d573587f285c830a868acd19249d17d59ecbf9329e796dfed6fb630"}
{"seq":21,"ts":1781788920000,"agent_id":"rl-qlearn","symbol":"BTCUSDT","side":"buy","price":64353.101426676,"quantity":0.031078533212246223,"notional_usd":2000.0,"fee_usd":1.2,"balance_before_usd":9966.23970016842,"balance_after_usd":9964.439840138426,"decision":"ALLOW_CAPPED","cert_hash":"f1d0d93b6bb439787cdcc0cdb777eb0832e90fcff5d5f500b40b787ae0501c96","prev_hash":"14a539b5927bea497961ebeb3bf99fdee06aa81e6c9796e8b46129d9d6d8060f","record_hash":"148fb22d6fb5ff244c973b344f76f295c3b36f152d3c53abfc33137d2b61c9ed","signature_hex":"8d565a6ca74aa68d9b79551a1b1517bc6335140b74b072a64ba50834d4b45ca77f10359f99c666056e75a6e8b5164f3d97232cc32542b235faa072e9c8eaba0e","public_key_hex":"c2f8243b0d573587f285c830a868acd19249d17d59ecbf9329e796dfed6fb630"}
{"seq":22,"ts":1781788980000,"agent_id":"rl-qlearn","symbol":"BTCUSDT","side":"buy","price":64342.798336470005,"quantity":0.031083509758797423,"notional_usd":2000.0,"fee_usd":1.2,"balance_before_usd":9964.440000962873,"balance_after_usd":9962.64014093288,"decision":"ALLOW_CAPPED","cert_hash":"af9d5663b447800aa162c993cf96e2ebac1304cdeac5b9d66262033d2841cf5f","prev_hash":"148fb22d6fb5ff244c973b344f76f295c3b36f152d3c53abfc33137d2b61c9ed","record_hash":"bc6c53d12a909694800af274e5e53ed090313ec577441163580dbcb7b8659090","signature_hex":"4fefb7617006b05af1cf45ab6d7a9e962b9e85735691040baab355b2222abfd7796fd4f79286ffed3f27eb2b6e453a64cdc54133ac8149087e263189e1561e0f","public_key_hex":"c2f8243b0d573587f285c830a868acd19249d17d59ecbf9329e796dfed6fb630"}
{"seq":23,"ts":1781789040000,"agent_id":"rl-qlearn","symbol":"BTCUSDT","side":"buy","price":64337.696806367996,"quantity":0.031085974464072588,"notional_usd":2000.0,"fee_usd":1.2,"balance_before_usd":9962.481694664633,"balance_after_usd":9960.681834634639,"decision":"ALLOW_CAPPED","cert_hash":"98fcffcfa73396099ed00565f0427f72ef124e9dc7a8a30a014203e744f68042","prev_hash":"bc6c53d12a909694800af274e5e53ed090313ec577441163580dbcb7b8659090","record_hash":"e50440ad503671940ce7458732881b6d24a38e78c018b16eed58acaedaefe7bd","signature_hex":"a8238ba1d19bebe99a6c2e326774f9465fbd0a796032495246838837604914924f50e6e8c1907fdd8395d0dbf1bbbb72f4619a7abc6baa13bf4fa1c08fb0e904","public_key_hex":"c2f8243b0d573587f285c830a868acd19249d17d59ecbf9329e796dfed6fb630"}
{"seq":24,"ts":1781789100000,"agent_id":"rl-qlearn","symbol":"BTCUSDT","side":"sell","price":64373.883327864,"quantity":0.031068500090537608,"notional_usd":2000.0,"fee_usd":1.2,"balance_before_usd":9965.330944125508,"balance_after_usd":9963.530804095502,"decision":"ALLOW_CAPPED","cert_hash":"d617ae84fdb4af7068210c4be98296bb98d66872664af7a4578a129dd069285a","prev_hash":"e50440ad503671940ce7458732881b6d24a38e78c018b16eed58acaedaefe7bd","record_hash":"50c3ab7cd95f624a1c27afff2d33b01b9203538b4f0c87bca17486a6fc753571","signature_hex":"ff1fefb6cf65445d06dd4f0279a493682a8655a702329f286d89e8690bf3d42d688284c49a52904e60e92f5719f386a760311b4319fa158f7c216b99f14f4d09","public_key_hex":"c2f8243b0d573587f285c830a868acd19249d17d59ecbf9329e796dfed6fb630"}
{"seq":25,"ts":1781789160000,"agent_id":"rl-qlearn","symbol":"BTCUSDT","side":"buy","price":64351.200856637995,"quantity":0.0310794510961126,"notional_usd":2000.0,"fee_usd":1.2,"balance_before_usd":9961.625270907867,"balance_after_usd":9959.825410877873,"decision":"ALLOW_CAPPED","cert_hash":"546ecc29aecd2b9c9ccb3dd570574493450dde8e532c392b3af6ae447e5d9d2b","prev_hash":"50c3ab7cd95f624a1c27afff2d33b01b9203538b4f0c87bca17486a6fc753571","record_hash":"8ae5964debf7f08b34e557c7aaed37f7ba9751b88785e6aae5a7e3b4a888f2e7","signature_hex":"6d0bc5a41812d9df63adc83122f1f5c95a2fc2825dc637eaf3894d5d483bbea93271e1f6f3b060540b9f71bcd806b9dd0fc54c48e6aedcf0284bfdeb0cdf2f0f","public_key_hex":"c2f8243b0d573587f285c830a868acd19249d17d59ecbf9329e796dfed6fb630"}
{"seq":26,"ts":1781789220000,"agent_id":"rl-qlearn","symbol":"BTCUSDT","side":"sell","price":64302.004896426006,"quantity":0.031103229257337866,"notional_usd":2000.0,"fee_usd":1.2,"balance_before_usd":9959.166463773106,"balance_after_usd":9957.366323743101,"decision":"ALLOW_CAPPED","cert_hash":"fa2e3ec6ed8b9d04ad12f955e542e76d397695148819b8f6225dd9d968636389","prev_hash":"8ae5964debf7f08b34e557c7aaed37f7ba9751b88785e6aae5a7e3b4a888f2e7","record_hash":"13ea3537619c336bd50676df584415c8d79e3c9dd15e0912853c75b8ef0218dd","signature_hex":"1486945699e8215507dd0112cdf18b8ce463c5a776b3235a3116eac0b88367e6e6d55e5bfdba4277765e3943984e5998779607440c883253113c59266f968c03","public_key_hex":"c2f8243b0d573587f285c830a868acd19249d17d59ecbf9329e796dfed6fb630"}
{"seq":27,"ts":1781789280000,"agent_id":"rl-qlearn","symbol":"BTCUSDT","side":"sell","price":64301.911618800266,"quantity":0.031070909365560114,"notional_usd":1997.91886794,"fee_usd":1.1987513207640002,"balance_before_usd":9957.363217583907,"balance_after_usd":9955.565158719077,"decision":"ALLOW","cert_hash":"3c303ba11e2b98d0d611082cee8555029edf87fc46c0720ef1bf46293a92ba79","prev_hash":"13ea3537619c336bd50676df584415c8d79e3c9dd15e0912853c75b8ef0218dd","record_hash":"c1c06bf8b0c02b333ea4f4643b816011def7afb740a32d7493abbd80d82c7f45","signature_hex":"5c39496d96f4a8662ba2d91611d45c70224de7eb1688670008e6bd98822da1ec53af24a13b8d0a84491c9a3a6e11665cce83e51021f340f261a08fdb87b13900","public_key_hex":"c2f8243b0d573587f285c830a868acd19249d17d59ecbf9329e796dfed6fb630"}
{"seq":28,"ts":1781790180000,"agent_id":"rl-qlearn","symbol":"BTCUSDT","side":"sell","price":63845.34192729001,"quantity":0.03132569956752196,"notional_usd":2000.0,"fee_usd":1.2,"balance_before_usd":9955.569413984125,"balance_after_usd":9953.76927395412,"decision":"ALLOW_CAPPED","cert_hash":"a5b376bcdf3589c41aa82e26f6c06139e3ef843c2586faf9b77a0d5b9397bfad","prev_hash":"c1c06bf8b0c02b333ea4f4643b816011def7afb740a32d7493abbd80d82c7f45","record_hash":"020a4f94be023d24da00a9c9dd0ee31598492f95513b95ff2b964864b67ad971","signature_hex":"a9af8c1be35e867cf1d72bf8b180fc22447f86d42f918de6e2f66ede7f87338460ebf0ba78cc3235449eb940d55f24a057a52d56b1b8bb0f9d0b7deedfe1a50d","public_key_hex":"c2f8243b0d573587f285c830a868acd19249d17d59ecbf9329e796dfed6fb630"}
{"seq":29,"ts":1781790240000,"agent_id":"rl-qlearn","symbol":"BTCUSDT","side":"sell","price":63829.446696972,"quantity":0.03133350050008937,"notional_usd":2000.0,"fee_usd":1.2,"balance_before_usd":9954.267500724198,"balance_after_usd":9952.46736069419,"decision":"ALLOW_CAPPED","cert_hash":"c1f9216937fc6d30de782aec508388741566d0deb032036712a78e84cbd8d21d","prev_hash":"020a4f94be023d24da00a9c9dd0ee31598492f95513b95ff2b964864b67ad971","record_hash":"45454ec5556eec1bbfa0c44914bbe1dc0bc1ca2bae861da15b567f93c764ba18","signature_hex":"92f5002af77aabb0120f7838ea0e00af3f0625fc44bce6011ed9f460553a7553b494e5d85aa83f2d3541b9afc291b5acf68dd95e44ed47c1b8df5ccfa3dc0604","public_key_hex":"c2f8243b0d573587f285c830a868acd19249d17d59ecbf9329e796dfed6fb630"}
{"seq":30,"ts":1781790300000,"agent_id":"rl-qlearn","symbol":"BTCUSDT","side":"buy","price":63910.068547817995,"quantity":0.031293973632708354,"notional_usd":2000.0,"fee_usd":1.2,"balance_before_usd":9949.816482404527,"balance_after_usd":9948.016622374533,"decision":"ALLOW_CAPPED","cert_hash":"231a20199ad32168c2bf908b8bdfce36350702b3147977f0a7ae56b1d8da6c49","prev_hash":"45454ec5556eec1bbfa0c44914bbe1dc0bc1ca2bae861da15b567f93c764ba18","record_hash":"ffcd02bd4aaccbbf81b25396a4bd9a650e4ef4a8fea6a5de32f928ec5f06992a","signature_hex":"884d8a4bbfaed45ce1ce01ff24f038a81012e62096d96c132cbdb6403bdfd25c23d52f870eb7fd2e459a404cf2a5e29da57d11d91c71da588a0d300a5dda8109","public_key_hex":"c2f8243b0d573587f285c830a868acd19249d17d59ecbf9329e796dfed6fb630"}
{"seq":31,"ts":1781790360000,"agent_id":"rl-qlearn","symbol":"BTCUSDT","side":"sell","price":63879.23175796801,"quantity":0.031309080353029276,"notional_usd":2000.0,"fee_usd":1.2,"balance_before_usd":9947.78131329563,"balance_after_usd":9945.981173265624,"decision":"ALLOW_CAPPED","cert_hash":"3712c73180b66ceffc8dfabe10d67f69e30496eb812eabb99a4fee1be126ea81","prev_hash":"ffcd02bd4aaccbbf81b25396a4bd9a650e4ef4a8fea6a5de32f928ec5f06992a","record_hash":"cac897294a43b9980716eee8459b48e4a5593cfde041c13a28b6f61db39e4536","signature_hex":"ed5c9ab8f2b6e5473d85ff9fc4d9c64ab805f4c90dcb3d2abc5e28ed9431d8fdb07931cd9457a39d8040523ab166db7bacf2b43d507c4a3d941fda37fc307502","public_key_hex":"c2f8243b0d573587f285c830a868acd19249d17d59ecbf9329e796dfed6fb630"}
{"seq":32,"ts":1781790420000,"agent_id":"rl-qlearn","symbol":"BTCUSDT","side":"sell","price":63801.22564303801,"quantity":0.015285780982742287,"notional_usd":975.25156161,"fee_usd":0.585150936966,"balance_before_usd":9951.077351913611,"balance_after_usd":9950.249549032884,"decision":"ALLOW","cert_hash":"82229256f235be9093ca83ea594451ad242ea545d581ad8d9272662a921deea5","prev_hash":"cac897294a43b9980716eee8459b48e4a5593cfde041c13a28b6f61db39e4536","record_hash":"3030653a34746f075114bb4a13112cbd3d5d2273aca6afcea67a156eb8909a72","signature_hex":"872a765ed8c62b46c9e8bc48202f8aa3a7521cae64f5817bddf27ac9f5551237ffe32030e2cdc45a9f2b94fc776fc114254fdb25e548c19c7826e9160d6d250f","public_key_hex":"c2f8243b0d573587f285c830a868acd19249d17d59ecbf9329e796dfed6fb630"}
{"seq":33,"ts":1781790480000,"agent_id":"rl-qlearn","symbol":"BTCUSDT","side":"buy","price":63928.374038183996,"quantity":0.031285012798939846,"notional_usd":2000.0,"fee_usd":1.2,"balance_before_usd":9943.068566814956,"balance_after_usd":9941.268706784962,"decision":"ALLOW_CAPPED","cert_hash":"8c1a53f7345c01446fb26688dc9c219c2970696b3daf0aecef1f921a67fa7dea","prev_hash":"3030653a34746f075114bb4a13112cbd3d5d2273aca6afcea67a156eb8909a72","record_hash":"e5e7f0027b1ba966adf10e1da942195cec30736d64d9d161a68694aab1a0d7b7","signature_hex":"851ba58d6920c8e362625373b8e276f170f4c398766b4ecbc5ed16da15537b64e549ff42732f254aba979534acefc4b9501897015b27016284fcb3569308890b","public_key_hex":"c2f8243b0d573587f285c830a868acd19249d17d59ecbf9329e796dfed6fb630"}
{"seq":34,"ts":1781790540000,"agent_id":"rl-qlearn","symbol":"BTCUSDT","side":"buy","price":64097.82486157199,"quantity":0.031202306853926373,"notional_usd":2000.0,"fee_usd":1.2,"balance_before_usd":9933.360370714048,"balance_after_usd":9931.560510684054,"decision":"ALLOW_CAPPED","cert_hash":"ddc061b1265ae68a7197ade990b3b8257de7f35e4e3736b61c6000c4dc2533aa","prev_hash":"e5e7f0027b1ba966adf10e1da942195cec30736d64d9d161a68694aab1a0d7b7","record_hash":"e4cfea060f74e13bea1191dc657e9ab20d1b1be3135a2af62dd64deeae530c1e","signature_hex":"3d529008c4e47bd29a18c5553395bfd6ce13d8a6c0e9f9c947fe57928e46ecbb013eabb5934f895891553a53c3865a386cef05cf890555000d670fc1c7562d07","public_key_hex":"c2f8243b0d573587f285c830a868acd19249d17d59ecbf9329e796dfed6fb630"}
{"seq":35,"ts":1781790600000,"agent_id":"rl-qlearn","symbol":"BTCUSDT","side":"sell","price":64037.484271133995,"quantity":0.031231707846798327,"notional_usd":2000.0,"fee_usd":1.2,"balance_before_usd":9931.8995683573,"balance_after_usd":9930.099428327294,"decision":"ALLOW_CAPPED","cert_hash":"464e13323e52287bbcab5703cd2f978b7d2d5e39638cf466b53b6c11396a6212","prev_hash":"e4cfea060f74e13bea1191dc657e9ab20d1b1be3135a2af62dd64deeae530c1e","record_hash":"ef2f1635de6ec3862e07ae3e25c92a7aa88cb6a988c84dd21907f00dbdaa7b36","signature_hex":"786cd7b1a0e483643b0c3723c2d592b8772baed25304ed4b07bbe023b5fddeab83fc46f4d21ea159b3c76645b330befe3e64cefc3feade0ed63ee31e4125d208","public_key_hex":"c2f8243b0d573587f285c830a868acd19249d17d59ecbf9329e796dfed6fb630"}
{"seq":36,"ts":1781790660000,"agent_id":"rl-qlearn","symbol":"BTCUSDT","side":"buy","price":64092.323211462,"quantity":0.03120498524294917,"notional_usd":2000.0,"fee_usd":1.2,"balance_before_usd":9929.33332211581,"balance_after_usd":9927.533462085816,"decision":"ALLOW_CAPPED","cert_hash":"4a382a237e1d574f57f288f1aeeff4cf3a4ace8197ec2a15342deabff0d81015","prev_hash":"ef2f1635de6ec3862e07ae3e25c92a7aa88cb6a988c84dd21907f00dbdaa7b36","record_hash":"f2339ffb36e3786479f6ed1e3050d92058c845058f3d20941d9f71a7c9b710ec","signature_hex":"53c73eafd349e68a1dd6026d11afa14ceb6d58e838832796fa3cd2f6260bb2bd4151c570dcfda1a0cc9bf0963eec5a047a6083b2cb53fcbbeceb930226988103","public_key_hex":"c2f8243b0d573587f285c830a868acd19249d17d59ecbf9329e796dfed6fb630"}
{"seq":37,"ts":1781790720000,"agent_id":"rl-qlearn","symbol":"BTCUSDT","side":"sell","price":64066.875451722,"quantity":0.031217380056361772,"notional_usd":2000.0,"fee_usd":1.2,"balance_before_usd":9927.331847579993,"balance_after_usd":9925.531707549986,"decision":"ALLOW_CAPPED","cert_hash":"227c6d5ade17a4cd2d48e34992e218f55e0f7ee84f293efd066e3354ec307389","prev_hash":"f2339ffb36e3786479f6ed1e3050d92058c845058f3d20941d9f71a7c9b710ec","record_hash":"cc76615c6d0671e8e1067977d593da76320ccdc91235687f798f3f929d9930c9","signature_hex":"b29f32d609a2c9b444d9fc2a5e335656f4f0f324e3d92276244edc38f04ddebdfd91afc6d1ea16ae27646a83be808c19beef2f82d8ceabb611b734a271f57d08","public_key_hex":"c2f8243b0d573587f285c830a868acd19249d17d59ecbf9329e796dfed6fb630"}
{"seq":38,"ts":1781790780000,"agent_id":"rl-qlearn","symbol":"BTCUSDT","side":"buy","price":64064.014720896,"quantity":0.03121877404519971,"notional_usd":2000.0,"fee_usd":1.2,"balance_before_usd":9927.461499122504,"balance_after_usd":9925.66163909251,"decision":"ALLOW_CAPPED","cert_hash":"3455a6363cdc655ebf4c0cb2fcd8a7dbcb4c819941282dec352847d7f0d5cddc","prev_hash":"cc76615c6d0671e8e1067977d593da76320ccdc91235687f798f3f929d9930c9","record_hash":"582ce8797c75b8665ba6132b497b9e9aecaffe127a00ea26f5f6569fca4667ba","signature_hex":"e50074badc5ac01c7d86eeae49989cbaa579f384b5732b2b9cf320f0da07b7a5802190e3cbdd3e2139b52dda925a3f9c88990b5557f4c653965a5682ef456607","public_key_hex":"c2f8243b0d573587f285c830a868acd19249d17d59ecbf9329e796dfed6fb630"}
{"seq":39,"ts":1781790840000,"agent_id":"rl-qlearn","symbol":"BTCUSDT","side":"sell","price":64055.978721504,"quantity":0.031222690526600094,"notional_usd":2000.0,"fee_usd":1.2,"balance_before_usd":9925.190213702308,"balance_after_usd":9923.3900736723,"decision":"ALLOW_CAPPED","cert_hash":"69cf6e7b21a511eb9c604fa30aab520583e1b9706159048b3a8cf7e37e4d5a63","prev_hash":"582ce8797c75b8665ba6132b497b9e9aecaffe127a00ea26f5f6569fca4667ba","record_hash":"a5be7bf23fbcc54edba26f70715be02beed4a9ea4addab8f6adb29e1a6e413b4","signature_hex":"76d4999a377d7b5b27f9fc0bc4a36351cf228dfe2adebccb0f669ce45dea4b6e71c721e435794c9eed6a3b68ba44616b2085de9b14bac8ffc2cf900a1a8adf0d","public_key_hex":"c2f8243b0d573587f285c830a868acd19249d17d59ecbf9329e796dfed6fb630"}
{"seq":40,"ts":1781790900000,"agent_id":"rl-qlearn","symbol":"BTCUSDT","side":"sell","price":64012.886174915926,"quantity":0.03078258866465785,"notional_usd":1970.48234436,"fee_usd":1.1822894066160001,"balance_before_usd":9925.408814194388,"balance_after_usd":9923.638151772402,"decision":"ALLOW","cert_hash":"fbf201ca03d4b4abba4def1ba436a9683486c5c3130af23759ba298391b2c33e","prev_hash":"a5be7bf23fbcc54edba26f70715be02beed4a9ea4addab8f6adb29e1a6e413b4","record_hash":"49a0544e61a8a9095987c4188856b321ab8ad53a4e484c882cc0e8951c30a565","signature_hex":"012eda63a0a81358caf8bf681678424e921a216250e7b5e13742cde8887ff897f9f66cc9f8696016d642e27060389df017386df6fe389a756faecbf9c42ba006","public_key_hex":"c2f8243b0d573587f285c830a868acd19249d17d59ecbf9329e796dfed6fb630"}
{"seq":41,"ts":1781790960000,"agent_id":"rl-qlearn","symbol":"BTCUSDT","side":"buy","price":63974.287809101996,"quantity":0.03126255982665974,"notional_usd":2000.0,"fee_usd":1.2,"balance_before_usd":9929.59887789045,"balance_after_usd":9927.799017860456,"decision":"ALLOW_CAPPED","cert_hash":"009449b1e8328da216a526ce7befe937dc03be259f7bea01e323577f4f00bd1b","prev_hash":"49a0544e61a8a9095987c4188856b321ab8ad53a4e484c882cc0e8951c30a565","record_hash":"f762dc17296319daa04f56c71eecd8a6197953b41219dc74a3b225c0e6804935","signature_hex":"0db7a59ebc1f68513e8388c86922923c5121d3be955b135e89cd483a0d72f1187faf487d5522f70b4ed44e57ffa8b24918265504013314542ae6d697938d3005","public_key_hex":"c2f8243b0d573587f285c830a868acd19249d17d59ecbf9329e796dfed6fb630"}
{"seq":42,"ts":1781791020000,"agent_id":"rl-qlearn","symbol":"BTCUSDT","side":"buy","price":63944.87898851399,"quantity":0.03127693775695857,"notional_usd":2000.0,"fee_usd":1.2,"balance_before_usd":9929.158771785824,"balance_after_usd":9927.35891175583,"decision":"ALLOW_CAPPED","cert_hash":"0710f5dd16b21bc9123a63ea159cb346d3baf8cbff78c585a55ec8d4d1302a47","prev_hash":"f762dc17296319daa04f56c71eecd8a6197953b41219dc74a3b225c0e6804935","record_hash":"5a1d506b50ffa23bf41af71ebfcf9bc44317dd068a37d61e70ac6bf9cf23744b","signature_hex":"da99ae2b584d40b163cc9c42437d1ea0993426e1b103b79bd2bd81c6e4f70f2a5ac430866f1087946735e5195d0292a77c34edc9216a74a680876063e012d409","public_key_hex":"c2f8243b0d573587f285c830a868acd19249d17d59ecbf9329e796dfed6fb630"}
{"seq":43,"ts":1781791080000,"agent_id":"rl-qlearn","symbol":"BTCUSDT","side":"buy","price":63885.92903911682,"quantity":0.014969485845066782,"notional_usd":956.33951045,"fee_usd":0.57380370627,"balance_before_usd":9928.191421440031,"balance_after_usd":9927.380665156761,"decision":"ALLOW","cert_hash":"96bccbd2f222de100525db13fa2f9b7f5ef83dd99b357c5b6e4ff633cd50a6b2","prev_hash":"5a1d506b50ffa23bf41af71ebfcf9bc44317dd068a37d61e70ac6bf9cf23744b","record_hash":"09d61f89c5cd8b5215debdd6ae0542bec3eff5ca0eff8d1781c0e07782cc8320","signature_hex":"39a4e5a134812b16ccec640bcbbb7544dfffa8780a7cf261d9fcca1b7d89f70029139b43802b29327e260072645749bf4be835d9c7eb219425fabc2d6be51f0c","public_key_hex":"c2f8243b0d573587f285c830a868acd19249d17d59ecbf9329e796dfed6fb630"}
{"seq":44,"ts":1781792340000,"agent_id":"rl-qlearn","symbol":"BTCUSDT","side":"buy","price":63937.176678359996,"quantity":0.03128070559106991,"notional_usd":2000.0,"fee_usd":1.2,"balance_before_usd":9927.380487451885,"balance_after_usd":9925.58062742189,"decision":"ALLOW_CAPPED","cert_hash":"8315d6a40f90dd03760b65554063b65fd73e7a11f096a2e78e956f275e5ce1b3","prev_hash":"09d61f89c5cd8b5215debdd6ae0542bec3eff5ca0eff8d1781c0e07782cc8320","record_hash":"aee591a322db743a12fadd5cb0a298f18d609b428aa3dbfae052ab6310ed1971","signature_hex":"6b8c4642a3e8c7492e8ab0cf001e695f386f8bc95e741f2ac17eb726dfb830e778748dd7a100243e01fdab0afc90fc7e4c91d3397654e7876a9aa1b09f9afc05","public_key_hex":"c2f8243b0d573587f285c830a868acd19249d17d59ecbf9329e796dfed6fb630"}
{"seq":45,"ts":1781792400000,"agent_id":"rl-qlearn","symbol":"BTCUSDT","side":"buy","price":63964.384838904,"quantity":0.03126739989819417,"notional_usd":2000.0,"fee_usd":1.2,"balance_before_usd":9926.431361704308,"balance_after_usd":9924.631501674314,"decision":"ALLOW_CAPPED","cert_hash":"bbccc598f76405400c431082afa1ca589d71af5c7fbb2dac3b0245867b2bb3ad","prev_hash":"aee591a322db743a12fadd5cb0a298f18d609b428aa3dbfae052ab6310ed1971","record_hash":"712fd8cf0bf2987638521390c28197d62f32597441109e03e97a08b474cc53ff","signature_hex":"3a0fc0e9b5c464dd7ea531327ff935ec7bb888e9543e5951da50356a220a6083da5fd76185bfc095c4dd8c878cbf8294106239b661b0d08aa3fdacb31182d60a","public_key_hex":"c2f8243b0d573587f285c830a868acd19249d17d59ecbf9329e796dfed6fb630"}
{"seq":46,"ts":1781792460000,"agent_id":"rl-qlearn","symbol":"BTCUSDT","side":"sell","price":63930.716308998,"quantity":0.03128386658978366,"notional_usd":2000.0,"fee_usd":1.2,"balance_before_usd":9924.92546033352,"balance_after_usd":9923.125320303512,"decision":"ALLOW_CAPPED","cert_hash":"5d6b674a31f0d3313b8d370c51ad99dceb1cdef264b674470b793d58d6a3494a","prev_hash":"712fd8cf0bf2987638521390c28197d62f32597441109e03e97a08b474cc53ff","record_hash":"4d7bd3dacd4709ab735580bc007751973471e29b268c5bb6735064bd1c017097","signature_hex":"1f2750f5b615a849849bae864f83e748248f84e39525edc35d8a024f74ad7123f3076927d009f51de28edd2558226f08003b93b4a9eb42b5aa7cc804776e5401","public_key_hex":"c2f8243b0d573587f285c830a868acd19249d17d59ecbf9329e796dfed6fb630"}
{"seq":47,"ts":1781792520000,"agent_id":"rl-qlearn","symbol":"BTCUSDT","side":"sell","price":63920.01951878399,"quantity":0.03128910183471183,"notional_usd":2000.0,"fee_usd":1.2,"balance_before_usd":9922.790832643368,"balance_after_usd":9920.990692613359,"decision":"ALLOW_CAPPED","cert_hash":"2cc00eb647db1f5b7faba6bb24274515affd02f5f0636452267ad5e5ef6c386c","prev_hash":"4d7bd3dacd4709ab735580bc007751973471e29b268c5bb6735064bd1c017097","record_hash":"61e46bf8221bb5d09ad0e93164b443fe2fdd854597d8a270e600051fa361c72b","signature_hex":"65a7cf4947ef8150256447110dc4249f1b8a4ae82dc8c8c73a2cada8883d80afb0d929294d466ba46558f15b8109ae4cf529a4596f62abc9d9b7aec818759c09","public_key_hex":"c2f8243b0d573587f285c830a868acd19249d17d59ecbf9329e796dfed6fb630"}
{"seq":48,"ts":1781792580000,"agent_id":"rl-qlearn","symbol":"BTCUSDT","side":"sell","price":64030.786281,"quantity":0.031234974863856457,"notional_usd":2000.0,"fee_usd":1.2,"balance_before_usd":9920.987526741672,"balance_after_usd":9919.187386711665,"decision":"ALLOW_CAPPED","cert_hash":"5fff6d5f9aae238a4aca1b1ad0a29b798a2eeb6b932af014cf93cf138102df1e","prev_hash":"61e46bf8221bb5d09ad0e93164b443fe2fdd854597d8a270e600051fa361c72b","record_hash":"f449655006d6886c6de5315ae7060731294d39d88c4f3f9ad71f9ca18c1e9187","signature_hex":"a4c2c126197ab6c94b36c7c2a9bceb0001ace2df579ad08f56c78ef6ce1469a8ce81ccd042aa45c67629bbb13889e88733ba1caebee889357e5cd7aad7303c00","public_key_hex":"c2f8243b0d573587f285c830a868acd19249d17d59ecbf9329e796dfed6fb630"}
{"seq":49,"ts":1781792640000,"agent_id":"rl-qlearn","symbol":"BTCUSDT","side":"buy","price":64075.118051118,"quantity":0.03121336426418185,"notional_usd":2000.0,"fee_usd":1.2,"balance_before_usd":9919.002931780158,"balance_after_usd":9917.203071750164,"decision":"ALLOW_CAPPED","cert_hash":"eaf238b843759227bbb38b7dca7048b9d6200c741e23862cd85674254c0095c0","prev_hash":"f449655006d6886c6de5315ae7060731294d39d88c4f3f9ad71f9ca18c1e9187","record_hash":"95a62bdc9a00bab0e588b2572138a8ca818a3a568c1ff36541240188ff4290f7","signature_hex":"e42135a5377d4cc4295bccd87df8143d4b3fe6803f2991803d489b1094e076c7495c130abde72f7ad65abdfdedac4399bb87e2da0d03334a66d5a1f37a273c0e","public_key_hex":"c2f8243b0d573587f285c830a868acd19249d17d59ecbf9329e796dfed6fb630"}
{"seq":50,"ts":1781792700000,"agent_id":"rl-qlearn","symbol":"BTCUSDT","side":"sell","price":63969.004819764,"quantity":0.0312651416984695,"notional_usd":2000.0,"fee_usd":1.2,"balance_before_usd":9917.20646916965,"balance_after_usd":9915.406329139643,"decision":"ALLOW_CAPPED","cert_hash":"92c88bbb8ee58e9fa122bf0ae6808919a53949023ed3d552db0c287f56916320","prev_hash":"95a62bdc9a00bab0e588b2572138a8ca818a3a568c1ff36541240188ff4290f7","record_hash":"84a17a685e21e01a3cc4800e52dacd2d2712a85b6868144de754cbcc1c78345f","signature_hex":"075579a6b6fa6f18210e09e283157441c5b9161a96ac6e81e2f8b2eacb4ea044fd631466d71af515e8c2bf759b21351a2246adb9c0f36f124d47057d4eef3308","public_key_hex":"c2f8243b0d573587f285c830a868acd19249d17d59ecbf9329e796dfed6fb630"}
{"seq":51,"ts":1781792760000,"agent_id":"rl-qlearn","symbol":"BTCUSDT","side":"sell","price":63894.427198272,"quantity":0.031301634394401284,"notional_usd":2000.0,"fee_usd":1.2,"balance_before_usd":9917.742452395632,"balance_after_usd":9915.942312365627,"decision":"ALLOW_CAPPED","cert_hash":"d0c4f5afd4ac981ffff0f34ddd21b04e3bd48912068998a87734df97f4145c7f","prev_hash":"84a17a685e21e01a3cc4800e52dacd2d2712a85b6868144de754cbcc1c78345f","record_hash":"781a338aa62273a25036f9d9dc083d37f709d18229b7acc09eef71341ada943b","signature_hex":"0f2f46c699197862ddca73c63e62d7dd79519617412f100f7da06a88b640257bb4eb74afdd4f619f0d2dd2e8f1f09bb1d552c86d98e186b0582a7fd359a13505","public_key_hex":"c2f8243b0d573587f285c830a868acd19249d17d59ecbf9329e796dfed6fb630"}
{"seq":52,"ts":1781792820000,"agent_id":"rl-qlearn","symbol":"BTCUSDT","side":"sell","price":63865.161785880504,"quantity":0.015015350988306886,"notional_usd":958.95782014,"fee_usd":0.5753746920839999,"balance_before_usd":9917.983625246685,"balance_after_usd":9917.17043421057,"decision":"ALLOW","cert_hash":"52707e731e9c7fe1eed5128587bcfa081a01ef3b84d5b343a4c8749d71ca8db5","prev_hash":"781a338aa62273a25036f9d9dc083d37f709d18229b7acc09eef71341ada943b","record_hash":"85e1062b823052da934303a4162e223d921d2a4d44e7628823a6671064386315","signature_hex":"628b52d62769a84b34df0dffd262659c576ceb44cf682277442b151c4eee4d90486e695fd25c881530ac3e56b57bc8468efc3aa8f795207fcb0e94c3e2ad8d0a","public_key_hex":"c2f8243b0d573587f285c830a868acd19249d17d59ecbf9329e796dfed6fb630"}
{"seq":53,"ts":1781792880000,"agent_id":"rl-qlearn","symbol":"BTCUSDT","side":"buy","price":63835.74625633199,"quantity":0.03133040838856985,"notional_usd":2000.0,"fee_usd":1.2,"balance_before_usd":9922.169955008703,"balance_after_usd":9920.370094978709,"decision":"ALLOW_CAPPED","cert_hash":"b9d48bbf580cf1287dbe963a3e86d1ee007e769748b1076061cbf9eb5f8633f1","prev_hash":"85e1062b823052da934303a4162e223d921d2a4d44e7628823a6671064386315","record_hash":"f25343e5152776deee314a257db99790660f973a69a41324e3f8a40382eb4749","signature_hex":"e024081cd5d0e5c042b014c6ebe68eaa82ff6bc0077175ae6e0a30c4edca45cd0aa72162202de7f75040fc959af25e3f851ef22b69a6e2b5e4a8294efeaa8f0f","public_key_hex":"c2f8243b0d573587f285c830a868acd19249d17d59ecbf9329e796dfed6fb630"}
{"seq":54,"ts":1781792940000,"agent_id":"rl-qlearn","symbol":"BTCUSDT","side":"buy","price":63804.736955712,"quantity":0.03134563506449742,"notional_usd":2000.0,"fee_usd":1.2,"balance_before_usd":9921.805453945093,"balance_after_usd":9920.005593915099,"decision":"ALLOW_CAPPED","cert_hash":"024923e16a03f982759f05a3c33f73c8f27cc94dfe1916a6bed64dbf729ad339","prev_hash":"f25343e5152776deee314a257db99790660f973a69a41324e3f8a40382eb4749","record_hash":"c10fb9b706e583627029d65d0b29755ba20dab941e2d5ef244d84c8f66177635","signature_hex":"fe425e64f538b7800b407447b7eacc66e0fe439ea3c0d83f288b535f9de26b0417ff754961441a6b81377f3219a2340434a60d96494ed4debca7214e2ad47601","public_key_hex":"c2f8243b0d573587f285c830a868acd19249d17d59ecbf9329e796dfed6fb630"}
{"seq":55,"ts":1781793000000,"agent_id":"rl-qlearn","symbol":"BTCUSDT","side":"buy","price":63780.82978523399,"quantity":0.03135738444818765,"notional_usd":2000.0,"fee_usd":1.2,"balance_before_usd":9920.363048698238,"balance_after_usd":9918.563188668244,"decision":"ALLOW_CAPPED","cert_hash":"f7da09c2c6962a56086012d20268b9370055d7ff98e288a2d53ce03640140600","prev_hash":"c10fb9b706e583627029d65d0b29755ba20dab941e2d5ef244d84c8f66177635","record_hash":"db17ca5fb327632976dd02891841f3359759cd35c68a78d5830da60c5c88d4f1","signature_hex":"47823cee36e53fdf453252a310b002a24f8d6eb69a62c1e6903463700db6e4c2ad6aefa4abc9cf65d15ca4063c6bb8f1857220bc8ed0cb0e225d103aa937170d","public_key_hex":"c2f8243b0d573587f285c830a868acd19249d17d59ecbf9329e796dfed6fb630"}
{"seq":56,"ts":1781793060000,"agent_id":"rl-qlearn","symbol":"BTCUSDT","side":"buy","price":63860.253606822,"quantity":0.03131838486445262,"notional_usd":2000.0,"fee_usd":1.2,"balance_before_usd":9919.86543738752,"balance_after_usd":9918.065577357527,"decision":"ALLOW_CAPPED","cert_hash":"b7e0dd3f9d7ca8719e1349b40dccce71a1efad6b7a5481c88c6692ad1ad4f77e","prev_hash":"db17ca5fb327632976dd02891841f3359759cd35c68a78d5830da60c5c88d4f1","record_hash":"01857b32f44a05ccd370809d4aacd8a8359ea0aa1ccfc45e27b5f35e83533bd5","signature_hex":"57cd8750f836f9d79f1ba19c67a66e7edaa44d09efed5a29b8cb5ca0a2f300ff62d461f8d59588c813112f3a75390cb50112339b4c3c97f4a1d02238949b9606","public_key_hex":"c2f8243b0d573587f285c830a868acd19249d17d59ecbf9329e796dfed6fb630"}
{"seq":57,"ts":1781793120000,"agent_id":"rl-qlearn","symbol":"BTCUSDT","side":"buy","price":63881.079119313195,"quantity":0.029931614495408935,"notional_usd":1912.06383375,"fee_usd":1.14723830025,"balance_before_usd":9919.072458854698,"balance_after_usd":9917.360138033153,"decision":"ALLOW","cert_hash":"823b44b1a5b98359a9c1243a157f05f50bdac8e26e019deb2b26ad6b24f60d86","prev_hash":"01857b32f44a05ccd370809d4aacd8a8359ea0aa1ccfc45e27b5f35e83533bd5","record_hash":"b676ba3c1d086997c1a1bcbf5f5f854a65453b4dd8cacc7230c3b8da9a5174c7","signature_hex":"2ac5947ee44e59e44e32ac70456d1f1f970233c21f0e122ce4c692a3bb1b5747b1453873830ec000754e59248d75ba4629e6d8acbb5a4be7c355b2a3c2dc7009","public_key_hex":"c2f8243b0d573587f285c830a868acd19249d17d59ecbf9329e796dfed6fb630"}
{"seq":58,"ts":1781793180000,"agent_id":"rl-qlearn","symbol":"BTCUSDT","side":"sell","price":63833.84537706,"quantity":0.031331341362661205,"notional_usd":2000.0,"fee_usd":1.2,"balance_before_usd":9916.645747759227,"balance_after_usd":9914.845607729221,"decision":"ALLOW_CAPPED","cert_hash":"bb4038913639ae9b4338d6f631de6a20b3d6b4a0ee123dfa99b7ddce6f951870","prev_hash":"b676ba3c1d086997c1a1bcbf5f5f854a65453b4dd8cacc7230c3b8da9a5174c7","record_hash":"86629b59999d50f22beb1eef35af2f98d804d39f609fbddf9d723cd2af449188","signature_hex":"afe3ce3a0abb664c3293ec6cffa3c1ff7524b591843861e8b6b306602115c672206342906ab86355f208a9c4b484abcf1bc3d2038bd14be2921d46ba3764ea04","public_key_hex":"c2f8243b0d573587f285c830a868acd19249d17d59ecbf9329e796dfed6fb630"}
{"seq":59,"ts":1781793240000,"agent_id":"rl-qlearn","symbol":"BTCUSDT","side":"sell","price":63849.040817363995,"quantity":0.031323884813256146,"notional_usd":2000.0,"fee_usd":1.2,"balance_before_usd":9915.549668314823,"balance_after_usd":9913.749528284816,"decision":"ALLOW_CAPPED","cert_hash":"f8bfa59a9c5815cde7977bcf39ff6491cd510b7be1401dfd216f833240b2d8fd","prev_hash":"86629b59999d50f22beb1eef35af2f98d804d39f609fbddf9d723cd2af449188","record_hash":"2e33525079789835f9280d5b95049a824ecdc0a2caf85c5a3e9476eff4e19a3f","signature_hex":"6844e758c8466d54c2926ed3f3cf2a7668f39e05843697959243781f14092bee8eaa22499100c663e3aac017683d2b593ec0dee08c31ed991460b13165637a08","public_key_hex":"c2f8243b0d573587f285c830a868acd19249d17d59ecbf9329e796dfed6fb630"}
{"seq":60,"ts":1781793300000,"agent_id":"rl-qlearn","symbol":"BTCUSDT","side":"sell","price":63859.06680085521,"quantity":0.014999608632038015,"notional_usd":957.86100962,"fee_usd":0.574716605772,"balance_before_usd":9913.850000751536,"balance_after_usd":9913.037792355197,"decision":"ALLOW","cert_hash":"77536bc80b4963bdd1168e0b7606bcbd0c77d380b7726d7610117a3de3e8044a","prev_hash":"2e33525079789835f9280d5b95049a824ecdc0a2caf85c5a3e9476eff4e19a3f","record_hash":"d998d45c56c6b216ca4ca75ba859f6c2f5b27bd8ab80dac183f57f87d23a78a8","signature_hex":"e2a92aee818a9f14b16734fbb2c6c3c9ab6760f75800c902a6b952383704b26e277f669e97f3421e8e9830126187af2f86771034ff31e522896ba23e033ea30d","public_key_hex":"c2f8243b0d573587f285c830a868acd19249d17d59ecbf9329e796dfed6fb630"}
{"seq":61,"ts":1781795040000,"agent_id":"rl-qlearn","symbol":"BTCUSDT","side":"buy","price":63661.393962846,"quantity":0.03141621437267362,"notional_usd":2000.0,"fee_usd":1.2,"balance_before_usd":9913.038657179875,"balance_after_usd":9911.238797149881,"decision":"ALLOW_CAPPED","cert_hash":"1266a690f4e895859e63165d1913636f8f94d8a0848741450afdd34d6ad5aba4","prev_hash":"d998d45c56c6b216ca4ca75ba859f6c2f5b27bd8ab80dac183f57f87d23a78a8","record_hash":"1c9015ab4ae535a51e146a9c720c2ccf639e8db08b2da32d4a8afde83a09c13b","signature_hex":"4a8384743780aec6721ee0d9637ff16c359fbb3e2e3866ff96e2fe1611b1479be6a4eaa7a6741520494f1d9de6cc24e9486b981ff6a2f1f293182304cfcd1c06","public_key_hex":"c2f8243b0d573587f285c830a868acd19249d17d59ecbf9329e796dfed6fb630"}
{"seq":62,"ts":1781795100000,"agent_id":"rl-qlearn","symbol":"BTCUSDT","side":"sell","price":63535.04650213752,"quantity":0.031421916575804114,"notional_usd":1996.39293083,"fee_usd":1.197835758498,"balance_before_usd":9908.46821497659,"balance_after_usd":9906.671681797781,"decision":"ALLOW","cert_hash":"bf3217611612ba703e84f9dc49c9a27e32f6e3aa429a98694e17a0bd4834633d","prev_hash":"1c9015ab4ae535a51e146a9c720c2ccf639e8db08b2da32d4a8afde83a09c13b","record_hash":"9214185bd66ba0666f8ff4c2df1345951bfecc0485eeaabc0ec93f5b68bd735f","signature_hex":"0902b3637cf259a4ca38d26b526514ec7ccbd072654977f7ca516d82083e3e10c997f21c0838f40bc129627404a0e3147219353e7fbd6bf5b8e8b6c3f3a9eb08","public_key_hex":"c2f8243b0d573587f285c830a868acd19249d17d59ecbf9329e796dfed6fb630"}
{"seq":63,"ts":1781795160000,"agent_id":"rl-qlearn","symbol":"BTCUSDT","side":"sell","price":63624.708132876,"quantity":0.0314343288746116,"notional_usd":2000.0,"fee_usd":1.2,"balance_before_usd":9906.670836798665,"balance_after_usd":9904.87069676866,"decision":"ALLOW_CAPPED","cert_hash":"8a123c2d94ae144ba97e4916e99c0ba3191d6c23ad2ec17f8b73060d1173053b","prev_hash":"9214185bd66ba0666f8ff4c2df1345951bfecc0485eeaabc0ec93f5b68bd735f","record_hash":"27b162d7c2e3062ddae24b9762a798908ff75daf9f342dc811d9076d5b525030","signature_hex":"3d6278d10c423004306546748e39ce9a14bef79382d6e5a3f79b860364e92c9cb7152200c060859ac132533f213dfb8ed42c3ea4fdebdcb63ef7ef5c877d9e0e","public_key_hex":"c2f8243b0d573587f285c830a868acd19249d17d59ecbf9329e796dfed6fb630"}
{"seq":64,"ts":1781795220000,"agent_id":"rl-qlearn","symbol":"BTCUSDT","side":"buy","price":63639.58742241,"quantity":0.03142697935366755,"notional_usd":2000.0,"fee_usd":1.2,"balance_before_usd":9905.60333612396,"balance_after_usd":9903.803476093966,"decision":"ALLOW_CAPPED","cert_hash":"9ce934c481f79fa9a8023b504a833eda00b52fd1e364396160d2c4333f4c7a81","prev_hash":"27b162d7c2e3062ddae24b9762a798908ff75daf9f342dc811d9076d5b525030","record_hash":"7c74c365e983a2eb11197ffb363dbe0380de88dc4691f8fa9832aa983a1f8be9","signature_hex":"6814775e1f5029315d087d4e78586f34adc2bab538cb2e4ad50d9c467daabe1754f4d359f1b47be6b769d66ce084425211effb1bccf0a34dab2fa4fbee2e6e05","public_key_hex":"c2f8243b0d573587f285c830a868acd19249d17d59ecbf9329e796dfed6fb630"}
{"seq":65,"ts":1781795280000,"agent_id":"rl-qlearn","symbol":"BTCUSDT","side":"sell","price":63686.289654108004,"quantity":0.031403933418988124,"notional_usd":2000.0,"fee_usd":1.2,"balance_before_usd":9903.802052337867,"balance_after_usd":9902.00191230786,"decision":"ALLOW_CAPPED","cert_hash":"e64bf8dda42fadd7f7ed2084729118cc651237126e388a38495f98421243ae6d","prev_hash":"7c74c365e983a2eb11197ffb363dbe0380de88dc4691f8fa9832aa983a1f8be9","record_hash":"e7e8a9c3d898e2ef07ef1024e4de69e16948acacdee8c428be1908de40b30c89","signature_hex":"01da324ecedbc5dc9e200fdedce4a5ba5718432ef01c167f21e68f6195897d56bc62bbd8cfe105df760c729f86cb5f717bf5c38f01480ece441b26f6d0d3aa0a","public_key_hex":"c2f8243b0d573587f285c830a868acd19249d17d59ecbf9329e796dfed6fb630"}
{"seq":66,"ts":1781795340000,"agent_id":"rl-qlearn","symbol":"BTCUSDT","side":"buy","price":63666.595043025925,"quantity":0.03141127944471509,"notional_usd":1999.84920819,"fee_usd":1.199909524914,"balance_before_usd":9903.821171024294,"balance_after_usd":9902.021461766884,"decision":"ALLOW","cert_hash":"5c302f77cbb5f67066a7c174d7b69d1979f10bc48a27f831388826fa2c26b5c2","prev_hash":"e7e8a9c3d898e2ef07ef1024e4de69e16948acacdee8c428be1908de40b30c89","record_hash":"ef829c2f4a7a1483a38cf2cc0d89de72ba578aa300fbf58ae068ab107570837d","signature_hex":"14f0c804d2250032036dea0ead4f3230fb61b8f4a69e0b6f1159d09cf95190f0ccef6852c3c298b362255a65a11bd05a1ed434e7e0d3f7ff48d218bb519d6308","public_key_hex":"c2f8243b0d573587f285c830a868acd19249d17d59ecbf9329e796dfed6fb630"}
{"seq":67,"ts":1781795820000,"agent_id":"rl-qlearn","symbol":"BTCUSDT","side":"buy","price":63282.380285268,"quantity":0.03160437377646485,"notional_usd":2000.0,"fee_usd":1.2,"balance_before_usd":9902.02508143894,"balance_after_usd":9900.225221408946,"decision":"ALLOW_CAPPED","cert_hash":"722129618247f3eed69d96b21048693359c14d3c4c434f4ef2b576f1f823f353","prev_hash":"ef829c2f4a7a1483a38cf2cc0d89de72ba578aa300fbf58ae068ab107570837d","record_hash":"1266f8c58219cac4ab1be0a7e171a724c4e33b20c4dc88508c04b9f454bac3d3","signature_hex":"e2461acd81ccc7f65565a6a74f2a28bb014ef6daef9d3c512b71ac0b7199dc32da8e1f59f28c326fed772fc50edc806c2ece7ac3c6924512f4faa6ab54d8cb05","public_key_hex":"c2f8243b0d573587f285c830a868acd19249d17d59ecbf9329e796dfed6fb630"}
{"seq":68,"ts":1781795880000,"agent_id":"rl-qlearn","symbol":"BTCUSDT","side":"buy","price":63250.770804636,"quantity":0.031620168016251414,"notional_usd":2000.0,"fee_usd":1.2,"balance_before_usd":9899.226820988906,"balance_after_usd":9897.426960958914,"decision":"ALLOW_CAPPED","cert_hash":"f7d8dd1f6a79de4084f8e147f7d0556daed657d23e6b887970423e6ccb483e9b","prev_hash":"1266f8c58219cac4ab1be0a7e171a724c4e33b20c4dc88508c04b9f454bac3d3","record_hash":"462a9d7d85d2cbbd8487f83392d4482b209423bff48534ed53d6995d90167490","signature_hex":"b05b36cdb73736b077c69333add85ab208b9a655d8720e49f71087082124164df83d2d1a59feec9b1b03f1ddf18fd18ac4eb1d4a1c14cc8bf9563dc22bce0b0b","public_key_hex":"c2f8243b0d573587f285c830a868acd19249d17d59ecbf9329e796dfed6fb630"}
{"seq":69,"ts":1781795940000,"agent_id":"rl-qlearn","symbol":"BTCUSDT","side":"buy","price":63383.975695408735,"quantity":0.014943735207960624,"notional_usd":947.19334922,"fee_usd":0.5683160095319999,"balance_before_usd":9906.055824568304,"balance_after_usd":9905.253255117383,"decision":"ALLOW","cert_hash":"cdd7115f7ed960b46d99abc4d51af2feb161d557f7fc091b764fbef4cf078749","prev_hash":"462a9d7d85d2cbbd8487f83392d4482b209423bff48534ed53d6995d90167490","record_hash":"75d39d70ae6d7848207c15f70862d63360551190799e50ccd02d6d67e3c2537c","signature_hex":"0fe56543e1aa6b1a915b268e21dd032ff00fd6daff085d76a281724546695d705ddf5e283ee01e21e25bcc18c136c4fe91960308802d1b1b30c4924f88531a0a","public_key_hex":"c2f8243b0d573587f285c830a868acd19249d17d59ecbf9329e796dfed6fb630"}
{"seq":70,"ts":1781796180000,"agent_id":"rl-qlearn","symbol":"BTCUSDT","side":"sell","price":63322.79872683601,"quantity":0.031584200954661946,"notional_usd":2000.0,"fee_usd":1.2,"balance_before_usd":9903.182045506908,"balance_after_usd":9901.381905476901,"decision":"ALLOW_CAPPED","cert_hash":"6803e1547a7a9e067615d5e488a6f315dc1a51f25c9acfbc28269e184f01c7db","prev_hash":"75d39d70ae6d7848207c15f70862d63360551190799e50ccd02d6d67e3c2537c","record_hash":"be81827c9be8296aec91d99c1b7b208462c6b0e817c9fbb485a5b25e32de1f16","signature_hex":"9692dd7a050f351bdcce2485bac3fba025d97ddb5f18d8c0b1ec439dfd4ae25c307ba4872310f992ad77c89caac221e179e12065f374eabfee3550a6a98aed06","public_key_hex":"c2f8243b0d573587f285c830a868acd19249d17d59ecbf9329e796dfed6fb630"}
{"seq":71,"ts":1781796240000,"agent_id":"rl-qlearn","symbol":"BTCUSDT","side":"buy","price":63336.496516349995,"quantity":0.031577370236822465,"notional_usd":2000.0,"fee_usd":1.2,"balance_before_usd":9900.25014142672,"balance_after_usd":9898.450281396728,"decision":"ALLOW_CAPPED","cert_hash":"0ad484fcd3d87b305cfdc40127b86082f2f04ef8e51847ed8d8c446b73f7ee45","prev_hash":"be81827c9be8296aec91d99c1b7b208462c6b0e817c9fbb485a5b25e32de1f16","record_hash":"8d421f4979ccf4d4f0b9dc44668069c5ba933febff4cfd4cc80e60d4af171bad","signature_hex":"c1508beb83352ec5df2ad84b33a13f98cf19358dd800846c5466eaa9d8586807ce6e8aec2f7e35e45e0214e645547fdc38c64d0428dcc466faa174398b16d100","public_key_hex":"c2f8243b0d573587f285c830a868acd19249d17d59ecbf9329e796dfed6fb630"}
{"seq":72,"ts":1781796540000,"agent_id":"rl-qlearn","symbol":"BTCUSDT","side":"sell","price":63196.536614310004,"quantity":0.031647303905371404,"notional_usd":2000.0,"fee_usd":1.2,"balance_before_usd":9890.47877510095,"balance_after_usd":9888.678635070944,"decision":"ALLOW_CAPPED","cert_hash":"2f4050f8536a095799cc8b18b97d9a851fc84a723e6595cfa295feb232b4e7f7","prev_hash":"8d421f4979ccf4d4f0b9dc44668069c5ba933febff4cfd4cc80e60d4af171bad","record_hash":"2a460cf45a9101c1acdef20708925dc418fde7fd8434a168f72c2fec9f9ec049","signature_hex":"574fa76803ff624211fb25c0a6f87525a24a540ecf811cb780919c564f5a820690949ea7996e038f98839623a7154647be9a167b1e649995c44e8a9541bc3f01","public_key_hex":"c2f8243b0d573587f285c830a868acd19249d17d59ecbf9329e796dfed6fb630"}
{"seq":73,"ts":1781796600000,"agent_id":"rl-qlearn","symbol":"BTCUSDT","side":"buy","price":63318.891235997995,"quantity":0.03158615005663526,"notional_usd":2000.0,"fee_usd":1.2,"balance_before_usd":9892.603633320974,"balance_after_usd":9890.80377329098,"decision":"ALLOW_CAPPED","cert_hash":"f7be0cb723424f2e2fdcdf0cf6edafe891ce6cf97fc1651e142289d938d8565f","prev_hash":"2a460cf45a9101c1acdef20708925dc418fde7fd8434a168f72c2fec9f9ec049","record_hash":"b8533180db2c9be822c770f94acf74d828d4dd9a0e997a6c91891e6a3bc5fc42","signature_hex":"0a9a79df0bfcd8b207c43bcb58919183d2c024bab7c0f224a2e0160cc7b83c951b7a86e6bf73258196aa688271497a4b32b6f4e2a1eeafd0c34c6fc6ec9d900d","public_key_hex":"c2f8243b0d573587f285c830a868acd19249d17d59ecbf9329e796dfed6fb630"}
{"seq":74,"ts":1781796660000,"agent_id":"rl-qlearn","symbol":"BTCUSDT","side":"sell","price":63248.920895358,"quantity":0.03162109284534505,"notional_usd":2000.0,"fee_usd":1.2,"balance_before_usd":9888.304865493898,"balance_after_usd":9886.50472546389,"decision":"ALLOW_CAPPED","cert_hash":"564dd409d36028dcf7fa0bc76a2d5b7ee6cdf79c98c5457547921d320489e1d9","prev_hash":"b8533180db2c9be822c770f94acf74d828d4dd9a0e997a6c91891e6a3bc5fc42","record_hash":"9404bca599dc6bde4534bc71d0d310e3855825b4abc66a5f6c9f05bf76ac8945","signature_hex":"d2c6aee62f635b17de7df225b4d09f1c679acbe063c7d134480fbb8b9c1d7d04eb38c3eff5e52a2e137c8a3374c88ac97d91df78ad81b5110d9fb06414153b0f","public_key_hex":"c2f8243b0d573587f285c830a868acd19249d17d59ecbf9329e796dfed6fb630"}
{"seq":75,"ts":1781796720000,"agent_id":"rl-qlearn","symbol":"BTCUSDT","side":"sell","price":63160.647383592,"quantity":0.03166528658032033,"notional_usd":2000.0,"fee_usd":1.2,"balance_before_usd":9882.401444259554,"balance_after_usd":9880.601304229547,"decision":"ALLOW_CAPPED","cert_hash":"d7a3629095dda7c7a7fcbb3c3f0c261920272b6a774d5cb157feb659f80928b4","prev_hash":"9404bca599dc6bde4534bc71d0d310e3855825b4abc66a5f6c9f05bf76ac8945","record_hash":"c372aaabbac4dd8c41f24e5d3b4c3591de32113fbb156002efe40851011c84d4","signature_hex":"b2c1b00744375960361846cd5570f4c818d7c6e4198876a4458313336ac8cbdbe1bac6025eba992905036f3d4716f010e4c73aa1420042578bbfaba2fc4e1309","public_key_hex":"c2f8243b0d573587f285c830a868acd19249d17d59ecbf9329e796dfed6fb630"}
{"seq":76,"ts":1781796780000,"agent_id":"rl-qlearn","symbol":"BTCUSDT","side":"sell","price":63210.432444588005,"quantity":0.03164034673790999,"notional_usd":2000.0,"fee_usd":1.2,"balance_before_usd":9881.338567793362,"balance_after_usd":9879.538427763355,"decision":"ALLOW_CAPPED","cert_hash":"fd22af7bccf062dbd72cf6cf4d2dca03f70f692a00aae5c6ec47499217184276","prev_hash":"c372aaabbac4dd8c41f24e5d3b4c3591de32113fbb156002efe40851011c84d4","record_hash":"c892ea46f388a01117e6b524e8dc2b94bca3c576ac67b62c5def0ab58cd3bddb","signature_hex":"bc675e379948a7f5b351a0e0d7089273463d53056366b5780c71e7118ead98232ff48f9283597c02f2fa4635ebe73a87432240ee3b4663bc6c22880d3c15e00e","public_key_hex":"c2f8243b0d573587f285c830a868acd19249d17d59ecbf9329e796dfed6fb630"}
{"seq":77,"ts":1781796840000,"agent_id":"rl-qlearn","symbol":"BTCUSDT","side":"buy","price":63280.82315076854,"quantity":0.01683159454677644,"notional_usd":1065.11715786,"fee_usd":0.639070294716,"balance_before_usd":9878.94243840769,"balance_after_usd":9878.033672935875,"decision":"ALLOW","cert_hash":"9d718842afc748912f58ceebcd24526166e6283e14801fbfad6fdbbd093d0880","prev_hash":"c892ea46f388a01117e6b524e8dc2b94bca3c576ac67b62c5def0ab58cd3bddb","record_hash":"3ab64e9b5d9582e523641601fc605d37d0a88a44514f7bced9510f265ac546b0","signature_hex":"52b182390057d7d736cea5360e1a4485c41801591d508fc180f0452c4d5ee472b9d7bbd0dba9a03f8f6484ab84b6719d1bc0a669e8b59c2893b1fa458b858e06","public_key_hex":"c2f8243b0d573587f285c830a868acd19249d17d59ecbf9329e796dfed6fb630"}
{"seq":78,"ts":1781797260000,"agent_id":"rl-qlearn","symbol":"BTCUSDT","side":"sell","price":62656.998513516,"quantity":0.03191981817591488,"notional_usd":2000.0,"fee_usd":1.2,"balance_before_usd":9878.03618381808,"balance_after_usd":9876.236043788074,"decision":"ALLOW_CAPPED","cert_hash":"4cf1410998890efc367cfd1a68274e1ad051fa9744d55bc8a203b8fb4232c5c2","prev_hash":"3ab64e9b5d9582e523641601fc605d37d0a88a44514f7bced9510f265ac546b0","record_hash":"e3c5200a4fe66e05dc639182e38296baf174f7df9d9e575210c8c8d7839056bb","signature_hex":"9673a6c6444e5acc2ad10e51a85fab5a72130e08a9d2b905748ede839cda62254d1baa0335ea6afd0ab61ddcdb409971e852d174b607e480e601df4470e5440c","public_key_hex":"c2f8243b0d573587f285c830a868acd19249d17d59ecbf9329e796dfed6fb630"}
{"seq":79,"ts":1781797320000,"agent_id":"rl-qlearn","symbol":"BTCUSDT","side":"buy","price":62704.106843706,"quantity":0.03189583746061686,"notional_usd":2000.0,"fee_usd":1.2,"balance_before_usd":9875.932765017302,"balance_after_usd":9874.132904987307,"decision":"ALLOW_CAPPED","cert_hash":"31855e3aaeb3522fa82a65e2d5ce5f7ffb9f275e086922038aab5bda25fab539","prev_hash":"e3c5200a4fe66e05dc639182e38296baf174f7df9d9e575210c8c8d7839056bb","record_hash":"983e6a9d5022e3a666c6f4689641c70486ea8d1675ee739729502e03f0897f5c","signature_hex":"80545016d82a412c51c6f5e292d155259889d806ae1e4631f987a7b491e24c68fd04056270556e7e06281a0382fba98decd9c3547199ac7009553e0e182d3f0a","public_key_hex":"c2f8243b0d573587f285c830a868acd19249d17d59ecbf9329e796dfed6fb630"}
{"seq":80,"ts":1781798100000,"agent_id":"rl-qlearn","symbol":"BTCUSDT","side":"buy","price":62453.431658694,"quantity":0.032023860769251816,"notional_usd":2000.0,"fee_usd":1.2,"balance_before_usd":9874.139982851812,"balance_after_usd":9872.340122821819,"decision":"ALLOW_CAPPED","cert_hash":"1f570c1311131d1350f8debb408c3da61f0d5ff04337131d55847246695e2a2a","prev_hash":"983e6a9d5022e3a666c6f4689641c70486ea8d1675ee739729502e03f0897f5c","record_hash":"7eb457ff936d46f86c56bee489a03b34da566c31087318fe5120e505dc3c9b01","signature_hex":"9fa8730d9f3433885defba5783a5555ccbb5ccd0c719b2ca331335163347c2ecc54cd760e6c1fcbeb4857eab9e4f924ab0e1602e30844c67570a83639c3f750d","public_key_hex":"c2f8243b0d573587f285c830a868acd19249d17d59ecbf9329e796dfed6fb630"}
{"seq":81,"ts":1781798160000,"agent_id":"rl-qlearn","symbol":"BTCUSDT","side":"sell","price":62403.57455844601,"quantity":0.03204944611188639,"notional_usd":2000.0,"fee_usd":1.2,"balance_before_usd":9871.943377169828,"balance_after_usd":9870.143237139822,"decision":"ALLOW_CAPPED","cert_hash":"e4498b23dc1a54cc8510231aa7fc264413e8867848f70c58df6aa03d7ad9973c","prev_hash":"7eb457ff936d46f86c56bee489a03b34da566c31087318fe5120e505dc3c9b01","record_hash":"7f27512d39d5d3f08ab844850de921b3efcaac7580d69c997360692f321bd6c6","signature_hex":"61a17d81f051f5d8506efeecf8d151ce9f0737efcec87056b21b8baf8597664de2bd1a7a68bf6e42bde70c91435f91abb8f2d1f31bb874f92bef1ef7b42f120b","public_key_hex":"c2f8243b0d573587f285c830a868acd19249d17d59ecbf9329e796dfed6fb630"}
{"seq":82,"ts":1781798520000,"agent_id":"rl-qlearn","symbol":"BTCUSDT","side":"sell","price":62561.727101610006,"quantity":0.03196842690662437,"notional_usd":2000.0,"fee_usd":1.2,"balance_before_usd":9870.134721389517,"balance_after_usd":9868.33458135951,"decision":"ALLOW_CAPPED","cert_hash":"dc0dc120948abb7c67b69ff258610825680ae0a90e83b8f60d38e9d1c2378a94","prev_hash":"7f27512d39d5d3f08ab844850de921b3efcaac7580d69c997360692f321bd6c6","record_hash":"0197083cfdc810dc3c3c4afe405511de70478581c6ca440a3d7532d852151c49","signature_hex":"04062e165ba5813b6806264a6bc40508dbf11263a834ebd7eab8031886591fa35a0b1370a158933538663e113ece2729f3d6be2610d2ca265616d1ff6e6d5201","public_key_hex":"c2f8243b0d573587f285c830a868acd19249d17d59ecbf9329e796dfed6fb630"}
{"seq":83,"ts":1781798580000,"agent_id":"rl-qlearn","symbol":"BTCUSDT","side":"sell","price":62521.439190804,"quantity":0.03198902689837906,"notional_usd":2000.0,"fee_usd":1.2,"balance_before_usd":9869.625078273184,"balance_after_usd":9867.824938243179,"decision":"ALLOW_CAPPED","cert_hash":"d30c19dbc6231d3580953aa876413592146ad67683cb4d2d6d8806dfa1248160","prev_hash":"0197083cfdc810dc3c3c4afe405511de70478581c6ca440a3d7532d852151c49","record_hash":"bfd7133cfb13d335c5eba9dffe6e007be1b343904f2b69dd05ccc840ed74e720","signature_hex":"9395ea31a8ada660b1ca26ca203b4003659479cc69c0c8687fd1d926b466e4c4af79924b1d06ae06ac7f30dc51f14ab902791905b8c572a58d911b27a93a9e0e","public_key_hex":"c2f8243b0d573587f285c830a868acd19249d17d59ecbf9329e796dfed6fb630"}
{"seq":84,"ts":1781798640000,"agent_id":"rl-qlearn","symbol":"BTCUSDT","side":"buy","price":62554.061840706,"quantity":0.031972344259482345,"notional_usd":2000.0,"fee_usd":1.2,"balance_before_usd":9868.138593529,"balance_after_usd":9866.338733499006,"decision":"ALLOW_CAPPED","cert_hash":"faaded9b8f699f822e49542785e7044b540a68a2df2fb2fbb6acb0039615e808","prev_hash":"bfd7133cfb13d335c5eba9dffe6e007be1b343904f2b69dd05ccc840ed74e720","record_hash":"0701e0b9ce505e7548ac67bffef83ab962cfa0ee1673273b5f664f7eb7545b2c","signature_hex":"dda089ee221abdae2d293cc2b61e0e553833ad2d198c3ef826b69f2c205194c0542760eb1d50b4cba075c60bad571e8b365bc6fbe5d02d758e8665c2ec8bbe08","public_key_hex":"c2f8243b0d573587f285c830a868acd19249d17d59ecbf9329e796dfed6fb630"}
{"seq":85,"ts":1781798700000,"agent_id":"rl-qlearn","symbol":"BTCUSDT","side":"sell","price":62581.821072012,"quantity":0.031958162382309536,"notional_usd":2000.0,"fee_usd":1.2,"balance_before_usd":9864.246590810948,"balance_after_usd":9862.446450780943,"decision":"ALLOW_CAPPED","cert_hash":"6a4c682d0dd9cd2971d08d6390d20e05640926b3287b61b4d1653dee59fb72ce","prev_hash":"0701e0b9ce505e7548ac67bffef83ab962cfa0ee1673273b5f664f7eb7545b2c","record_hash":"8c13fa0d44977489e73ae5f7cc6af4c1b5b79acf54a26d2ddbb236af79dfdc85","signature_hex":"c7ebf07d65e2446fb595ce0fa0ebb972493d3510ccdab9932e6648f99d168ad74c233e199879f337d687726e2e6bb343498259d4492c12fe424992271bf77703","public_key_hex":"c2f8243b0d573587f285c830a868acd19249d17d59ecbf9329e796dfed6fb630"}
{"seq":86,"ts":1781798760000,"agent_id":"rl-qlearn","symbol":"BTCUSDT","side":"sell","price":62581.7854389867,"quantity":0.014785335489862335,"notional_usd":925.29269327,"fee_usd":0.5551756159619999,"balance_before_usd":9862.66404092415,"balance_after_usd":9861.880955852177,"decision":"ALLOW","cert_hash":"33ccd9b370bea1ae162bb3c9ccdba77d9edc5f0dcfc20fe5f4cf760d9d446337","prev_hash":"8c13fa0d44977489e73ae5f7cc6af4c1b5b79acf54a26d2ddbb236af79dfdc85","record_hash":"c9be049a933a6265cb60c785999982c520434cb196c58bb8eec609498f5e80c7","signature_hex":"43a077e15dfec8f442283947abbcd038257320b409582d169c0aabdb06b09b557d00a5b978eb66b644ed12265b71dda72a3b5d54d24c98aeec603544fb30cf06","public_key_hex":"c2f8243b0d573587f285c830a868acd19249d17d59ecbf9329e796dfed6fb630"}
{"seq":87,"ts":1781798940000,"agent_id":"rl-qlearn","symbol":"BTCUSDT","side":"buy","price":62684.901083321995,"quantity":0.03190560989067465,"notional_usd":2000.0,"fee_usd":1.2,"balance_before_usd":9856.452845981908,"balance_after_usd":9854.652985951912,"decision":"ALLOW_CAPPED","cert_hash":"c291863de5a9340d750f046ad84d333b5d7f2452101f5f6420561b542ad782fb","prev_hash":"c9be049a933a6265cb60c785999982c520434cb196c58bb8eec609498f5e80c7","record_hash":"206ef7dc90c01fef6354bd8facadde16e393d366aa2cfa0d8c220e1d2fcd175b","signature_hex":"16b88467e609554b34f708ea041525bc56ad22491a2723e86f5987a8b3d60b328244e86768809b146232dacddad825cc9606316aec77f5c92216198a2b98a404","public_key_hex":"c2f8243b0d573587f285c830a868acd19249d17d59ecbf9329e796dfed6fb630"}
{"seq":88,"ts":1781799000000,"agent_id":"rl-qlearn","symbol":"BTCUSDT","side":"buy","price":62690.002613423996,"quantity":0.031903013504927406,"notional_usd":2000.0,"fee_usd":1.2,"balance_before_usd":9854.413914136545,"balance_after_usd":9852.61405410655,"decision":"ALLOW_CAPPED","cert_hash":"2a41b1b7ab33beb4466d4d16550954b5d290385bf5e768e4fc1ec3ab076b0435","prev_hash":"206ef7dc90c01fef6354bd8facadde16e393d366aa2cfa0d8c220e1d2fcd175b","record_hash":"4602fdb75683791e90648c51824f5390969b46b47860287b94e8b34edeed70b4","signature_hex":"a4a38d8c3afbc7120abf73da0f3a94f18e241935f09c14ec34cfc4a6619b0761300390275d4d17c7253613e122afd370d23e79ce6ca4e2e480a8e146ff92290d","public_key_hex":"c2f8243b0d573587f285c830a868acd19249d17d59ecbf9329e796dfed6fb630"}
{"seq":89,"ts":1781799060000,"agent_id":"rl-qlearn","symbol":"BTCUSDT","side":"buy","price":62713.30960389,"quantity":0.03189115695906349,"notional_usd":2000.0,"fee_usd":1.2,"balance_before_usd":9852.265164262766,"balance_after_usd":9850.465304232772,"decision":"ALLOW_CAPPED","cert_hash":"303afa83e9f0467d7f6127ab873631c1e8974faa8dc5d440560478a27e2f68f6","prev_hash":"4602fdb75683791e90648c51824f5390969b46b47860287b94e8b34edeed70b4","record_hash":"9fbeca6a1ed0fd26c763980f7c2ecb049c5dfc2eccb1c18ed5d5dc4ff0688bf9","signature_hex":"e2e5d4081a1a2d6241e62d7c3ba2af55aa6ded3a3212defbe9aa0f307b10aa7e0af4d502cd619ba28fcf8887a5916fe73abf90a8974b475fe018e045be40c00b","public_key_hex":"c2f8243b0d573587f285c830a868acd19249d17d59ecbf9329e796dfed6fb630"}
{"seq":90,"ts":1781799120000,"agent_id":"rl-qlearn","symbol":"BTCUSDT","side":"buy","price":62708.608193796004,"quantity":0.03189354791321724,"notional_usd":2000.0,"fee_usd":1.2,"balance_before_usd":9850.385792716343,"balance_after_usd":9848.585932686348,"decision":"ALLOW_CAPPED","cert_hash":"eaac2806db31051e2f1b2f7797208632a36ef6efcc70b9c7271da385b2f9ded6","prev_hash":"9fbeca6a1ed0fd26c763980f7c2ecb049c5dfc2eccb1c18ed5d5dc4ff0688bf9","record_hash":"0c645a80f50cb56fb71c59d33731972fc715850d11b50ef5b1b2b710a58c0ee7","signature_hex":"4c68fd0a3a8fadfa4915061c295052d9aa99d484e831b6a16f9e576b9176a1f8bc8af124dcfb65a79243073b10b98af8188863cb79b6acd9e0b1b10211cb9900","public_key_hex":"c2f8243b0d573587f285c830a868acd19249d17d59ecbf9329e796dfed6fb630"}
{"seq":91,"ts":1781799180000,"agent_id":"rl-qlearn","symbol":"BTCUSDT","side":"sell","price":62645.20205328,"quantity":0.03192582886553693,"notional_usd":2000.0,"fee_usd":1.2,"balance_before_usd":9847.326611677023,"balance_after_usd":9845.526471647014,"decision":"ALLOW_CAPPED","cert_hash":"75df7536355348d58126d70a9747773ec24f1ea5702c8867cfabad2a13957689","prev_hash":"0c645a80f50cb56fb71c59d33731972fc715850d11b50ef5b1b2b710a58c0ee7","record_hash":"0e6c4d79c335d2e9d6e72c173425d0bcbedba7094795084fc918a404bb08cc9f","signature_hex":"4ae5cd38557db35e7368a2cd6110cbae9d8d2dc6780dfa7217a11f37fabe37f5630df2cd28a20bfceb270d974f1fa1da160b25a054569e1896c2b04075a2b906","public_key_hex":"c2f8243b0d573587f285c830a868acd19249d17d59ecbf9329e796dfed6fb630"}
{"seq":92,"ts":1781799240000,"agent_id":"rl-qlearn","symbol":"BTCUSDT","side":"sell","price":62591.318222202,"quantity":0.03195331328379936,"notional_usd":2000.0,"fee_usd":1.2,"balance_before_usd":9844.616366752995,"balance_after_usd":9842.816226722987,"decision":"ALLOW_CAPPED","cert_hash":"984641e7fe00a6338dd1177f004d97bdf6aae4d30524a89710da144ea9e3d008","prev_hash":"0e6c4d79c335d2e9d6e72c173425d0bcbedba7094795084fc918a404bb08cc9f","record_hash":"c83b805acf9b1a4c4d4c007d9b19f035d33b160292cb8cbb38b0bb26a879b560","signature_hex":"ba4658e32c0a97c4484f18ef076a5b765d6a15a4d717c9d103f94a14511cf69741035c216da97558f1f50defb666a77e432b65b95f35a7ed1ad9484681f40f08","public_key_hex":"c2f8243b0d573587f285c830a868acd19249d17d59ecbf9329e796dfed6fb630"}
{"seq":93,"ts":1781799300000,"agent_id":"rl-qlearn","symbol":"BTCUSDT","side":"buy","price":62583.870781301994,"quantity":0.03195711570779886,"notional_usd":2000.0,"fee_usd":1.2,"balance_before_usd":9843.494297987163,"balance_after_usd":9841.694437957169,"decision":"ALLOW_CAPPED","cert_hash":"f0a85c3800d68b7c124b45262c9bf7c1b87dcc120cba720f44d98bf80a336b7c","prev_hash":"c83b805acf9b1a4c4d4c007d9b19f035d33b160292cb8cbb38b0bb26a879b560","record_hash":"62ca79fb5bb7d6a0620b182dbff3bf49c000f988922aa796cc26ea026bb18f6a","signature_hex":"dec658174edb7bf21ce3db6d324a4458f7ddcbe0f689e1f9159b73d764e6805cbbddface97a6050bcb0a440711caf7f563f82424b1ad59522ed837c2b0766505","public_key_hex":"c2f8243b0d573587f285c830a868acd19249d17d59ecbf9329e796dfed6fb630"}
{"seq":94,"ts":1781799360000,"agent_id":"rl-qlearn","symbol":"BTCUSDT","side":"sell","price":62486.54966010601,"quantity":0.03200688805637292,"notional_usd":2000.0,"fee_usd":1.2,"balance_before_usd":9840.684483806677,"balance_after_usd":9838.88434377667,"decision":"ALLOW_CAPPED","cert_hash":"c41b6522ef456829f6df3c54fea98eb60be7fa1667cdfe6115d8a3144f25dbea","prev_hash":"62ca79fb5bb7d6a0620b182dbff3bf49c000f988922aa796cc26ea026bb18f6a","record_hash":"ad784565b7d67dc26c19fff4886afa5b54ff724762e0c269137861bf49ab7e4c","signature_hex":"d24ba651688253084662bd35cc441cd840ee0f902d208ffd8aced354e995f20fdeb25132bc13abf046ad1796cc4c56b10ac2ee952f8283cf8c58799970a5ea0e","public_key_hex":"c2f8243b0d573587f285c830a868acd19249d17d59ecbf9329e796dfed6fb630"}
{"seq":95,"ts":1781799420000,"agent_id":"rl-qlearn","symbol":"BTCUSDT","side":"sell","price":62587.619332128,"quantity":0.031955201705097344,"notional_usd":2000.0,"fee_usd":1.2,"balance_before_usd":9837.355911685385,"balance_after_usd":9835.555771655378,"decision":"ALLOW_CAPPED","cert_hash":"e052e9f15ab42da95c8f4aa51e2b8f16e96636e53597932845e830f45ff03806","prev_hash":"ad784565b7d67dc26c19fff4886afa5b54ff724762e0c269137861bf49ab7e4c","record_hash":"9dabbf1a6f9fb719c286018c2116961c46112a0ecfdd8c703b223e8151769527","signature_hex":"8530445c297c2e609692b88af627055b032c284f54fa15a4997f69268fe630690c1bf3fbe8e4876499990ed8879fc729f2e815bac3201a35f6baddea785ee80c","public_key_hex":"c2f8243b0d573587f285c830a868acd19249d17d59ecbf9329e796dfed6fb630"}
{"seq":96,"ts":1781799480000,"agent_id":"rl-qlearn","symbol":"BTCUSDT","side":"buy","price":62537.25680037,"quantity":0.03198093588249888,"notional_usd":2000.0,"fee_usd":1.2,"balance_before_usd":9839.693508077384,"balance_after_usd":9837.893648047388,"decision":"ALLOW_CAPPED","cert_hash":"1bf0ee5ecd1d8b66df1f7516b8b6ca2c8a921c71ae035ad82af573833c368575","prev_hash":"9dabbf1a6f9fb719c286018c2116961c46112a0ecfdd8c703b223e8151769527","record_hash":"e8c1ed19254ab3c04f111c94f4c20c4743c2b54e9164b1f4bd5bb5eabdaaa3e6","signature_hex":"46ec0ee0662c54d4f6687a27f7893e0087ed0f8875d8b32d1c494f61a4e8b6ec37fc97f4ee63edc6ba63727595111706e6c1d7bb9fd2363599eb5860abd1940a","public_key_hex":"c2f8243b0d573587f285c830a868acd19249d17d59ecbf9329e796dfed6fb630"}
{"seq":97,"ts":1781799540000,"agent_id":"rl-qlearn","symbol":"BTCUSDT","side":"sell","price":62533.935441053996,"quantity":0.031982634483083965,"notional_usd":2000.0,"fee_usd":1.2,"balance_before_usd":9837.377491781162,"balance_after_usd":9835.577351751155,"decision":"ALLOW_CAPPED","cert_hash":"fffb8370f8013c4c7b73869738e43737985b68f4256243ecfbc10c9ad05089d2","prev_hash":"e8c1ed19254ab3c04f111c94f4c20c4743c2b54e9164b1f4bd5bb5eabdaaa3e6","record_hash":"11caab8b60032a6e71719ef9e7991bf5991f2ca39de57f44dbc5e3b10c831ca0","signature_hex":"d080398718efcaca3828b49a4cb1cb903982499f75cf41d3eec07c4d8caf4865e53d7012298d5a4064a79a5189fe86a0f6d0136d28884f54e8899747e6006001","public_key_hex":"c2f8243b0d573587f285c830a868acd19249d17d59ecbf9329e796dfed6fb630"}
{"seq":98,"ts":1781799600000,"agent_id":"rl-qlearn","symbol":"BTCUSDT","side":"sell","price":62657.30994725162,"quantity":0.03135178699027705,"notional_usd":1964.41863485,"fee_usd":1.17865118091,"balance_before_usd":9829.773013749047,"balance_after_usd":9828.008396015535,"decision":"ALLOW","cert_hash":"d072dc18dde91f784e444db9716fdc7f529979bdc6ff0b7134097955a08355bf","prev_hash":"11caab8b60032a6e71719ef9e7991bf5991f2ca39de57f44dbc5e3b10c831ca0","record_hash":"6f89bd8b16cdd5e26627e2690c0c41ae48975515ef2a086133a0927a69dc77ed","signature_hex":"a300373ba6fa3780b712b0b23f3d666062a1597701bf06f58190789f4872312ffb84f26b488a6bdd585aae83e453d91fcbefbf600c6f9797351de82f22248002","public_key_hex":"c2f8243b0d573587f285c830a868acd19249d17d59ecbf9329e796dfed6fb630"}
{"seq":99,"ts":1781799720000,"agent_id":"rl-qlearn","symbol":"BTCUSDT","side":"buy","price":62721.912184062,"quantity":0.031886782949646926,"notional_usd":2000.0,"fee_usd":1.2,"balance_before_usd":9825.883032175632,"balance_after_usd":9824.083172145638,"decision":"ALLOW_CAPPED","cert_hash":"7e6d7384ef847f22c2252e242efa38c67784b476ad4835ea6c5095aa09e424f8","prev_hash":"6f89bd8b16cdd5e26627e2690c0c41ae48975515ef2a086133a0927a69dc77ed","record_hash":"8e7262c83d7256f4a22fde55395805fa7ba17de68b77c0a839d76b1184c2bf5b","signature_hex":"cafad9ff0b2716b9ce67e215563a6ddceb732c39a5b5831bbe48d953a753e06afe285c66b64181e2c00175e2c107d8576bc086103dc6467bc0a000ae8f7ee801","public_key_hex":"c2f8243b0d573587f285c830a868acd19249d17d59ecbf9329e796dfed6fb630"}
{"seq":100,"ts":1781799780000,"agent_id":"rl-qlearn","symbol":"BTCUSDT","side":"sell","price":62702.4081606282,"quantity":0.031778370053276064,"notional_usd":1992.58032976,"fee_usd":1.195548197856,"balance_before_usd":9823.24079946676,"balance_after_usd":9821.448077243364,"decision":"ALLOW","cert_hash":"e9a9f0db5dbd0f70d5be64fccafa0d77dbbef08595722397dd829ae11be5b599","prev_hash":"8e7262c83d7256f4a22fde55395805fa7ba17de68b77c0a839d76b1184c2bf5b","record_hash":"f0f1f60d69778e9dc88d74fdbf6ada2b90cff36bb3fea259407f79e7a9b4230f","signature_hex":"7524ac63d27b5403403067f30527cdb9642272caa3829f630e48aaff8342413ec8755381b2d5a1f73f6ba62331f41644ddee03dde1ae5ae8258bf26fac89250d","public_key_hex":"c2f8243b0d573587f285c830a868acd19249d17d59ecbf9329e796dfed6fb630"}
{"seq":101,"ts":1781800080000,"agent_id":"rl-qlearn","symbol":"BTCUSDT","side":"buy","price":62614.37993191199,"quantity":0.0319415444531246,"notional_usd":2000.0,"fee_usd":1.2,"balance_before_usd":9831.284855354494,"balance_after_usd":9829.4849953245,"decision":"ALLOW_CAPPED","cert_hash":"7febedf6b8ccc874082a3391c1b282040a96f8649a5da140dfc25d221fe776b2","prev_hash":"f0f1f60d69778e9dc88d74fdbf6ada2b90cff36bb3fea259407f79e7a9b4230f","record_hash":"98b42a4ed1b911c05c5075c7bf78bc11ef7f2f8d6503d2f7b89d6138e41997ac","signature_hex":"af212b1bba62059b47f00434c1d44ff78dd61c9a0e0817a123ae84d40e57f486259b71712b65e0712249b91f35e2e36162b42c4f85cb6af90aa8eebf35f4f004","public_key_hex":"c2f8243b0d573587f285c830a868acd19249d17d59ecbf9329e796dfed6fb630"}
{"seq":102,"ts":1781800140000,"agent_id":"rl-qlearn","symbol":"BTCUSDT","side":"buy","price":62588.672221398,"quantity":0.03195466414314241,"notional_usd":2000.0,"fee_usd":1.2,"balance_before_usd":9830.676877866577,"balance_after_usd":9828.877017836583,"decision":"ALLOW_CAPPED","cert_hash":"89a3c74e44dbc4bf3464948c4156fb4f82316faf6bdf4f48500699ce073bcba7","prev_hash":"98b42a4ed1b911c05c5075c7bf78bc11ef7f2f8d6503d2f7b89d6138e41997ac","record_hash":"2675e38452317c540bf12aed00c585e4809ccbfc78c05a3c1de3aa43c30628e9","signature_hex":"6a136c30fc2942e0c1656061da645737d15a344de1853bc34f91a7197781b67e4389049a183174cb3e2ab35f08483336e39cedec78d9f3009b613789b554fb06","public_key_hex":"c2f8243b0d573587f285c830a868acd19249d17d59ecbf9329e796dfed6fb630"}
{"seq":103,"ts":1781800200000,"agent_id":"rl-qlearn","symbol":"BTCUSDT","side":"buy","price":62583.070541286004,"quantity":0.03195752433848067,"notional_usd":2000.0,"fee_usd":1.2,"balance_before_usd":9828.957781531997,"balance_after_usd":9827.157921502003,"decision":"ALLOW_CAPPED","cert_hash":"0091ba65027f8680c886aab55ed3474b90a27af6e83dd3a41a0c4da9096a6444","prev_hash":"2675e38452317c540bf12aed00c585e4809ccbfc78c05a3c1de3aa43c30628e9","record_hash":"b6e1f3168a3ea7efcb98b8f456a6c48479d273e5686737a6d30a308984d28b8b","signature_hex":"550b0ee19763ae59b69aebfc2e3b50bf63d3faca1183cf2d57ec9cd4ca0094b86ef5e148bdb06a880d06dce329b5ebd89e06bde1b71d6895ecb90809ceccf004","public_key_hex":"c2f8243b0d573587f285c830a868acd19249d17d59ecbf9329e796dfed6fb630"}
{"seq":104,"ts":1781800260000,"agent_id":"rl-qlearn","symbol":"BTCUSDT","side":"sell","price":62491.048310196005,"quantity":0.03200458392172117,"notional_usd":2000.0,"fee_usd":1.2,"balance_before_usd":9826.202240247001,"balance_after_usd":9824.402100216994,"decision":"ALLOW_CAPPED","cert_hash":"ef5a9ca12fe87a8d316c609f2a9751cc37433494eee5b9a89e4ba7fc8b0b5d16","prev_hash":"b6e1f3168a3ea7efcb98b8f456a6c48479d273e5686737a6d30a308984d28b8b","record_hash":"3a6faa2449a8fe546b234b137cb9e0200b94465af6300bcc2d1e07bc86b4a5c5","signature_hex":"ffd6cf1dbfa42c2539e77423f2843a0443ab423a14c78811efe66ef33ef69dcaaa39edb2134846133435bf0f37eb440dcbe4c67791353e847704b3383f920300","public_key_hex":"c2f8243b0d573587f285c830a868acd19249d17d59ecbf9329e796dfed6fb630"}
{"seq":105,"ts":1781800320000,"agent_id":"rl-qlearn","symbol":"BTCUSDT","side":"buy","price":62508.52493804428,"quantity":0.014465600713282336,"notional_usd":904.22336293,"fee_usd":0.542534017758,"balance_before_usd":9824.642288074627,"balance_after_usd":9823.878069622164,"decision":"ALLOW","cert_hash":"ef3b321ad6048290e9a4057b53d15f47d511f268103d1c783f7c118ff0339246","prev_hash":"3a6faa2449a8fe546b234b137cb9e0200b94465af6300bcc2d1e07bc86b4a5c5","record_hash":"9a01559fb383cda9dd266a696d614383140d9b44fd7eb7db9842746a0e68c109","signature_hex":"4217cf59916690f9ba99895d1f81c6c09797a280ae953242ef3bf68653d50f0ac487a41fd726cab46573029c76bdecfba9beecbbe36d7207cb38274fc13b8c09","public_key_hex":"c2f8243b0d573587f285c830a868acd19249d17d59ecbf9329e796dfed6fb630"}
{"seq":106,"ts":1781800440000,"agent_id":"rl-qlearn","symbol":"BTCUSDT","side":"sell","price":62590.818372192,"quantity":0.03195356846282369,"notional_usd":2000.0,"fee_usd":1.2,"balance_before_usd":9823.877656712157,"balance_after_usd":9822.07751668215,"decision":"ALLOW_CAPPED","cert_hash":"603229d112bf518960d283c2079ae14a43ba2353ceb93ebf9ee358fb28a4f896","prev_hash":"9a01559fb383cda9dd266a696d614383140d9b44fd7eb7db9842746a0e68c109","record_hash":"a9860377e8f028503fa73598a19812f770e78b7aae3689b4f8c1b099dd3926f6","signature_hex":"0668486bea31008bcbd84738ed041e93ce5a6d36ddd6482e6b0e5cf420f059d4336ffca903225c7349996b5e7877341366d6f139a5205b8988b1b1d25fcc6308","public_key_hex":"c2f8243b0d573587f285c830a868acd19249d17d59ecbf9329e796dfed6fb630"}
{"seq":107,"ts":1781800500000,"agent_id":"rl-qlearn","symbol":"BTCUSDT","side":"buy","price":62625.683322138,"quantity":0.03193577928263508,"notional_usd":2000.0,"fee_usd":1.2,"balance_before_usd":9822.163800894808,"balance_after_usd":9820.363940864814,"decision":"ALLOW_CAPPED","cert_hash":"2780fb6c963c28719a020c6a0f6d7f26c59800878cf57611732d524b3fafa3d8","prev_hash":"a9860377e8f028503fa73598a19812f770e78b7aae3689b4f8c1b099dd3926f6","record_hash":"84bc3ed1c30ada08085f2496d78ffbbe193eec9f697cf65af068e74709179248","signature_hex":"bbf09e7e1e47ba3fc527c3b65a7c908d3797092e1a67c48d5156b6552b17027419f5c900eecc852ab2e511282183b2d30077ea547ffa1a5de969f86cb2930000","public_key_hex":"c2f8243b0d573587f285c830a868acd19249d17d59ecbf9329e796dfed6fb630"}
{"seq":108,"ts":1781800560000,"agent_id":"rl-qlearn","symbol":"BTCUSDT","side":"buy","price":62566.665620957996,"quantity":0.03196590357102327,"notional_usd":2000.0,"fee_usd":1.2,"balance_before_usd":9820.36519971932,"balance_after_usd":9818.565339689325,"decision":"ALLOW_CAPPED","cert_hash":"9b4f9be9a75e27b1366d17651032cb19200dcb532e42593bd1ee3935a6b4808a","prev_hash":"84bc3ed1c30ada08085f2496d78ffbbe193eec9f697cf65af068e74709179248","record_hash":"a3fb783f8f36d7ead4ff6ae0b0b8425f81a4236df63ec83e757e6271fe86e804","signature_hex":"935d179435e3acaab3479dd8ce71bfb9539a082793b98e1086c6a87fff2c2315f9517e7a1af605b4d5173d5f55bd47785d88813081e2733e5b21cfbb57a4970c","public_key_hex":"c2f8243b0d573587f285c830a868acd19249d17d59ecbf9329e796dfed6fb630"}
{"seq":109,"ts":1781800620000,"agent_id":"rl-qlearn","symbol":"BTCUSDT","side":"sell","price":62594.71720227,"quantity":0.03195157817451518,"notional_usd":2000.0,"fee_usd":1.2,"balance_before_usd":9820.660903288068,"balance_after_usd":9818.86076325806,"decision":"ALLOW_CAPPED","cert_hash":"73dc6b1eb010f38062122ea2daf213dab4dfeeb0604717a5fdb4b9ebebfb46e4","prev_hash":"a3fb783f8f36d7ead4ff6ae0b0b8425f81a4236df63ec83e757e6271fe86e804","record_hash":"027c7025f0b17728bc5f4b8abb105ed88930e8953e1f26f2af6c61e7d2dd5deb","signature_hex":"0fb2bdd0c3535510e3ff5a5fdebf523407f1a4ff272a4822ebd8a216b0f09a59b13c20f86a503165979fd909d04df1012190132e9a018d30b28a01f7434bfc0b","public_key_hex":"c2f8243b0d573587f285c830a868acd19249d17d59ecbf9329e796dfed6fb630"}
{"seq":110,"ts":1781801160000,"agent_id":"rl-qlearn","symbol":"BTCUSDT","side":"buy","price":62802.936485681996,"quantity":0.031845644677075985,"notional_usd":2000.0,"fee_usd":1.2,"balance_before_usd":9818.8595671609,"balance_after_usd":9817.059707130908,"decision":"ALLOW_CAPPED","cert_hash":"d4e8c2feebf233667c2d11826dff8429e0084393dfd2c7724460b92963f71ed4","prev_hash":"027c7025f0b17728bc5f4b8abb105ed88930e8953e1f26f2af6c61e7d2dd5deb","record_hash":"789019d99160cdf1325a2f2deaf38063a6efcd0ba55eec6e622b3c4797447080","signature_hex":"c38441d346b51d1be4141c5b154d2a269a4441a978bb2a168a20d1d0b959ba22392e568dbbce1cbe6c23976b2c276c8354fdc3971132fdee9aeef2970443d603","public_key_hex":"c2f8243b0d573587f285c830a868acd19249d17d59ecbf9329e796dfed6fb630"}
{"seq":111,"ts":1781801220000,"agent_id":"rl-qlearn","symbol":"BTCUSDT","side":"sell","price":62668.894943754,"quantity":0.03191375883993201,"notional_usd":2000.0,"fee_usd":1.2,"balance_before_usd":9813.990462856054,"balance_after_usd":9812.190322826047,"decision":"ALLOW_CAPPED","cert_hash":"65fb572b301790c2cd8c46bc2604c2d7a73d879bb8a131537204ad058fc13b9d","prev_hash":"789019d99160cdf1325a2f2deaf38063a6efcd0ba55eec6e622b3c4797447080","record_hash":"d03ce2c1713f824853de0007bc00b230fdc06439ba30b0aeed77dfde83a17435","signature_hex":"7d566f28fcc0f4f70445d3dd9c24fb34b54be3256936ae1f0c94576605bf4ec9e689c82b83ac52727a127af929da0a0bb2e61e3d6657cafdabf23e0726500c0d","public_key_hex":"c2f8243b0d573587f285c830a868acd19249d17d59ecbf9329e796dfed6fb630"}
{"seq":112,"ts":1781801280000,"agent_id":"rl-qlearn","symbol":"BTCUSDT","side":"sell","price":62661.897043614,"quantity":0.031917322876579335,"notional_usd":2000.0,"fee_usd":1.2,"balance_before_usd":9812.19084870303,"balance_after_usd":9810.390708673023,"decision":"ALLOW_CAPPED","cert_hash":"2c4943fee4ffa454790082712a424780cb23b7aae264f0cdb438bed8ab03f305","prev_hash":"d03ce2c1713f824853de0007bc00b230fdc06439ba30b0aeed77dfde83a17435","record_hash":"3e6371ec2bd51617532b6ef045dce4c60848afe32b9a0c7d9342ec7edb711c44","signature_hex":"3217ba7eb97b054473941ac82902ba20605bdd73f9c1aaa5194bac401db9092eb97a537139628aef61333c6697a68a2a14aae3c3502ad1fcfc437d1476046709","public_key_hex":"c2f8243b0d573587f285c830a868acd19249d17d59ecbf9329e796dfed6fb630"}
{"seq":113,"ts":1781801340000,"agent_id":"rl-qlearn","symbol":"BTCUSDT","side":"sell","price":62653.299623442,"quantity":0.031921702640090345,"notional_usd":2000.0,"fee_usd":1.2,"balance_before_usd":9810.6658437272,"balance_after_usd":9808.865703697193,"decision":"ALLOW_CAPPED","cert_hash":"479b2a08be38d5917f9ad10193b11be1c1e24a61b485a29f6cafa7ed38c9b64a","prev_hash":"3e6371ec2bd51617532b6ef045dce4c60848afe32b9a0c7d9342ec7edb711c44","record_hash":"78b4fbad6f00a1ee69bfd7abbc966d6a25783556b862925d2c9c0f5df0eb24d4","signature_hex":"14fbd6fa9768953f19eb808640412d411ac5d6a1382cd2562697c063ecf9d6883aad947fbcf592c2aba7439c6321068324f2b5129123eda9f0130f378d1c4e0e","public_key_hex":"c2f8243b0d573587f285c830a868acd19249d17d59ecbf9329e796dfed6fb630"}
{"seq":114,"ts":1781801400000,"agent_id":"rl-qlearn","symbol":"BTCUSDT","side":"sell","price":62654.64989149098,"quantity":0.014348498198089709,"notional_usd":899.00013107,"fee_usd":0.539400078642,"balance_before_usd":9808.999923413872,"balance_after_usd":9808.240272330948,"decision":"ALLOW","cert_hash":"dd3f7598337754f82d7245245c03b1d72811818338d767d48b271f4fcdef73b8","prev_hash":"78b4fbad6f00a1ee69bfd7abbc966d6a25783556b862925d2c9c0f5df0eb24d4","record_hash":"bfa692f8e9c4216be5e24f2ec9ce85d15901fdb8bb70d32449967f408682720f","signature_hex":"9309ee9ab1649cab6caed7f02cd24815824321860a2951da599a62f65080844573152ceeb8325343e76675a48ba369beba081c2a7220dc35d55042e440d4ce0f","public_key_hex":"c2f8243b0d573587f285c830a868acd19249d17d59ecbf9329e796dfed6fb630"}
{"seq":115,"ts":1781801520000,"agent_id":"rl-qlearn","symbol":"BTCUSDT","side":"buy","price":62667.595892976,"quantity":0.03191442038746163,"notional_usd":2000.0,"fee_usd":1.2,"balance_before_usd":9809.899440489708,"balance_after_usd":9808.099580459713,"decision":"ALLOW_CAPPED","cert_hash":"2c275941794b931a02fffb37e928152ca4918b717f146e9869e6cf2ce2560dec","prev_hash":"bfa692f8e9c4216be5e24f2ec9ce85d15901fdb8bb70d32449967f408682720f","record_hash":"499e22ca5e0bd6260754e46871e6e1c21c49ca7a8ea46b0d7967da0006817925","signature_hex":"2c07b3f2452d11d08a1efc888f9502d28ca3484080b3e9ebe94a44f5469264fae2818b81c295c623c142c59c8fb66a4f14e12c39eb4c97c320ae74224f8a870a","public_key_hex":"c2f8243b0d573587f285c830a868acd19249d17d59ecbf9329e796dfed6fb630"}
{"seq":116,"ts":1781801580000,"agent_id":"rl-qlearn","symbol":"BTCUSDT","side":"buy","price":62633.7857523,"quantity":0.031931648007186876,"notional_usd":2000.0,"fee_usd":1.2,"balance_before_usd":9809.666150586754,"balance_after_usd":9807.86629055676,"decision":"ALLOW_CAPPED","cert_hash":"862df2adc2084a2e2d574949c49a491c10eebed45bc6578011da70b47b6df299","prev_hash":"499e22ca5e0bd6260754e46871e6e1c21c49ca7a8ea46b0d7967da0006817925","record_hash":"c440ab722e078fee793c8753192f1f75cd09eaef0e64510d9c854d2ad7ced1b4","signature_hex":"4958bd0dc5d159219e8196514b36b4cfbcf29a1a2686f903b0cfadbfc6d235f8b7730381d10550d64c9210c17a26495adfade46fb080377c681160042fe28d03","public_key_hex":"c2f8243b0d573587f285c830a868acd19249d17d59ecbf9329e796dfed6fb630"}
{"seq":117,"ts":1781801640000,"agent_id":"rl-qlearn","symbol":"BTCUSDT","side":"buy","price":62651.991212664,"quantity":0.03192236928609757,"notional_usd":2000.0,"fee_usd":1.2,"balance_before_usd":9807.603908789777,"balance_after_usd":9805.804048759783,"decision":"ALLOW_CAPPED","cert_hash":"c3ee49abcb0aeaddd6ad7e03d144b175e0b76b7903c980a4b4ae1198641ecb55","prev_hash":"c440ab722e078fee793c8753192f1f75cd09eaef0e64510d9c854d2ad7ced1b4","record_hash":"4105e2f5d28d7d9cbc225726d41a36b8b43f24657243a1b9438b9108b8e3220c","signature_hex":"d3f2bfa1273007bc9c0984cbb455cc4e5e21e0816a015d7f84c795406dd1fbd090320ab2557cbd718d599ff136561a4fec1fd5cd306fdbf5b71ff6714d61f205","public_key_hex":"c2f8243b0d573587f285c830a868acd19249d17d59ecbf9329e796dfed6fb630"}
{"seq":118,"ts":1781801700000,"agent_id":"rl-qlearn","symbol":"BTCUSDT","side":"sell","price":62610.142839532054,"quantity":0.01751025030289156,"notional_usd":1096.31927262,"fee_usd":0.657791563572,"balance_before_usd":9805.679757660135,"balance_after_usd":9804.742552222646,"decision":"ALLOW","cert_hash":"81776667c4f3e3390e15d4854134aa22b910f4e7128c7005618c1bc85b17d90c","prev_hash":"4105e2f5d28d7d9cbc225726d41a36b8b43f24657243a1b9438b9108b8e3220c","record_hash":"414f1ccf41c2f529b7d707707f6a95e7aa89b6e25da5493d2b9738702fe28b35","signature_hex":"2af9fdb4b7c71c8851b2d66f5931af382b2b64f210a2ee47fcb136141d76d52bbf56e91c9ed873eb4227ca8a8707f0b8573435db25c6c46434f06199fab62606","public_key_hex":"c2f8243b0d573587f285c830a868acd19249d17d59ecbf9329e796dfed6fb630"}
{"seq":119,"ts":1781802960000,"agent_id":"rl-qlearn","symbol":"BTCUSDT","side":"sell","price":62480.25154998,"quantity":0.03201011440231054,"notional_usd":2000.0,"fee_usd":1.2,"balance_before_usd":9804.743119294582,"balance_after_usd":9802.942979264577,"decision":"ALLOW_CAPPED","cert_hash":"c161a8cf9815168776299de85624218da904d3c3232110eaabdf27dc7168a33a","prev_hash":"414f1ccf41c2f529b7d707707f6a95e7aa89b6e25da5493d2b9738702fe28b35","record_hash":"a4d9cf08d8d5e2ca0e9b01100c77d160979dbccbe20d45a8ede8c809449546b9","signature_hex":"4e9607c0c960756900733810e15f047eea974f1b8a018941e2253375b2f0a5c7eabde8887fbe66eb38f818af9dd91a0d3d92b92cda2d712e0144affa98397606","public_key_hex":"c2f8243b0d573587f285c830a868acd19249d17d59ecbf9329e796dfed6fb630"}
{"seq":120,"ts":1781803020000,"agent_id":"rl-qlearn","symbol":"BTCUSDT","side":"buy","price":62523.652720098,"quantity":0.03198789438860004,"notional_usd":2000.0,"fee_usd":1.2,"balance_before_usd":9802.754093266043,"balance_after_usd":9800.954233236049,"decision":"ALLOW_CAPPED","cert_hash":"d1282d5e8fa3f8d15eb420ddd45bbbeceac1ff5266c7b651e60317aff8b72733","prev_hash":"a4d9cf08d8d5e2ca0e9b01100c77d160979dbccbe20d45a8ede8c809449546b9","record_hash":"1bbff94b425a5499c55bce57755377ca33682a851f409e10705eabfffd88edc8","signature_hex":"21da1b57409404d420f975c933f468c7649795140639b878fd85ca54a3c9fddbac42164ab2eeefc2ec16f853eedf6dc00f57098527a958500be13b6cb809d600","public_key_hex":"c2f8243b0d573587f285c830a868acd19249d17d59ecbf9329e796dfed6fb630"}
{"seq":121,"ts":1781803080000,"agent_id":"rl-qlearn","symbol":"BTCUSDT","side":"sell","price":62529.636730968,"quantity":0.03198483318566112,"notional_usd":2000.0,"fee_usd":1.2,"balance_before_usd":9800.95307258497,"balance_after_usd":9799.152932554964,"decision":"ALLOW_CAPPED","cert_hash":"1edd7d0b29ef1ae3afc473f2d0f5520a276530e5e8b199cb8c82cb16f60eb2b9","prev_hash":"1bbff94b425a5499c55bce57755377ca33682a851f409e10705eabfffd88edc8","record_hash":"919c9e5273753f579af1e5b3b8081ca84741ad3dec5fcb2c3a611a56fde7a9fc","signature_hex":"ef95648a478151265ad9e5ef7941595f87777ac9d8f7f4ca7a929c44d8d0de37c00d63c483dde31454f25e51b495eef39180eaa31168a583510951c8c5d25003","public_key_hex":"c2f8243b0d573587f285c830a868acd19249d17d59ecbf9329e796dfed6fb630"}
{"seq":122,"ts":1781803140000,"agent_id":"rl-qlearn","symbol":"BTCUSDT","side":"sell","price":62557.528361526005,"quantity":0.03197057256549214,"notional_usd":2000.0,"fee_usd":1.2,"balance_before_usd":9798.259811291495,"balance_after_usd":9796.459671261488,"decision":"ALLOW_CAPPED","cert_hash":"02a17b191734998167b95e25cee98b74f37192d06b5d310467a35264e6db266f","prev_hash":"919c9e5273753f579af1e5b3b8081ca84741ad3dec5fcb2c3a611a56fde7a9fc","record_hash":"53e356407b31c04df36dd3045d0d16d3798db3e165a369d37bdb1390a130e0f1","signature_hex":"38a286204dc3031277270a12616f1364295f023c52079907ad8eec74d91a37ea70e3f5194396e3f26f578958764a20f3c94bedaddb7440d2fcb4b2ca1a517f0d","public_key_hex":"c2f8243b0d573587f285c830a868acd19249d17d59ecbf9329e796dfed6fb630"}
{"seq":123,"ts":1781803200000,"agent_id":"rl-qlearn","symbol":"BTCUSDT","side":"sell","price":62554.586666886506,"quantity":0.01430881117633241,"notional_usd":895.08176883,"fee_usd":0.537049061298,"balance_before_usd":9796.869156620753,"balance_after_usd":9796.112991967453,"decision":"ALLOW","cert_hash":"11225319ac7242277bf3c3edcd8cfa1c8ff2403a9852e6a8beea8d8ee058f20c","prev_hash":"53e356407b31c04df36dd3045d0d16d3798db3e165a369d37bdb1390a130e0f1","record_hash":"7d3d9dc5b75ad56dbddb29beca565f021d3a8ec41250da0328d096e602052eef","signature_hex":"c0d2a5e8c0bbd4400ed6627047cd666c9fc3bd1f4cf5009a3c3fcc0a2b54efa3310b0b94becfb55b1ab0ef65aea3d56f5f4779e391b8a1b029f5508e21247504","public_key_hex":"c2f8243b0d573587f285c830a868acd19249d17d59ecbf9329e796dfed6fb630"}
{"seq":124,"ts":1781803320000,"agent_id":"rl-qlearn","symbol":"BTCUSDT","side":"buy","price":62450.830878641995,"quantity":0.03202519441072792,"notional_usd":2000.0,"fee_usd":1.2,"balance_before_usd":9806.901477789224,"balance_after_usd":9805.10161775923,"decision":"ALLOW_CAPPED","cert_hash":"18daa28f9b8d2ec542932bf29ccaaef38c90b97ea1bfd8a890f2ce627ea687bd","prev_hash":"7d3d9dc5b75ad56dbddb29beca565f021d3a8ec41250da0328d096e602052eef","record_hash":"e77dc9362fc6898278db2d053f4505848910710a8a7c11a8bf0d49bdd85c82f8","signature_hex":"c737a0d4b386bc8220501bf7c957aa64bb94e99325797eb960cfaa5dfbb4b7851841d9ed2d43d2deb4eae50bceea69bd894258dd9284ca487896826893916809","public_key_hex":"c2f8243b0d573587f285c830a868acd19249d17d59ecbf9329e796dfed6fb630"}
{"seq":125,"ts":1781803380000,"agent_id":"rl-qlearn","symbol":"BTCUSDT","side":"buy","price":62438.527188396,"quantity":0.03203150506682184,"notional_usd":2000.0,"fee_usd":1.2,"balance_before_usd":9805.670685920284,"balance_after_usd":9803.87082589029,"decision":"ALLOW_CAPPED","cert_hash":"be2713b03625dcc84bc24215129ea013cd2f892162628494e4a32ca574438262","prev_hash":"e77dc9362fc6898278db2d053f4505848910710a8a7c11a8bf0d49bdd85c82f8","record_hash":"9c0a96944eb4cb2c79cf102cee392243b8dc7b9609f33b0d6998ae30415a375a","signature_hex":"a44652df004625dbc8b1c549ff75a01cad5052063e0325a3478b9e710ae7d9936e94a7ddb74762a32a243b03e49c410a14147ccf1056d7930c42474f5240e906","public_key_hex":"c2f8243b0d573587f285c830a868acd19249d17d59ecbf9329e796dfed6fb630"}
{"seq":126,"ts":1781803440000,"agent_id":"rl-qlearn","symbol":"BTCUSDT","side":"buy","price":62357.802976782,"quantity":0.03207297089579424,"notional_usd":2000.0,"fee_usd":1.2,"balance_before_usd":9805.019525756361,"balance_after_usd":9803.219665726367,"decision":"ALLOW_CAPPED","cert_hash":"25ac10b39569a51338cb5ef9c64cbb52bbea266637f6ebe02dde6dbefbe04bf3","prev_hash":"9c0a96944eb4cb2c79cf102cee392243b8dc7b9609f33b0d6998ae30415a375a","record_hash":"b0295fc8c80c3df197e6224092305ae096c28f76f8fb282bd9a3bc97dc70dbe2","signature_hex":"40cddf2fca80cd24c4a2c136f515e6947889b0a7d5a7c6ba691b202ba53d99095f061c2f5ac59d3ef08716e96e78e44604894969c047b77647abe9f130d40e01","public_key_hex":"c2f8243b0d573587f285c830a868acd19249d17d59ecbf9329e796dfed6fb630"}
{"seq":127,"ts":1781803500000,"agent_id":"rl-qlearn","symbol":"BTCUSDT","side":"sell","price":62311.77047830079,"quantity":0.01784333215579529,"notional_usd":1111.84961786,"fee_usd":0.6671097707160001,"balance_before_usd":9803.016303727713,"balance_after_usd":9802.064958210234,"decision":"ALLOW","cert_hash":"751e98ea29742c72d286176a84f5928d50544b2df15be97c5f4deb24231148bf","prev_hash":"b0295fc8c80c3df197e6224092305ae096c28f76f8fb282bd9a3bc97dc70dbe2","record_hash":"e4eba0d14a430c64f59ba38467ff69bb062f772a9d8e08e80cf2341d35bb2c4a","signature_hex":"f39712e635e32e93fa127cb602a59fb1391a704e0bcdae68a2a0c8fd0175956690fcca393a0521436eb7023040543673aa740289d0fc089295f55922a0c1ef06","public_key_hex":"c2f8243b0d573587f285c830a868acd19249d17d59ecbf9329e796dfed6fb630"}
{"seq":128,"ts":1781803620000,"agent_id":"rl-qlearn","symbol":"BTCUSDT","side":"sell","price":62312.70182662801,"quantity":0.03209618490889032,"notional_usd":2000.0,"fee_usd":1.2,"balance_before_usd":9802.064941336961,"balance_after_usd":9800.264801306954,"decision":"ALLOW_CAPPED","cert_hash":"d8b0790956e75e43533560fa1660a1508e357c5dff672dcdc8f96351275f291b","prev_hash":"e4eba0d14a430c64f59ba38467ff69bb062f772a9d8e08e80cf2341d35bb2c4a","record_hash":"43a6b68e8479c34b9f585db3c4696688dee1c9dd36f906fc3b829216ff9b7096","signature_hex":"89be30a1504898109aefbcc32f3a83bc2db7443611f8d20eaafd8de24398f1d948444c3c45848e00ea4e1001df09451e860112c18578ee229877e1e826cf8f03","public_key_hex":"c2f8243b0d573587f285c830a868acd19249d17d59ecbf9329e796dfed6fb630"}
{"seq":129,"ts":1781803680000,"agent_id":"rl-qlearn","symbol":"BTCUSDT","side":"buy","price":62358.20309679,"quantity":0.03207276510029766,"notional_usd":2000.0,"fee_usd":1.2,"balance_before_usd":9800.004785270407,"balance_after_usd":9798.204925240412,"decision":"ALLOW_CAPPED","cert_hash":"dc3afccf17d27364885a17976757b4771e02da70f386f2db73dbe18c3d584c7d","prev_hash":"43a6b68e8479c34b9f585db3c4696688dee1c9dd36f906fc3b829216ff9b7096","record_hash":"b0900d6d37bd27cc58424fe566b18c90c2955c69b52c0c23109f730ac9a1bcd5","signature_hex":"2908930f7af459711ec0a36feba29bb560b1e1a7081f31f2896efc32c5abcbc02b38b5e580819f66758f636f27059b800df262c68d959ac7bb2700a48e5e7c0b","public_key_hex":"c2f8243b0d573587f285c830a868acd19249d17d59ecbf9329e796dfed6fb630"}
{"seq":130,"ts":1781803740000,"agent_id":"rl-qlearn","symbol":"BTCUSDT","side":"sell","price":62530.836370992,"quantity":0.03198421956383424,"notional_usd":2000.0,"fee_usd":1.2,"balance_before_usd":9798.199046610367,"balance_after_usd":9796.398906580362,"decision":"ALLOW_CAPPED","cert_hash":"4685db63bbb59815430885caad96939bcc472dbf9ea3ec84357a373eb4e8fd64","prev_hash":"b0900d6d37bd27cc58424fe566b18c90c2955c69b52c0c23109f730ac9a1bcd5","record_hash":"fd0c17e61b133f0030d58842710058f6c2f6bc62f546b398fa1bb23b98d4ac58","signature_hex":"9bca699075d47a07fde1399bf9bd7d243096806866fb7fc51f016ed2ecc9b0b13198bf78cc4918d40c8959c1230e31a09084fe08cd70da332d8f0b28a4e29e02","public_key_hex":"c2f8243b0d573587f285c830a868acd19249d17d59ecbf9329e796dfed6fb630"}
{"seq":131,"ts":1781803800000,"agent_id":"rl-qlearn","symbol":"BTCUSDT","side":"sell","price":62627.007512916,"quantity":0.031935104029799384,"notional_usd":2000.0,"fee_usd":1.2,"balance_before_usd":9793.319332967647,"balance_after_usd":9791.519192937641,"decision":"ALLOW_CAPPED","cert_hash":"ef3d8a913a49028f8fb3268d3f26e4ac9af2899f84340b00b5c8a22467ec1789","prev_hash":"fd0c17e61b133f0030d58842710058f6c2f6bc62f546b398fa1bb23b98d4ac58","record_hash":"e8da69b3fe73727cb0b59ff809269f9e2f78476097c8d2f86bb94cf3c48c55b4","signature_hex":"55cde9f949874bb500196a5ff8b0c183016941696d0ec87c91a474ef293d84104cc1e4a4019e4540ac2501f14dd292c8966be4472c7ab6c498f696c9c40b9208","public_key_hex":"c2f8243b0d573587f285c830a868acd19249d17d59ecbf9329e796dfed6fb630"}
