{"seq":0,"ts":1781784600000,"agent_id":"swarm","symbol":"BTCUSDT","side":"sell","price":63975.111194336896,"quantity":0.010218727846116972,"notional_usd":653.74425022,"fee_usd":0.392246550132,"balance_before_usd":10000.0,"balance_after_usd":9999.455608796841,"decision":"ALLOW","cert_hash":"94ddff9c6d55b33898d2b5def3320e090a8d385f59b392cc7df3ecdf9af75db5","prev_hash":"0000000000000000000000000000000000000000000000000000000000000000","record_hash":"69f48879a7080c1403a1d84d197560548b134b5801ffe689bca8abcb5d6d8b02","signature_hex":"b27c04b5db0cd4723fc32f88d48aebda2aa5a4bb130390a7ad639625766bc896eecf3d7daccc6dd0e480e3e0935fb637aa21d53e7c92facba184d9894a888204","public_key_hex":"c2f8243b0d573587f285c830a868acd19249d17d59ecbf9329e796dfed6fb630"}
{"seq":1,"ts":1781784660000,"agent_id":"swarm","symbol":"BTCUSDT","side":"buy","price":64003.59064560238,"quantity":0.010216350425566751,"notional_usd":653.88311053,"fee_usd":0.39232986631799993,"balance_before_usd":9999.468893143041,"balance_after_usd":9998.924435223187,"decision":"ALLOW","cert_hash":"1c262624d907ee48ab035990599002897b799bf2d76799e0733822421cd8ccec","prev_hash":"69f48879a7080c1403a1d84d197560548b134b5801ffe689bca8abcb5d6d8b02","record_hash":"cc92e02c4b3d3cf17972d1f8ecf2ea4cd900587e1b1531400624a58d3b5bb805","signature_hex":"5a674c8cc0727b1996aa9d4d206e06fe3ca82859bac5740641381b548f08ef44a35115805bb4d69ae57906dc1a11ecefb6f403f16c887ee28bff9f0cd8704d0f","public_key_hex":"c2f8243b0d573587f285c830a868acd19249d17d59ecbf9329e796dfed6fb630"}
{"seq":2,"ts":1781784720000,"agent_id":"swarm","symbol":"BTCUSDT","side":"sell","price":63974.78944420412,"quantity":0.009348414035369401,"notional_usd":598.06281955,"fee_usd":0.35883769173,"balance_before_usd":9998.92443332125,"balance_after_usd":9998.42807526325,"decision":"ALLOW","cert_hash":"9745661cee05d330afcfcdb48c1e2f1b0490397596e90c59325b2db75f66d910","prev_hash":"cc92e02c4b3d3cf17972d1f8ecf2ea4cd900587e1b1531400624a58d3b5bb805","record_hash":"cf501e62fdbef60c0957b04b08d3c0d051a5d1db190b41fc108cd11d8b56af5e","signature_hex":"e1c21c23727f2bc60e5d9b6a6f14910192c6ef21bc31698224fbbe5501ccd8dfe7ec7901bfefb225fa5b750df044d2cbdde7b2ee13f97fe3b708b6e9011b3b05","public_key_hex":"c2f8243b0d573587f285c830a868acd19249d17d59ecbf9329e796dfed6fb630"}
{"seq":3,"ts":1781784780000,"agent_id":"swarm","symbol":"BTCUSDT","side":"buy","price":63985.90838998397,"quantity":0.009348641996831232,"notional_usd":598.18135038,"fee_usd":0.35890881022800003,"balance_before_usd":9998.599194746894,"balance_after_usd":9998.102782464355,"decision":"ALLOW","cert_hash":"1a1c81ef53bed4a3ef9d95744329d73382b4a3cf9c6c1f96d9942bc733647ae7","prev_hash":"cf501e62fdbef60c0957b04b08d3c0d051a5d1db190b41fc108cd11d8b56af5e","record_hash":"0d228f1ec872200e455a356948cef9844d0fe000f36cb1bb4164e7007082fb4a","signature_hex":"6796abd8449813f685a34e1bb61f3050415c9e0633455c202a30ead05524e8c78a50319cdffefd879a8e6add17df2aa21109be3d87f877020953226c9c6a9407","public_key_hex":"c2f8243b0d573587f285c830a868acd19249d17d59ecbf9329e796dfed6fb630"}
{"seq":4,"ts":1781785020000,"agent_id":"swarm","symbol":"BTCUSDT","side":"sell","price":64028.75960251031,"quantity":0.011863858185692824,"notional_usd":759.62812373,"fee_usd":0.455776874238,"balance_before_usd":9998.102625983734,"balance_after_usd":9997.466039194986,"decision":"ALLOW","cert_hash":"3b993667b058223042b21d37ac518718c3109de3668b5ca99a35cc2befe15ce7","prev_hash":"0d228f1ec872200e455a356948cef9844d0fe000f36cb1bb4164e7007082fb4a","record_hash":"e24cf55f483e328c572419d55e1df21f02184c0aa61bca3489e0d49940d46776","signature_hex":"70c27ae4ae6edc36ef6999b11829ad43552703b3129d65ce0b81f7c54001b380a7d24432126b5eab494299a72152606f81c2ee7f509f3e0cfebd6f2a7fb1840a","public_key_hex":"c2f8243b0d573587f285c830a868acd19249d17d59ecbf9329e796dfed6fb630"}
{"seq":5,"ts":1781785200000,"agent_id":"swarm","symbol":"BTCUSDT","side":"sell","price":64067.079172621336,"quantity":0.00441069497797176,"notional_usd":282.58034436,"fee_usd":0.169548206616,"balance_before_usd":9997.029370113658,"balance_after_usd":9996.79930352263,"decision":"ALLOW","cert_hash":"22d5aefe4b6b738297fcf9654e68e6fa56db197dfcebfb1077f04255627816cf","prev_hash":"e24cf55f483e328c572419d55e1df21f02184c0aa61bca3489e0d49940d46776","record_hash":"1b0d203b0c27135affd82e987f8525236f4b049576adbd5df9f93d8f84ee2db3","signature_hex":"7e5df1cc3d431df3a467d7bc7b820e0ec31158276c770a0d07372830afd12519e37412a7ead7379258998951f3779910940ee721b4f4a94d9026957b4288d608","public_key_hex":"c2f8243b0d573587f285c830a868acd19249d17d59ecbf9329e796dfed6fb630"}
{"seq":6,"ts":1781785440000,"agent_id":"swarm","symbol":"BTCUSDT","side":"buy","price":64130.911011379416,"quantity":0.0033406469434370794,"notional_usd":214.23873185,"fee_usd":0.12854323910999998,"balance_before_usd":9996.203576206637,"balance_after_usd":9996.029897448658,"decision":"ALLOW","cert_hash":"3cc188c8e63b084d9a5af482ad2e197d484adc4766008072ff768c49d39c6014","prev_hash":"1b0d203b0c27135affd82e987f8525236f4b049576adbd5df9f93d8f84ee2db3","record_hash":"052521520fdfb2468641020150d54c266c121d264e0929c19bcc15cf0f48d08a","signature_hex":"85763bf8cbc071bd81ec7404a7aa9705eeb639fce59daf4a83c4977771ab07d28d185b66f4e102a49ec9bafb34a5e5205cf8d6985e7a7133001cc51569c4f707","public_key_hex":"c2f8243b0d573587f285c830a868acd19249d17d59ecbf9329e796dfed6fb630"}
{"seq":7,"ts":1781785620000,"agent_id":"swarm","symbol":"BTCUSDT","side":"buy","price":64133.44081251432,"quantity":0.0034828778359637636,"notional_usd":223.36893955,"fee_usd":0.13402136372999998,"balance_before_usd":9995.99755730946,"balance_after_usd":9995.816374949942,"decision":"ALLOW","cert_hash":"5994213ee4213be0b9abef68d93edb8bf403ba1e73ff21a1fa009dd71e192217","prev_hash":"052521520fdfb2468641020150d54c266c121d264e0929c19bcc15cf0f48d08a","record_hash":"4e4dbe994640f240160eed11847bd2d47664844c7157b8df83fee6910fc89f26","signature_hex":"18ebf0cb884f3bc88b5d2c930608bc554fd63f76d16ae9ca82b7d0bbf5e1e2372f105b5b3f89b2a0d7840de25945692863cfb17b870f32a2594290f408ffa10c","public_key_hex":"c2f8243b0d573587f285c830a868acd19249d17d59ecbf9329e796dfed6fb630"}
{"seq":8,"ts":1781785860000,"agent_id":"swarm","symbol":"BTCUSDT","side":"buy","price":64159.87465530369,"quantity":0.009451000977444628,"notional_usd":606.37503808,"fee_usd":0.363825022848,"balance_before_usd":9995.57815486829,"balance_after_usd":9995.074694563726,"decision":"ALLOW","cert_hash":"a2429600afef3ea770f1dac34f630fe65b5c5a819beb0cf1455fe40a43c3e88b","prev_hash":"4e4dbe994640f240160eed11847bd2d47664844c7157b8df83fee6910fc89f26","record_hash":"5f92554aa7fc1393a014b39bdfe8b371b44fca06300db29371020e4300af9d82","signature_hex":"cf62f34ac19b2c42d87fce9a2ea36abaf08a9123375572449e19c693178bec22806cc0daf2aeb628ee2f0ef4df862870e2a6ed8e05638856b6c42937bb9e050b","public_key_hex":"c2f8243b0d573587f285c830a868acd19249d17d59ecbf9329e796dfed6fb630"}
{"seq":9,"ts":1781788740000,"agent_id":"swarm","symbol":"BTCUSDT","side":"buy","price":64323.93860719785,"quantity":0.011971218024168577,"notional_usd":770.03589324,"fee_usd":0.462021535944,"balance_before_usd":9995.074338646149,"balance_after_usd":9994.428695299252,"decision":"ALLOW","cert_hash":"ba6f7df2693eeb7f575a0ff745a60efe01642a5e1037cb8b278733bbd7a15039","prev_hash":"5f92554aa7fc1393a014b39bdfe8b371b44fca06300db29371020e4300af9d82","record_hash":"a88fc5a66ad39e1c28a2a12ba803e18ac9d1b2bb61caa793f81ac80013102bdd","signature_hex":"108e5f1ee31f3a0176b15c08baf4687050a0d0da807498ec61f9077912ceeedc73e8b0318eba452b3e8cf47a20f6e018a46e4e6dae892e671ccf5ed12f180a0b","public_key_hex":"c2f8243b0d573587f285c830a868acd19249d17d59ecbf9329e796dfed6fb630"}
{"seq":10,"ts":1781788800000,"agent_id":"swarm","symbol":"BTCUSDT","side":"sell","price":64340.05125188849,"quantity":0.011971896452870655,"notional_usd":770.27243136,"fee_usd":0.462163458816,"balance_before_usd":9994.988846425458,"balance_after_usd":9994.34292934357,"decision":"ALLOW","cert_hash":"7424f3e216aca10c2486b252f4e2397f4ea82f11e6cc418aa96b745acdf99783","prev_hash":"a88fc5a66ad39e1c28a2a12ba803e18ac9d1b2bb61caa793f81ac80013102bdd","record_hash":"dd41236687252db2260beb81bcdcc23a946490c58e96f8321d7c68125ef7e771","signature_hex":"578b1825bb2f07173683488df644fcf291e551b007c394d1934a9bc5db9b5fbfefab5e619e74255915c43793080a64d1d10db5ba2d67f1526e20ab791cef740c","public_key_hex":"c2f8243b0d573587f285c830a868acd19249d17d59ecbf9329e796dfed6fb630"}
{"seq":11,"ts":1781788920000,"agent_id":"swarm","symbol":"BTCUSDT","side":"buy","price":64348.607297715316,"quantity":0.009371007731217981,"notional_usd":603.01129648,"fee_usd":0.36180677788800003,"balance_before_usd":9994.342991017933,"balance_after_usd":9993.842424938675,"decision":"ALLOW","cert_hash":"d9a887cb43366fa4b25ae49052e391b444027225cbe83a536cd0f2d91dc1a0ab","prev_hash":"dd41236687252db2260beb81bcdcc23a946490c58e96f8321d7c68125ef7e771","record_hash":"50c4ad7b671cad5bf016db0c14b0c0f864123d5c853d27217b3ba26c27f84e9c","signature_hex":"92d1edee70a910545b81c0bfcfe4d1042258a541076c7d9f7e47a4fc4907981e485fa88c4b9c32c4dec85257518c1ff6b814dd12ca6a7b15a2178a9122684401","public_key_hex":"c2f8243b0d573587f285c830a868acd19249d17d59ecbf9329e796dfed6fb630"}
{"seq":12,"ts":1781789040000,"agent_id":"swarm","symbol":"BTCUSDT","side":"buy","price":64332.24331995795,"quantity":0.004731555089352338,"notional_usd":304.39155329,"fee_usd":0.182634931974,"balance_before_usd":9993.698155391152,"balance_after_usd":9993.450020028178,"decision":"ALLOW","cert_hash":"5f4d35e9c9c79f7bd1aeced042230da6445b98c3305919c5f3389149f19e17d8","prev_hash":"50c4ad7b671cad5bf016db0c14b0c0f864123d5c853d27217b3ba26c27f84e9c","record_hash":"b9e453b3f25409840e47fb094ea42f67f9405c712ffaa34a269fbcce9b6e9bad","signature_hex":"f7f8e2bf9fe0d2a4820a16c0590b664a2ab8998658de379da7800d7be91d989d1dd18d8c66c468974137642e8812d030a13660a729bcb5c32337e8143c6b0009","public_key_hex":"c2f8243b0d573587f285c830a868acd19249d17d59ecbf9329e796dfed6fb630"}
{"seq":13,"ts":1781789100000,"agent_id":"swarm","symbol":"BTCUSDT","side":"sell","price":64377.39908552463,"quantity":0.014103168185683173,"notional_usd":907.92528666,"fee_usd":0.544755171996,"balance_before_usd":9994.50467815112,"balance_after_usd":9993.73708002479,"decision":"ALLOW","cert_hash":"a14249cac4c4bc8910b93f85e918eff77c5902cfa85b2d68b70ddf119e9893be","prev_hash":"b9e453b3f25409840e47fb094ea42f67f9405c712ffaa34a269fbcce9b6e9bad","record_hash":"38b0a89f2fcedbbdae2782143a7aa9223c1a94ee2a867eb8784abd503af826d9","signature_hex":"fb25bdba0db8ca21323eb6e98fa709b66eb7644eda6fe14b56ca123ad5894d09f2f91b4f206fb38a83f3e14c69ca726e87c26fa8765dcd2781f8bd9e6e2a2a0e","public_key_hex":"c2f8243b0d573587f285c830a868acd19249d17d59ecbf9329e796dfed6fb630"}
{"seq":14,"ts":1781789220000,"agent_id":"swarm","symbol":"BTCUSDT","side":"buy","price":64336.35008271317,"quantity":0.010559964389750924,"notional_usd":679.38956584,"fee_usd":0.407633739504,"balance_before_usd":9993.737328846224,"balance_after_usd":9993.170766769206,"decision":"ALLOW","cert_hash":"9d87c3b8bdf1f9d7af92ee25d3fcd36edeac2133858948faeb9ef3db01694cb0","prev_hash":"38b0a89f2fcedbbdae2782143a7aa9223c1a94ee2a867eb8784abd503af826d9","record_hash":"32061bb4eef26f9a35bda402a8b286aa03483023ba4bb6545ff0e164cb66e221","signature_hex":"bcd74abd88f8af1aa1ed7a8ef918c31e204d54f70264e3302b8904852add0c1dcef8d964e50a904d3979239fddc9dfbba0b580a1468fae54d869390c7ce4830b","public_key_hex":"c2f8243b0d573587f285c830a868acd19249d17d59ecbf9329e796dfed6fb630"}
{"seq":15,"ts":1781789340000,"agent_id":"swarm","symbol":"BTCUSDT","side":"sell","price":64310.551715672365,"quantity":0.010558973888798343,"notional_usd":679.05343634,"fee_usd":0.407432061804,"balance_before_usd":9993.216159735246,"balance_after_usd":9992.649833232155,"decision":"ALLOW","cert_hash":"4a77ef658e4994a051d4aaf876b9ebf0bc66e8a2a08b493f7fca5e803206760f","prev_hash":"32061bb4eef26f9a35bda402a8b286aa03483023ba4bb6545ff0e164cb66e221","record_hash":"d5aa57c5d0d796b90ef429691c913a378364e4a4524361755885aaa3cf07622c","signature_hex":"3270b9a03f2c45b1f1dd67ff8f24d04b6750231b1f3b9a22a8024827cdbd715118f7a147f553930e2d08616d5ae2647fdeaa2b7b2e57f3278c2e2f02bff7c703","public_key_hex":"c2f8243b0d573587f285c830a868acd19249d17d59ecbf9329e796dfed6fb630"}
{"seq":16,"ts":1781789400000,"agent_id":"swarm","symbol":"BTCUSDT","side":"buy","price":64331.84973592834,"quantity":0.010564116031323267,"notional_usd":679.60912512,"fee_usd":0.407765475072,"balance_before_usd":9992.649854969553,"balance_after_usd":9992.083102337892,"decision":"ALLOW","cert_hash":"27008b528f38bf853dbc9632bfe8210545af8976b8f8648ca3ae281ee9f27b79","prev_hash":"d5aa57c5d0d796b90ef429691c913a378364e4a4524361755885aaa3cf07622c","record_hash":"9d6c0115282f5038ac5cb9c3b028cff8da2cf985518de31362d48ff0c3fd4f9f","signature_hex":"fbe0d079e54670e044ccbb25c5849dcc999d8664a0b52c76ccd8b5b4ca98fdf1a8fdd3d2bf620d57a5340a1dd3bf9c459937700ac25646b8193c59ab63f48209","public_key_hex":"c2f8243b0d573587f285c830a868acd19249d17d59ecbf9329e796dfed6fb630"}
{"seq":17,"ts":1781789460000,"agent_id":"swarm","symbol":"BTCUSDT","side":"buy","price":64260.73449136121,"quantity":0.0071910522350491024,"notional_usd":462.10229839,"fee_usd":0.277261379034,"balance_before_usd":9991.339562468465,"balance_after_usd":9990.959221013289,"decision":"ALLOW","cert_hash":"d35c1d69e7280134a03dc6a9097fe1c776f96c0f35c996e867e96a1bada4537d","prev_hash":"9d6c0115282f5038ac5cb9c3b028cff8da2cf985518de31362d48ff0c3fd4f9f","record_hash":"9a551bd4726706b12ee50a67d5cb95c1a8d80f4bae129787065a271c3ca8bff8","signature_hex":"a89f2222fc633e44ab8071dba8a168a7ff8650afda2b53d11611d19cf41f286ff6e2f2a4d9e5bbf82eed42a84296915df23a35b80c51896f8d4f79fa10f1df0a","public_key_hex":"c2f8243b0d573587f285c830a868acd19249d17d59ecbf9329e796dfed6fb630"}
{"seq":18,"ts":1781789700000,"agent_id":"swarm","symbol":"BTCUSDT","side":"sell","price":64027.43409857326,"quantity":0.004674661730926205,"notional_usd":299.30659591,"fee_usd":0.179583957546,"balance_before_usd":9987.316367361609,"balance_after_usd":9987.072432471472,"decision":"ALLOW","cert_hash":"6187d6a317deb732ae9203c49b5b316aba5c160e832ea47c616bbfaa3f2318fd","prev_hash":"9a551bd4726706b12ee50a67d5cb95c1a8d80f4bae129787065a271c3ca8bff8","record_hash":"815af30b9041b4ca21b14e5896349b4a4896ff472cad1d48c56385ff26a8638c","signature_hex":"ebe5540e14592105938177e75861c8a2b180754d3e478d437981193649df654d84c3786d869b572567973bb186ca9b5f6ad17e6607541ff895c392ef5ee94507","public_key_hex":"c2f8243b0d573587f285c830a868acd19249d17d59ecbf9329e796dfed6fb630"}
{"seq":19,"ts":1781790060000,"agent_id":"swarm","symbol":"BTCUSDT","side":"sell","price":63901.16001310851,"quantity":0.0037106775370174586,"notional_usd":237.11659905,"fee_usd":0.14226995942999998,"balance_before_usd":9985.418060869823,"balance_after_usd":9985.225548385182,"decision":"ALLOW","cert_hash":"89a494f24e80aa176695d29c6b846f6aa2b6bb7ddf5f0fc9bfda5ea1dabfbfbe","prev_hash":"815af30b9041b4ca21b14e5896349b4a4896ff472cad1d48c56385ff26a8638c","record_hash":"9f994d12c985fab10fb645ab3fdff4bb0efea31a25fc24e684d89aa7dea09b9a","signature_hex":"e8d315fd2b40fe9baa61c57fea6741dddac5a6358afe3de1a41b2b89d14e1058145165ae73df0c3be12aa6edb619d07c06e32520df8e8d9a2edb0e92e76f7e0c","public_key_hex":"c2f8243b0d573587f285c830a868acd19249d17d59ecbf9329e796dfed6fb630"}
{"seq":20,"ts":1781790120000,"agent_id":"swarm","symbol":"BTCUSDT","side":"sell","price":63912.40134353319,"quantity":0.009369513156942129,"notional_usd":598.82808528,"fee_usd":0.35929685116800003,"balance_before_usd":9985.341703634795,"balance_after_usd":9984.844687528472,"decision":"ALLOW","cert_hash":"da34d49722219f771e3779b76ac0054caf14908f330ab74cc213bbba17214824","prev_hash":"9f994d12c985fab10fb645ab3fdff4bb0efea31a25fc24e684d89aa7dea09b9a","record_hash":"b0aa713429be808b01d4af40978b18130b26d5a3ffaaa3c9675e1d47ef341405","signature_hex":"5a43602d2b8fd1febc8484e39490ee5374d7794356e75751423eb76d6f7054a88ebb9a422e0c8232499a57dc78af6dd70ae64dd79c9472e30a944034bec4aa08","public_key_hex":"c2f8243b0d573587f285c830a868acd19249d17d59ecbf9329e796dfed6fb630"}
{"seq":21,"ts":1781792400000,"agent_id":"swarm","symbol":"BTCUSDT","side":"sell","price":63930.07426344559,"quantity":0.011436191464555254,"notional_usd":731.11656962,"fee_usd":0.43866994177199997,"balance_before_usd":9984.844648535329,"balance_after_usd":9984.23299777428,"decision":"ALLOW","cert_hash":"cb19059890b3dea701e194dad7c46b59974819bacb21aad9bf3efcecc6856481","prev_hash":"b0aa713429be808b01d4af40978b18130b26d5a3ffaaa3c9675e1d47ef341405","record_hash":"483ee6697ced367d2e9c867c76bb3db1dde2f4674180f906afb29c191a450ee1","signature_hex":"5ea8679226b785df92ca4d03796588a56934a445e53c0a96a4aeba1e0807df7feaf76009affa25cd24a0c8cc70c7ddd9da0c2cef6ff50f6fb9f9451eb9280202","public_key_hex":"c2f8243b0d573587f285c830a868acd19249d17d59ecbf9329e796dfed6fb630"}
{"seq":22,"ts":1781792580000,"agent_id":"swarm","symbol":"BTCUSDT","side":"sell","price":64036.13732180303,"quantity":0.0051367562633732305,"notional_usd":328.93802947,"fee_usd":0.197362817682,"balance_before_usd":9983.034259136342,"balance_after_usd":9982.765687119605,"decision":"ALLOW","cert_hash":"aee6c97fb4ab44e44c7dc4dd097775abfc45761fd3b56dfe9deb957b73388d64","prev_hash":"483ee6697ced367d2e9c867c76bb3db1dde2f4674180f906afb29c191a450ee1","record_hash":"6e14796622098050999af3586ea28a5383b44dfcd7ad49c36c5d101dbd48022f","signature_hex":"c98b6c2df39cfa9a4350d4c8bd9a2d443006d57566ce49e9818cb91c9f07e9951423cd8acb4b5ecc1b08ff12b0d6eb2340eba6b5dd449775c5dfe3332bc1210f","public_key_hex":"c2f8243b0d573587f285c830a868acd19249d17d59ecbf9329e796dfed6fb630"}
{"seq":23,"ts":1781792640000,"agent_id":"swarm","symbol":"BTCUSDT","side":"sell","price":64042.32232653237,"quantity":0.0037404035820037436,"notional_usd":239.54413183,"fee_usd":0.14372647909800002,"balance_before_usd":9982.667894017539,"balance_after_usd":9982.473381559967,"decision":"ALLOW","cert_hash":"9307b666db86c3a6e0412781cf663eaa9012c961adb31437e42232d804cd1e86","prev_hash":"6e14796622098050999af3586ea28a5383b44dfcd7ad49c36c5d101dbd48022f","record_hash":"f3aa467a4324987a532c06450471726b6e77e479b9b34040ea83756ea6d585e4","signature_hex":"adcb8654512e2213e5d498b417209da7f32206951a9696e5451e93651d400da34a8ceb5b7943ced9b3b55d326a392b2a83bc64b00c82333615e0c3400dd3220f","public_key_hex":"c2f8243b0d573587f285c830a868acd19249d17d59ecbf9329e796dfed6fb630"}
{"seq":24,"ts":1781792700000,"agent_id":"swarm","symbol":"BTCUSDT","side":"buy","price":64002.32765688113,"quantity":0.006491410390686498,"notional_usd":415.46537478,"fee_usd":0.24927922486799997,"balance_before_usd":9983.848741290929,"balance_after_usd":9983.507753647385,"decision":"ALLOW","cert_hash":"f00c5943887404f7cd96c4f82b0f1ed68146cbc1b696d2ff1b04716c8b0f2db3","prev_hash":"f3aa467a4324987a532c06450471726b6e77e479b9b34040ea83756ea6d585e4","record_hash":"0ad7cd3ca5daec98f5b004702fcbd1ad09eb50d1c27323fe404d66e4aeef9881","signature_hex":"b34b885805c22deca3c529df0021f76a103be63c5cc5eca19b550774f7fa5fa5389d9178875bde19a8bdf0e57ee51daf0c4f2ce07ec1d7c342325126a154790f","public_key_hex":"c2f8243b0d573587f285c830a868acd19249d17d59ecbf9329e796dfed6fb630"}
{"seq":25,"ts":1781792760000,"agent_id":"swarm","symbol":"BTCUSDT","side":"buy","price":63929.20717718213,"quantity":0.013820720329930189,"notional_usd":883.54769331,"fee_usd":0.530128615986,"balance_before_usd":9984.539031152031,"balance_after_usd":9983.79320010507,"decision":"ALLOW","cert_hash":"16cb2a2b011bd89a1be53443cb12176fee649037894adb8a6a40222a610d2e39","prev_hash":"0ad7cd3ca5daec98f5b004702fcbd1ad09eb50d1c27323fe404d66e4aeef9881","record_hash":"75b1a0ccd759ae55da97c3a613c57409eb0222f6f2564b388b3fa27724b48640","signature_hex":"75c64fadf7ec23ded7e00408f6071052ba99a1beea125ae45953840838553fb828e9e2508046d0d51f59095f9a76af1ea1e1e3487d6b7b2db99703dfea7e710e","public_key_hex":"c2f8243b0d573587f285c830a868acd19249d17d59ecbf9329e796dfed6fb630"}
{"seq":26,"ts":1781798700000,"agent_id":"swarm","symbol":"BTCUSDT","side":"sell","price":62585.91417202921,"quantity":0.01105971008168718,"notional_usd":692.18206594,"fee_usd":0.415309239564,"balance_before_usd":9983.797631357435,"balance_after_usd":9983.219901118204,"decision":"ALLOW","cert_hash":"746a79f906c6d333352bd3a620be8e024257698c550b0260f6a798c1e7414913","prev_hash":"75b1a0ccd759ae55da97c3a613c57409eb0222f6f2564b388b3fa27724b48640","record_hash":"dd77a30843e47a6f35cf39dd0af81338f7e8e78076c5cecbbbdfdaedb1e67118","signature_hex":"e9c16d1682dfbbc9d8090be37ab2ffd61e508ce8658ac2f1bdaa4ed2d451c1e3222120516b6cee60e8c65c6bdd56cebd167b0919670c0be57e4056937b24d003","public_key_hex":"c2f8243b0d573587f285c830a868acd19249d17d59ecbf9329e796dfed6fb630"}
{"seq":27,"ts":1781798820000,"agent_id":"swarm","symbol":"BTCUSDT","side":"sell","price":62599.85259380179,"quantity":0.0042120609374423235,"notional_usd":263.6743938,"fee_usd":0.15820463628000003,"balance_before_usd":9983.080506247352,"balance_after_usd":9982.866081522807,"decision":"ALLOW","cert_hash":"005764d56caa69fa3cacdaf5f99e86fea1ae6c49217860a9f85ce8757c94a193","prev_hash":"dd77a30843e47a6f35cf39dd0af81338f7e8e78076c5cecbbbdfdaedb1e67118","record_hash":"9d7797948e7cb6e36f8a67a50920f3a712f3a0055063d871e661b81602a1e0e0","signature_hex":"767d30b55d0e9ae6fcc0073d5fa0365279ed713260fb998f0cf92e18439196251f1a706e20c493316a8397c6d825c23afb85be5d6703046855733622b95d380b","public_key_hex":"c2f8243b0d573587f285c830a868acd19249d17d59ecbf9329e796dfed6fb630"}
{"seq":28,"ts":1781798940000,"agent_id":"swarm","symbol":"BTCUSDT","side":"sell","price":62652.43654437007,"quantity":0.0057611942313588295,"notional_usd":360.952856,"fee_usd":0.21657171360000002,"balance_before_usd":9982.058026303337,"balance_after_usd":9981.762736767982,"decision":"ALLOW","cert_hash":"213a5f7f99aebd9515ff2dc0dec4aa060148cca22a25cba89d3be8fb9bcb12eb","prev_hash":"9d7797948e7cb6e36f8a67a50920f3a712f3a0055063d871e661b81602a1e0e0","record_hash":"ab18db39497192df1c4edbc2f13822ab9227d4326a2be43c5807b0436ec68371","signature_hex":"3b5af38199f006e31e90fe5986b039a8694690986eb558145adfa6dc12635b943f8040748b7f45d5d1936f88a9470325f99b394c815b21763ec8a63c790e190d","public_key_hex":"c2f8243b0d573587f285c830a868acd19249d17d59ecbf9329e796dfed6fb630"}
{"seq":29,"ts":1781799240000,"agent_id":"swarm","symbol":"BTCUSDT","side":"buy","price":62624.4378937153,"quantity":0.009258363007649224,"notional_usd":579.79977917,"fee_usd":0.347879867502,"balance_before_usd":9982.940771816779,"balance_after_usd":9982.460146524494,"decision":"ALLOW","cert_hash":"d39d619ce370a9ea7793a1aa1449171bebe3526a626fec464903c274750ed6ce","prev_hash":"ab18db39497192df1c4edbc2f13822ab9227d4326a2be43c5807b0436ec68371","record_hash":"10422a96ea1ae9ea78c012a8c971ed00b78001aa4e2fe7fa7241e8787ffcfc30","signature_hex":"3362f3ba34bb9c75d319be15cca40f40794e25d7b9936f2f0b60f4c1e647245fcb4b98aa1f06a67631cfedaa9b41864ad5b17693af15fb9b8b6402b0cf93c60a","public_key_hex":"c2f8243b0d573587f285c830a868acd19249d17d59ecbf9329e796dfed6fb630"}
{"seq":30,"ts":1781799300000,"agent_id":"swarm","symbol":"BTCUSDT","side":"buy","price":62579.91905699129,"quantity":0.011775188099539036,"notional_usd":736.89031815,"fee_usd":0.44213419089,"balance_before_usd":9982.99015549622,"balance_after_usd":9982.3735241218,"decision":"ALLOW","cert_hash":"999412b90a897bcbfce905ef4ba61d60de8a91316c5c83c04f3047d5aafbe0af","prev_hash":"10422a96ea1ae9ea78c012a8c971ed00b78001aa4e2fe7fa7241e8787ffcfc30","record_hash":"d03c9b012818129e7c4df51241414a756f12264560b82d68d942858a299ba494","signature_hex":"baf7f6c5ec1308dfb89cbe0751dad05fe4fe548927a0120af872c20960af29df472b189e824de9b2d1bb7ab31ffd58a437f2745a6cc16f6e37e6feb942da0f00","public_key_hex":"c2f8243b0d573587f285c830a868acd19249d17d59ecbf9329e796dfed6fb630"}
{"seq":31,"ts":1781799600000,"agent_id":"swarm","symbol":"BTCUSDT","side":"sell","price":62660.56196069359,"quantity":0.014787495470935027,"notional_usd":926.5927762,"fee_usd":0.55595566572,"balance_before_usd":9982.373214816167,"balance_after_usd":9981.58896921412,"decision":"ALLOW","cert_hash":"bf477e35191cba36f198aa9e0adcde2334d073059cc9669e819f7c18ae8e9004","prev_hash":"d03c9b012818129e7c4df51241414a756f12264560b82d68d942858a299ba494","record_hash":"497c440554df11134047dbbbc7e82adbcc5d8c2e41dfa5497d2b51db77536754","signature_hex":"73e224b77a78203964f87e5c9c5afba07b2c30c88b63486934d86efb59294238c33c6ce0a347f970c9d49dd37bf075f579925cdd2608fed4fb000caef2d72506","public_key_hex":"c2f8243b0d573587f285c830a868acd19249d17d59ecbf9329e796dfed6fb630"}
{"seq":32,"ts":1781799840000,"agent_id":"swarm","symbol":"BTCUSDT","side":"buy","price":62689.678076049524,"quantity":0.004286441397003478,"notional_usd":268.71563127,"fee_usd":0.161229378762,"balance_before_usd":9981.584532128765,"balance_after_usd":9981.365958411012,"decision":"ALLOW","cert_hash":"a2e8f0580c8788b521a8a72e593c685f261fb8a67649369bcd4b3666739e3754","prev_hash":"497c440554df11134047dbbbc7e82adbcc5d8c2e41dfa5497d2b51db77536754","record_hash":"f9cadf5fb1c4f92d28a3da7cf8e7f30925f99d214aeac39c32ed14cb2cc831f4","signature_hex":"f11b206a747c2a8dfa967911c37de2726066669a64ba9016adab8d69f9a4e2f5d3cc3ce00602ea0dd9e8608ad4ff27cd9646351a5848d852d0e43c6bada12603","public_key_hex":"c2f8243b0d573587f285c830a868acd19249d17d59ecbf9329e796dfed6fb630"}
{"seq":33,"ts":1781799900000,"agent_id":"swarm","symbol":"BTCUSDT","side":"buy","price":62660.49113380286,"quantity":0.010501397196917641,"notional_usd":658.02270595,"fee_usd":0.39481362357000005,"balance_before_usd":9981.685275241976,"balance_after_usd":9981.137234326789,"decision":"ALLOW","cert_hash":"b87fceac33f66d9fab6b2a14953fd2564b59f37f9de9a4f20811b7e66f706971","prev_hash":"f9cadf5fb1c4f92d28a3da7cf8e7f30925f99d214aeac39c32ed14cb2cc831f4","record_hash":"0ccb26b1d12a6196d7d763d51962411e23baf850d6eec02d486e8cd1d36a8f8d","signature_hex":"0debc2bfb0cfa94cb5efdd0c9cdec4911499f6fedf31e98a72e57fdb43932d4ad0fa4017992ad8c614406545a5bd9cbe65168d131744c1ce804aba63700a4c07","public_key_hex":"c2f8243b0d573587f285c830a868acd19249d17d59ecbf9329e796dfed6fb630"}
{"seq":34,"ts":1781799960000,"agent_id":"swarm","symbol":"BTCUSDT","side":"sell","price":62677.61819696598,"quantity":0.011422448651609036,"notional_usd":715.93187546,"fee_usd":0.42955912527600004,"balance_before_usd":9981.137120591187,"balance_after_usd":9980.538717079779,"decision":"ALLOW","cert_hash":"6cfb952ee005494f9f7f5c7c8623819032b0fe94790e5e7c4167c5ee3e5392cc","prev_hash":"0ccb26b1d12a6196d7d763d51962411e23baf850d6eec02d486e8cd1d36a8f8d","record_hash":"39c988a0f3f2dd4610f2fe6e5a260caaf9aa5a7c3df4f9e3b1df288172dc73bf","signature_hex":"17d752b67144b3b0ce5097d0f1010750829907c10682469c86e4f000f1eb53cce410fc0cfd6fbdde09404108c9680c9c832199b8c73180a3ae94de7e59dfde09","public_key_hex":"c2f8243b0d573587f285c830a868acd19249d17d59ecbf9329e796dfed6fb630"}
{"seq":35,"ts":1781800020000,"agent_id":"swarm","symbol":"BTCUSDT","side":"buy","price":62657.97115231526,"quantity":0.011422201244279432,"notional_usd":715.69195606,"fee_usd":0.42941517363600007,"balance_before_usd":9981.100821893042,"balance_after_usd":9980.502687645052,"decision":"ALLOW","cert_hash":"7f2ad9a522151dc9d99a753981979582565109c43c6bb56a4c9fac818c5bb096","prev_hash":"39c988a0f3f2dd4610f2fe6e5a260caaf9aa5a7c3df4f9e3b1df288172dc73bf","record_hash":"07751df0fd88314a024fc271e3bc6a65efed8c1b36f44e22d64b75f17db7fcb5","signature_hex":"13bdec10b31751d99fe1e195d83a4f0677bd85e62e60b9bbe7f472d23fb04387994baa26d45cfee3542886ae1361b3963f71d9100a30dc8d7aa9a76edf746d04","public_key_hex":"c2f8243b0d573587f285c830a868acd19249d17d59ecbf9329e796dfed6fb630"}
{"seq":36,"ts":1781800920000,"agent_id":"swarm","symbol":"BTCUSDT","side":"sell","price":62662.4382263941,"quantity":0.010832301192105404,"notional_usd":678.7784043,"fee_usd":0.40726704258,"balance_before_usd":9980.50259634102,"balance_after_usd":9979.93650855073,"decision":"ALLOW","cert_hash":"cf456939a1facbad0155f9eb67660daa2f7755a2b0d34b9e08984215263abe97","prev_hash":"07751df0fd88314a024fc271e3bc6a65efed8c1b36f44e22d64b75f17db7fcb5","record_hash":"9ed0bb2332fcf7e2ccfe7cc25ffed0dc75020eecb713c56980fe4512f2d4bef7","signature_hex":"71be81a45a76e057177fb456ac16a8316afa77fd313a32855a71fef1d12da55c2c35a06d48fd2f7db688ce7e970465afeac2ff968235496732e4e26c255cbd0b","public_key_hex":"c2f8243b0d573587f285c830a868acd19249d17d59ecbf9329e796dfed6fb630"}
{"seq":37,"ts":1781800980000,"agent_id":"swarm","symbol":"BTCUSDT","side":"sell","price":62686.8971128467,"quantity":0.0033764904140808592,"notional_usd":211.66170719,"fee_usd":0.12699702431399998,"balance_before_usd":9979.687303676625,"balance_after_usd":9979.515727230399,"decision":"ALLOW","cert_hash":"6cb7e78dbdc84dfe318cdaed9144c5b22d5ed901794da0c2faa0f75107316aff","prev_hash":"9ed0bb2332fcf7e2ccfe7cc25ffed0dc75020eecb713c56980fe4512f2d4bef7","record_hash":"d5baad2299def73261885b5c5c47730ccfe80c9479779b03d9328c7810be377c","signature_hex":"c09a6b4fba76fbf65c9a7c643d886156957df2630367ccb31b81368d8d7ee429a75690ca787b0bb2a0343a6dbc01476afc939510fe58de1d823d5512041dff05","public_key_hex":"c2f8243b0d573587f285c830a868acd19249d17d59ecbf9329e796dfed6fb630"}
{"seq":38,"ts":1781801220000,"agent_id":"swarm","symbol":"BTCUSDT","side":"buy","price":62703.0308236499,"quantity":0.014208010247631953,"notional_usd":890.8853045,"fee_usd":0.5345311827,"balance_before_usd":9979.69194964366,"balance_after_usd":9978.939597961438,"decision":"ALLOW","cert_hash":"fd98bf0a9bbb7a8673d1e55c689efbe9f51c4bd3691091e3680c15991c61d044","prev_hash":"d5baad2299def73261885b5c5c47730ccfe80c9479779b03d9328c7810be377c","record_hash":"1f8c2f3319ed02e37c381e91057e56ff043f04600a668c7b42da4184056c166d","signature_hex":"a518e62bb1c17306935c0443c34d6f2742660dfd33a7e1c2b3c05de0da62700380cd1de96e679acf69efd43f44006101a16b98066615184921e5c60876b46008","public_key_hex":"c2f8243b0d573587f285c830a868acd19249d17d59ecbf9329e796dfed6fb630"}
{"seq":39,"ts":1781802000000,"agent_id":"swarm","symbol":"BTCUSDT","side":"buy","price":62638.222913125,"quantity":0.012223421617051776,"notional_usd":765.65340801,"fee_usd":0.459392044806,"balance_before_usd":9978.939821731654,"balance_after_usd":9978.298020627966,"decision":"ALLOW","cert_hash":"d9a8de9f66ea0092fde1cb7abb1535b7e451e42671281751778680a0e7302c94","prev_hash":"1f8c2f3319ed02e37c381e91057e56ff043f04600a668c7b42da4184056c166d","record_hash":"936d2e037dec6c2d48f02e4fcc01d7987deb09ed933400237d53de4d93b331fa","signature_hex":"734898df8439009a9b567981f7d56740c7b201a7837da0f45742176a6b3aa8d16197478a4926a4f0acb1075873fbb5776d4e80206c65125710a32184ff901d0a","public_key_hex":"c2f8243b0d573587f285c830a868acd19249d17d59ecbf9329e796dfed6fb630"}
{"seq":40,"ts":1781802120000,"agent_id":"swarm","symbol":"BTCUSDT","side":"buy","price":62571.291591430454,"quantity":0.004492713877725045,"notional_usd":281.11491008,"fee_usd":0.168668946048,"balance_before_usd":9977.49883609912,"balance_after_usd":9977.270002564408,"decision":"ALLOW","cert_hash":"f84c27a00e2ff6b26664bea9572238e79f4365bd76e3e0b3906e0cb0da1ae0ec","prev_hash":"936d2e037dec6c2d48f02e4fcc01d7987deb09ed933400237d53de4d93b331fa","record_hash":"08e22a3c046180b2e636b3dfadfefd34a7644003c8b4d9caae65ab520b8e8f31","signature_hex":"f150710283c2a614041c03746b678289eb0c4b38a32d6cb86116cf984375c058892c6678f940906cddf6b09f775bf473d67e7068b2cd797ed7f5fa9e019ca606","public_key_hex":"c2f8243b0d573587f285c830a868acd19249d17d59ecbf9329e796dfed6fb630"}
{"seq":41,"ts":1781802240000,"agent_id":"swarm","symbol":"BTCUSDT","side":"sell","price":62526.41823406104,"quantity":0.004984194965772614,"notional_usd":311.64385899,"fee_usd":0.186986315394,"balance_before_usd":9976.969174669972,"balance_after_usd":9976.714992604657,"decision":"ALLOW","cert_hash":"705bcd67d33fdbf92f469f2fa854d1c9b53b1579f119a6a953154ef736a0716b","prev_hash":"08e22a3c046180b2e636b3dfadfefd34a7644003c8b4d9caae65ab520b8e8f31","record_hash":"af3c449885c7d2202fe1cbd0a4adbb6b348d7b769166beae41f2ccc77cda046b","signature_hex":"98674d8933cb2ae71244156595aad9c961da83bf6afa9f49cd3022982dc003d8602e2b769fad264923adfa61cd4f276f0a59cf244a34880ee0749b5640a53b05","public_key_hex":"c2f8243b0d573587f285c830a868acd19249d17d59ecbf9329e796dfed6fb630"}
{"seq":42,"ts":1781802300000,"agent_id":"swarm","symbol":"BTCUSDT","side":"sell","price":62546.393410814206,"quantity":0.011731242312416625,"notional_usd":733.74689687,"fee_usd":0.440248138122,"balance_before_usd":9976.964808926969,"balance_after_usd":9976.350861103287,"decision":"ALLOW","cert_hash":"31686d6c5e45b4a025767499749c9660f2565641bfdc0164b33fdcaa0370a5db","prev_hash":"af3c449885c7d2202fe1cbd0a4adbb6b348d7b769166beae41f2ccc77cda046b","record_hash":"88193de9d1bafb4966c79c2e2049cf65bca443f45e494bfed0d80b9093bbcd2f","signature_hex":"acf51a7f3d318094fbdd08f72e7727aa0afc570ee3fd39257e889d09b01b9c87999d1b84ad30469cefc111a6bff295af4cae9a5567ec6271a3999bfab977a80e","public_key_hex":"c2f8243b0d573587f285c830a868acd19249d17d59ecbf9329e796dfed6fb630"}
{"seq":43,"ts":1781802360000,"agent_id":"swarm","symbol":"BTCUSDT","side":"buy","price":62531.307567271004,"quantity":0.009226079947222476,"notional_usd":576.91884282,"fee_usd":0.34615130569200003,"balance_before_usd":9976.350983823535,"balance_after_usd":9975.872829758351,"decision":"ALLOW","cert_hash":"b4a237a8486c5c765f3bbb958a33743803230914f4eae2feabb094d724e8b586","prev_hash":"88193de9d1bafb4966c79c2e2049cf65bca443f45e494bfed0d80b9093bbcd2f","record_hash":"97da8ff029cefc82648c5ef1b2d41c8a723c7f1d2c234a1a12fa67e61a4efc59","signature_hex":"5bf1ed8b64488a6a3ed8e57acb5489b818df260be26cbacd78e96f1575b3b38ba3807a24895443ca9a21773bb4b9565089e6c1c66009a117e6ddb94c7a173c05","public_key_hex":"c2f8243b0d573587f285c830a868acd19249d17d59ecbf9329e796dfed6fb630"}
{"seq":44,"ts":1781802420000,"agent_id":"swarm","symbol":"BTCUSDT","side":"sell","price":62511.89262846402,"quantity":0.009225414449016499,"notional_usd":576.69811749,"fee_usd":0.346018870494,"balance_before_usd":9975.957684150286,"balance_after_usd":9975.479673847694,"decision":"ALLOW","cert_hash":"2a41509d2590d8f09b15e6f280b2f201951e98d9b749499fe8c5aec0448acd0a","prev_hash":"97da8ff029cefc82648c5ef1b2d41c8a723c7f1d2c234a1a12fa67e61a4efc59","record_hash":"f422e7a0ab39b8e43f3e6fa151329af8ae4e78d1e05211c0405abfb8e33c07aa","signature_hex":"5419d0cc1100d3b4528cad8f6e80806ac296c2f1d957cdce58f7c172d01b1bb8d91694145d45d6e760e5991e8252b5e0ffe0b372dd05a782273569215c1d0e06","public_key_hex":"c2f8243b0d573587f285c830a868acd19249d17d59ecbf9329e796dfed6fb630"}
{"seq":45,"ts":1781804160000,"agent_id":"swarm","symbol":"BTCUSDT","side":"sell","price":62630.905009934635,"quantity":0.009005947130582405,"notional_usd":564.05061926,"fee_usd":0.338430371556,"balance_before_usd":9975.479422641312,"balance_after_usd":9975.012252344997,"decision":"ALLOW","cert_hash":"77ad9dbbd5f604822ab3bb11ddbed917a5a1854c7965ffb419548e023bec9853","prev_hash":"f422e7a0ab39b8e43f3e6fa151329af8ae4e78d1e05211c0405abfb8e33c07aa","record_hash":"4f915cb20469c38b0127b0b51fcf02fcbaeaf7a79d6fc8c46ef5119d78d25db6","signature_hex":"c63509428bde553d4f9ade9dcbebcedf3aa859d2c1dedb67c92fadaa5f43fdb6b3d159628e88c9679ba547a584ee4ace3ccb95ca7f9196f8dd684757d3d7640c","public_key_hex":"c2f8243b0d573587f285c830a868acd19249d17d59ecbf9329e796dfed6fb630"}
{"seq":46,"ts":1781804220000,"agent_id":"swarm","symbol":"BTCUSDT","side":"buy","price":62631.19015678323,"quantity":0.009006002797775513,"notional_usd":564.05667378,"fee_usd":0.33843400426799997,"balance_before_usd":9975.26718038947,"balance_after_usd":9974.80004919323,"decision":"ALLOW","cert_hash":"975412b3494fee4e4082861beab18a89a45fb6cf51de3afae732a9ecbf1d4d7c","prev_hash":"4f915cb20469c38b0127b0b51fcf02fcbaeaf7a79d6fc8c46ef5119d78d25db6","record_hash":"e2e6c79450ee98485074e77730cbac9d2d5b09dbcd5d979963b969c7d26ed4c3","signature_hex":"d70cf3bfde828f8cb36c2e0bd78ac26d1b17d8daa33d3892be3e94f5f6c31000efcd1ec351b499596ceae814cc4dff0d1372df61c047e07224281e7ef3c58602","public_key_hex":"c2f8243b0d573587f285c830a868acd19249d17d59ecbf9329e796dfed6fb630"}
{"seq":47,"ts":1781805120000,"agent_id":"swarm","symbol":"BTCUSDT","side":"sell","price":62648.60020337078,"quantity":0.00900731440587939,"notional_usd":564.29563912,"fee_usd":0.338577383472,"balance_before_usd":9974.799954648934,"balance_after_usd":9974.332574501283,"decision":"ALLOW","cert_hash":"bb783f2513c473a76874cc6d2c8c75ef0460e5b93bc68239440d33c0edfbb24a","prev_hash":"e2e6c79450ee98485074e77730cbac9d2d5b09dbcd5d979963b969c7d26ed4c3","record_hash":"7fa47e6b8844db6cdf332ef19cf38e06ab3cee6d74177f7a12336435908c790d","signature_hex":"ef00b0b3db2f65c6ffec2bf67d16169172362649e64267afd8115aca265c55219d38fc7f53a1248a1be1739466b6d8658e529509729023972d1231c2f60e6607","public_key_hex":"c2f8243b0d573587f285c830a868acd19249d17d59ecbf9329e796dfed6fb630"}
{"seq":48,"ts":1781805240000,"agent_id":"swarm","symbol":"BTCUSDT","side":"buy","price":62588.07936266609,"quantity":0.009007314244512163,"notional_usd":563.75049878,"fee_usd":0.33825029926800004,"balance_before_usd":9975.135309343039,"balance_after_usd":9974.668440337025,"decision":"ALLOW","cert_hash":"ce24356ba0a0a5289dfe90ce08b648eb85bcb03442ae3d3a559beea810e7a03d","prev_hash":"7fa47e6b8844db6cdf332ef19cf38e06ab3cee6d74177f7a12336435908c790d","record_hash":"2152ecdfa30f14f36333c3ba1a4bb1daab80fc4c43c5c1f5f6b7ab1f1f62da32","signature_hex":"46a8b3920da1f31490c1af9718318b6e1c416d21022e807ae8aefd2b3c7f2d41e773b1de557cbddbebd5834cd2322950754c4273e85cc3c7442d27bd9beb1200","public_key_hex":"c2f8243b0d573587f285c830a868acd19249d17d59ecbf9329e796dfed6fb630"}
{"seq":49,"ts":1781806620000,"agent_id":"swarm","symbol":"BTCUSDT","side":"sell","price":62696.87566322635,"quantity":0.009577755434824786,"notional_usd":600.49534163,"fee_usd":0.360297204978,"balance_before_usd":9974.6681577096,"balance_after_usd":9974.169707734696,"decision":"ALLOW","cert_hash":"d1af2f2bfc0fd95c751e519e57d09bee1f2436e5d3aca5412e29fcdedc9d94b8","prev_hash":"2152ecdfa30f14f36333c3ba1a4bb1daab80fc4c43c5c1f5f6b7ab1f1f62da32","record_hash":"6417f6d9d69dc59e9baad833effa3ea095141dfbe4514201c5c0803fdc44865d","signature_hex":"616eb070662cf9892503f48bd4e8a881dc72975ff784ecf5d8c03a5536644f7d9fed2c0de325ddbaf43bdb4b7c8f39aa91c51477b30b12f48e5e21b89991b20e","public_key_hex":"c2f8243b0d573587f285c830a868acd19249d17d59ecbf9329e796dfed6fb630"}
{"seq":50,"ts":1781806800000,"agent_id":"swarm","symbol":"BTCUSDT","side":"buy","price":62874.46549133682,"quantity":0.009577606885468833,"notional_usd":602.18691361,"fee_usd":0.36131214816600005,"balance_before_usd":9972.745189852825,"balance_after_usd":9972.245332915229,"decision":"ALLOW","cert_hash":"7a9f1f4e376872f706d4421a411ab7a97d7ba24eef72667af37229bc53b4930e","prev_hash":"6417f6d9d69dc59e9baad833effa3ea095141dfbe4514201c5c0803fdc44865d","record_hash":"8ac5e0c026a73716887da9aac2ed14b3a4521b7148efe534ea3a611293b21b05","signature_hex":"cdb4fd0312b23403e88e0286d6eafde1f7bf915c627007a702f74abafd68e24be4d3444287ef21712c118818fa8784d1fa390d6b0426b1f93e0e700397c39607","public_key_hex":"c2f8243b0d573587f285c830a868acd19249d17d59ecbf9329e796dfed6fb630"}
{"seq":51,"ts":1781807760000,"agent_id":"swarm","symbol":"BTCUSDT","side":"buy","price":62775.67199156874,"quantity":0.009233381620317008,"notional_usd":579.63173597,"fee_usd":0.347779041582,"balance_before_usd":9972.245550452155,"balance_after_usd":9971.765069327774,"decision":"ALLOW","cert_hash":"ad66b3560f25e3ae4d70e39a5a4994c6c0c9e934b27be1a8c7710ce87662fc70","prev_hash":"8ac5e0c026a73716887da9aac2ed14b3a4521b7148efe534ea3a611293b21b05","record_hash":"a72f6044bcb2550da318be5a2c36a4f97f75033d8c9b33ee27f58465fd89cb91","signature_hex":"103efbd65cff0ccf17e9e0c0056ab36cb34406e7a7295127d76ab60897916cab9b95694a0f0503f96da3d1ee9155795f75f137b2d27ac61c67b1080e0ad72909","public_key_hex":"c2f8243b0d573587f285c830a868acd19249d17d59ecbf9329e796dfed6fb630"}
{"seq":52,"ts":1781807880000,"agent_id":"swarm","symbol":"BTCUSDT","side":"buy","price":62711.865993854924,"quantity":0.006234236293149209,"notional_usd":390.96059099,"fee_usd":0.23457635459399998,"balance_before_usd":9971.181658903532,"balance_after_usd":9970.861262090435,"decision":"ALLOW","cert_hash":"3d46c554ecb9441d17f084fcf1ba8cb694cea3a359a69c1ef7fbce8c7298d879","prev_hash":"a72f6044bcb2550da318be5a2c36a4f97f75033d8c9b33ee27f58465fd89cb91","record_hash":"dfff4a0e83967e5dd778e184b33eb86c965eb56e9b0b28a42a0f0e25a4b5fbb4","signature_hex":"b3ae0704accf61bfe3c10924e596e2f21af50517dedabfd1f49265b0a403ade4a64ce026e31b60a49c3601dd7e73f9715db6cc186da325cda86e939b48125a0b","public_key_hex":"c2f8243b0d573587f285c830a868acd19249d17d59ecbf9329e796dfed6fb630"}
{"seq":53,"ts":1781808000000,"agent_id":"swarm","symbol":"BTCUSDT","side":"sell","price":62696.855018871844,"quantity":0.004088012764322097,"notional_usd":256.3055436,"fee_usd":0.15378332616,"balance_before_usd":9971.048393598527,"balance_after_usd":9970.840055819175,"decision":"ALLOW","cert_hash":"6acbff67576f50be0141a2187142ad38be9bf6d0a84d1460674245fcb86e5d9f","prev_hash":"dfff4a0e83967e5dd778e184b33eb86c965eb56e9b0b28a42a0f0e25a4b5fbb4","record_hash":"614b6bea5906a400fbe606fdb88e50c11f18a3e3156c02d7322d09195a8803ef","signature_hex":"04932873502ea42b65d1f38c36d5f1ed1c722d1b9e7429a837c3c58647c67c17a86f5c595fc69de55236abe5308d3dc6bcc602e7994295614caf6df3a1fab80d","public_key_hex":"c2f8243b0d573587f285c830a868acd19249d17d59ecbf9329e796dfed6fb630"}
{"seq":54,"ts":1781808060000,"agent_id":"swarm","symbol":"BTCUSDT","side":"buy","price":62664.249521760335,"quantity":0.0041703479549252695,"notional_usd":261.33172484,"fee_usd":0.156799034904,"balance_before_usd":9970.165375932309,"balance_after_usd":9969.952904746631,"decision":"ALLOW","cert_hash":"c8d28e1f0e24dd95055768dba48b3cb6289b0e29215c20c23dad99cfff88e58b","prev_hash":"614b6bea5906a400fbe606fdb88e50c11f18a3e3156c02d7322d09195a8803ef","record_hash":"3860623cf878fc7c81023cef5cc556c6a1c2565528530b6cb0e67e32e8e7ed73","signature_hex":"d0f9c644cc57fed1e94d23c14ef8566eca40e4acc5a46ce9558e9875f99836e3dcb59cf13f22591fc03748db067514966affb6bd762cb47fc05c0a9b32497c0a","public_key_hex":"c2f8243b0d573587f285c830a868acd19249d17d59ecbf9329e796dfed6fb630"}
{"seq":55,"ts":1781808120000,"agent_id":"swarm","symbol":"BTCUSDT","side":"sell","price":62670.63878786954,"quantity":0.004709800928934077,"notional_usd":295.16623278,"fee_usd":0.177099739668,"balance_before_usd":9970.469090016171,"balance_after_usd":9970.228590647106,"decision":"ALLOW","cert_hash":"4e95299b3c547732600bd5632c2e1d0e16b15b63a78d570233ec836465d2ada7","prev_hash":"3860623cf878fc7c81023cef5cc556c6a1c2565528530b6cb0e67e32e8e7ed73","record_hash":"1350b97d01129f622e5798ea1abb7615de8583c8da0b271db4b5c16595efd551","signature_hex":"2fae279b7be354c8e5a5d4d66981dc583bb4ea7a1e11d2f8bf90eb8f0cc557e8089cf77ae680cc2df8a65b6e6183c3e8107ac9a94cae04684b49fa47c700f504","public_key_hex":"c2f8243b0d573587f285c830a868acd19249d17d59ecbf9329e796dfed6fb630"}
{"seq":56,"ts":1781808180000,"agent_id":"swarm","symbol":"BTCUSDT","side":"sell","price":62735.117139562404,"quantity":0.010840484724641159,"notional_usd":680.07907905,"fee_usd":0.40804744743,"balance_before_usd":9970.940643840799,"balance_after_usd":9970.37342706908,"decision":"ALLOW","cert_hash":"85b604691442215dfd3b806ef2e2061d692c8121707af02eb1d9615b0dc0c016","prev_hash":"1350b97d01129f622e5798ea1abb7615de8583c8da0b271db4b5c16595efd551","record_hash":"0ce857f3e452fb6ad664ae0c090d1ee3d353d5ab7bcc60689e26ce7a83d42f47","signature_hex":"585925773bc0b8d7ce96040123616fda9b7ed220489a71a0442baf4c15429f8ab3059dcc129173c5bad8133fae3eec379eee15b4282622c17d1c51680084c905","public_key_hex":"c2f8243b0d573587f285c830a868acd19249d17d59ecbf9329e796dfed6fb630"}
{"seq":57,"ts":1781808840000,"agent_id":"swarm","symbol":"BTCUSDT","side":"buy","price":62644.296445079846,"quantity":0.013099590115429447,"notional_usd":820.6146065,"fee_usd":0.49236876389999995,"balance_before_usd":9970.373732979548,"balance_after_usd":9969.683606972902,"decision":"ALLOW","cert_hash":"b5e75113a0658974bab3c7b686cbb54d7d6077e469e5ee13404127fba45b13e8","prev_hash":"0ce857f3e452fb6ad664ae0c090d1ee3d353d5ab7bcc60689e26ce7a83d42f47","record_hash":"959516f57cd4f55b58a16ff98346018aa9e2a957786b691cc85f747f47ccbc7c","signature_hex":"c33ad0f9f6d8e7df8995d3367a557fcaf88ca9f2e89e141fa89ace1d2cfa8bea74e0d4ca5b42638b5601b382ad3411bf8963b941c34a4b4d5556204ca19c6a05","public_key_hex":"c2f8243b0d573587f285c830a868acd19249d17d59ecbf9329e796dfed6fb630"}
{"seq":58,"ts":1781808900000,"agent_id":"swarm","symbol":"BTCUSDT","side":"sell","price":62663.0926181358,"quantity":0.013100211099897377,"notional_usd":820.89974147,"fee_usd":0.49253984488200003,"balance_before_usd":9970.325362596575,"balance_after_usd":9969.634912860109,"decision":"ALLOW","cert_hash":"ab104d6e4562925cfd8b0deea2fd44e8512ab57c47061d3d2a3881e735b49664","prev_hash":"959516f57cd4f55b58a16ff98346018aa9e2a957786b691cc85f747f47ccbc7c","record_hash":"94d285a37433ef748fb442bd319398e279f68c7b672c4cd47dadfec1e28e1266","signature_hex":"00f83c6d1ad44fc5298b16417520b6e49817c79d13951ec79f6d4000c8ee99667ebf0dba28bf9f1ac563ddf9b6374ef0bb2645826cc14ef15c808f78ec2d910f","public_key_hex":"c2f8243b0d573587f285c830a868acd19249d17d59ecbf9329e796dfed6fb630"}
{"seq":59,"ts":1781808960000,"agent_id":"swarm","symbol":"BTCUSDT","side":"buy","price":62661.3865863102,"quantity":0.011496120673419308,"notional_usd":720.36286176,"fee_usd":0.43221771705600004,"balance_before_usd":9969.635012638862,"balance_after_usd":9969.032806541236,"decision":"ALLOW","cert_hash":"d1f46e598071940670dff9d533d66c1b9d3d6dcd62e3f809905f1906a8934542","prev_hash":"94d285a37433ef748fb442bd319398e279f68c7b672c4cd47dadfec1e28e1266","record_hash":"73bf0a88a481d96daa35a2f51a5355fdb3c1e7ea9c857ddde952e9cc2f733d39","signature_hex":"895b80b912431bf2b7dd1fc08a3df18fd60aab1e0bf1838619aaf06f6634984eeec7eb4b22c802e09ff4c7b45ec57f1c4c0bbd070027625d3b3ed163e6588c00","public_key_hex":"c2f8243b0d573587f285c830a868acd19249d17d59ecbf9329e796dfed6fb630"}
{"seq":60,"ts":1781809020000,"agent_id":"swarm","symbol":"BTCUSDT","side":"buy","price":62609.41527791836,"quantity":0.005079606423543235,"notional_usd":318.03118802,"fee_usd":0.19081871281200002,"balance_before_usd":9968.450113311157,"balance_after_usd":9968.190642305814,"decision":"ALLOW","cert_hash":"96d66edc6568c001ebe8047e7f86cc3394ccc88a56fbe258e166ed3a6edab4de","prev_hash":"73bf0a88a481d96daa35a2f51a5355fdb3c1e7ea9c857ddde952e9cc2f733d39","record_hash":"ae82a221b4f8b5ea72c5e69d6370df77795e13ff1f11505e624562529e4ce0f6","signature_hex":"54578fd6bd1c3440aeb8d5648c8132793944ebcb2fad1d3b4890d29cd6eb20211bb8684b17894b8c919f35f36129e04425d154a4a58fcdb3a7b8eb7e5383b302","public_key_hex":"c2f8243b0d573587f285c830a868acd19249d17d59ecbf9329e796dfed6fb630"}
{"seq":61,"ts":1781809080000,"agent_id":"swarm","symbol":"BTCUSDT","side":"sell","price":62661.76984452345,"quantity":0.007107971539666417,"notional_usd":445.39807668,"fee_usd":0.26723884600799996,"balance_before_usd":9969.513133355222,"balance_after_usd":9969.146879360544,"decision":"ALLOW","cert_hash":"ef296fcd87fe29cab523d13190a6dc8e3662c37efc2d572a21d208281fbdb548","prev_hash":"ae82a221b4f8b5ea72c5e69d6370df77795e13ff1f11505e624562529e4ce0f6","record_hash":"01629b6562d84bb419a82377da08e029e348612a0ce2121796644b078dfeec8f","signature_hex":"e8b1e2589a48b04b5113a65f95b3fb1c35bf5e33c6c2808d12390883ee3385f1937287c98a47b3dce3864d9d37b50779435da35e08cfa52926939bc543e4860b","public_key_hex":"c2f8243b0d573587f285c830a868acd19249d17d59ecbf9329e796dfed6fb630"}
{"seq":62,"ts":1781809200000,"agent_id":"swarm","symbol":"BTCUSDT","side":"sell","price":62669.104687834704,"quantity":0.0094667720530746,"notional_usd":593.27412885,"fee_usd":0.35596447730999997,"balance_before_usd":9969.220703224957,"balance_after_usd":9968.728461608745,"decision":"ALLOW","cert_hash":"8befe6a2313cf77f4a89d2ef735748933c45b82b092ecf046527d2d5ccfa52a1","prev_hash":"01629b6562d84bb419a82377da08e029e348612a0ce2121796644b078dfeec8f","record_hash":"aaee27e3f59e2fdce8ef61d2989083ebbe5604d8193a1fa7587bb5af117d2c80","signature_hex":"6aed624dad6fa2596f127e588f9b056edcc7d7962a8a5ccd46631183150132bbd03f7a80b58a6b9c0bfa21413bc6251363aac69aed67f4b6afa74688578c3f01","public_key_hex":"c2f8243b0d573587f285c830a868acd19249d17d59ecbf9329e796dfed6fb630"}
{"seq":63,"ts":1781809320000,"agent_id":"swarm","symbol":"BTCUSDT","side":"buy","price":62676.89440039318,"quantity":0.009986532579158445,"notional_usd":625.92484789,"fee_usd":0.37555490873400005,"balance_before_usd":9968.728507481226,"balance_after_usd":9968.20820377075,"decision":"ALLOW","cert_hash":"b6951683691f5f0a5d60471f32c9d8831d8c4596f4ad244cb8cb5021fbfd5dda","prev_hash":"aaee27e3f59e2fdce8ef61d2989083ebbe5604d8193a1fa7587bb5af117d2c80","record_hash":"c6eff5e73784fb3b4767b6e1cc5f52e5a4053d99f6ca63fea07fa8c2b61b1733","signature_hex":"afa9556eb722e52eeca4beec80731a1953c9ac3f6ddf19a6a3b01c413d8f3f00c83afc64942f197a672d434b6a3fec7d56c968f3657a12176998410cecbe9f0b","public_key_hex":"c2f8243b0d573587f285c830a868acd19249d17d59ecbf9329e796dfed6fb630"}
{"seq":64,"ts":1781809380000,"agent_id":"swarm","symbol":"BTCUSDT","side":"sell","price":62675.90077359159,"quantity":0.00998666827495732,"notional_usd":625.92342986,"fee_usd":0.37555405791600005,"balance_before_usd":9968.48776580953,"balance_after_usd":9967.96741278723,"decision":"ALLOW","cert_hash":"ab51c912552421f1f7da5b759ec120daa83f011e60eb9f20139a9042b3f156d1","prev_hash":"c6eff5e73784fb3b4767b6e1cc5f52e5a4053d99f6ca63fea07fa8c2b61b1733","record_hash":"f545b604025daf33a0fd3d53cc4065487b22d507ad08aecf49bef33f9fd3aeb2","signature_hex":"aedbef6c3a43ff0719750f0a9ba967c894ad57c77f1a69bd1193fa8362ce666fe0446bb3f379b6cc212081527dba22032e0b7a85ca572ddb772798e0f56fb405","public_key_hex":"c2f8243b0d573587f285c830a868acd19249d17d59ecbf9329e796dfed6fb630"}
{"seq":65,"ts":1781809440000,"agent_id":"swarm","symbol":"BTCUSDT","side":"buy","price":62648.843602483685,"quantity":0.011804156140093258,"notional_usd":739.51673188,"fee_usd":0.44371003912799994,"balance_before_usd":9967.967543056964,"balance_after_usd":9967.348616816438,"decision":"ALLOW","cert_hash":"bbc5800e88eda96a98a64f055e081fb0ac8575fb6e4a9b92c8c2ad8ca451e8d5","prev_hash":"f545b604025daf33a0fd3d53cc4065487b22d507ad08aecf49bef33f9fd3aeb2","record_hash":"13c99d8645a7a54edbe57f1ad9e2dbf8cc3f423d7e0c635c3ba154ebfa413665","signature_hex":"94e1bf203c0ee11a0b238e5801da509ea3f87c275ed8950d37aa5fc6f5738ab0587b6a5299299b70762074e0b7033fef5d74b20e1fb0160f629af2097e357803","public_key_hex":"c2f8243b0d573587f285c830a868acd19249d17d59ecbf9329e796dfed6fb630"}
{"seq":66,"ts":1781809560000,"agent_id":"swarm","symbol":"BTCUSDT","side":"sell","price":62645.95177406337,"quantity":0.011804643644446515,"notional_usd":739.51313646,"fee_usd":0.443707881876,"balance_before_usd":9967.664906299771,"balance_after_usd":9967.045920401963,"decision":"ALLOW","cert_hash":"f079b4a9e0f7cfeef4c020a7f9984bc3716016224f151e24f71ccaabfe93e1a3","prev_hash":"13c99d8645a7a54edbe57f1ad9e2dbf8cc3f423d7e0c635c3ba154ebfa413665","record_hash":"34ede413b004f336491010023cb442f5df96f4054332a331f14ed39f2edba5df","signature_hex":"d27300d5a9dfb147f677cfafa25a715f34fdb605264d2c8a5c6714807abfb0ac34e4a3b7e39b2c4d86709e156948321a237c0a54f30d2f78aad9d8b43a56ae06","public_key_hex":"c2f8243b0d573587f285c830a868acd19249d17d59ecbf9329e796dfed6fb630"}
{"seq":67,"ts":1781809920000,"agent_id":"swarm","symbol":"BTCUSDT","side":"buy","price":62626.29966879647,"quantity":0.009060920710963429,"notional_usd":567.45193572,"fee_usd":0.340471161432,"balance_before_usd":9967.046056907831,"balance_after_usd":9966.576017581243,"decision":"ALLOW","cert_hash":"69100fb0a76bc9abd7d7183a0fc49332a8cc2714d4ed42df33039ccb2c85e667","prev_hash":"34ede413b004f336491010023cb442f5df96f4054332a331f14ed39f2edba5df","record_hash":"719fa78bd70a854d098bedd3bec051bf31c73bdd66ea179c45ca16ae60680f05","signature_hex":"709254c9767c118c16af0fd5f9760fc85176c9cc5514d5a5306e0b205917cd768fa0848f931b25649663b113546d34eeb793a72bdab68b57a30bfd8caf509b0c","public_key_hex":"c2f8243b0d573587f285c830a868acd19249d17d59ecbf9329e796dfed6fb630"}
{"seq":68,"ts":1781809980000,"agent_id":"swarm","symbol":"BTCUSDT","side":"sell","price":62630.694421003405,"quantity":0.009060192440237499,"notional_usd":567.44614412,"fee_usd":0.340467686472,"balance_before_usd":9966.874935655407,"balance_after_usd":9966.404856670257,"decision":"ALLOW","cert_hash":"e35be6f87d0530a832d94bb7019f0e574f79fffdd3b144e4b385686ab86901de","prev_hash":"719fa78bd70a854d098bedd3bec051bf31c73bdd66ea179c45ca16ae60680f05","record_hash":"cc8cabdba881f9cd03339b4809f38a369453fc4774f755f9ce8736744d1278ba","signature_hex":"1fe9c4a66c31d8c704ca1f831e5036fb7a72f055929f3aefd47ba8b386077f839417c4b4c84a7e9ef80ab1ebb41db56a9a7d8dab411e5497ea9fb33f34bfa003","public_key_hex":"c2f8243b0d573587f285c830a868acd19249d17d59ecbf9329e796dfed6fb630"}
{"seq":69,"ts":1781810400000,"agent_id":"swarm","symbol":"BTCUSDT","side":"sell","price":62689.570093683666,"quantity":0.01114192283319512,"notional_usd":698.48235243,"fee_usd":0.419089411458,"balance_before_usd":9966.4047339797,"balance_after_usd":9965.821525088726,"decision":"ALLOW","cert_hash":"8d0830786781de53e4aec7c58c7ee47cf8876dcab1cc96070dcabdb84495af15","prev_hash":"cc8cabdba881f9cd03339b4809f38a369453fc4774f755f9ce8736744d1278ba","record_hash":"5f0a77bab688ee12a4fe619cbe59c8daf8cc8d841f87abb846ad4ed49b43c7d4","signature_hex":"6111e5d3e0ef3cc0805f99c551676ddf16e3a9dc8dd8d4825b48ab4d492468f753872ecf24bb456713bd22194dc75ce92b03f89ce8357a12c6218e48a4e01e0d","public_key_hex":"c2f8243b0d573587f285c830a868acd19249d17d59ecbf9329e796dfed6fb630"}
{"seq":70,"ts":1781810520000,"agent_id":"swarm","symbol":"BTCUSDT","side":"sell","price":62724.08511187403,"quantity":0.007461100173008449,"notional_usd":467.99068228,"fee_usd":0.28079440936800004,"balance_before_usd":9965.444858165416,"balance_after_usd":9965.059497271828,"decision":"ALLOW","cert_hash":"d0b18e0d684258850cf6ed27872cccec21ac9c44900798b0561b545f31e0f807","prev_hash":"5f0a77bab688ee12a4fe619cbe59c8daf8cc8d841f87abb846ad4ed49b43c7d4","record_hash":"99490d8fbfa5bd24d433968880d0d6a9dcb10ed4995f30ef25c335b6aae833f8","signature_hex":"bb93cbf37051f822c74e4898883f9b68b0588700edff46ca4eae0d4d45e4a69f414ad924c005d78edb57a45f76feff29414e9e6b2a6c6a343bd2613f8880470b","public_key_hex":"c2f8243b0d573587f285c830a868acd19249d17d59ecbf9329e796dfed6fb630"}
{"seq":71,"ts":1781810640000,"agent_id":"swarm","symbol":"BTCUSDT","side":"buy","price":62720.37810826397,"quantity":0.004251188199467635,"notional_usd":266.63613128,"fee_usd":0.15998167876799999,"balance_before_usd":9965.63811563262,"balance_after_usd":9965.42126109787,"decision":"ALLOW","cert_hash":"02aa4ad55236711f158ea3868022f5eca535f0f3d2cc5e212bd6f836e69a92a3","prev_hash":"99490d8fbfa5bd24d433968880d0d6a9dcb10ed4995f30ef25c335b6aae833f8","record_hash":"aaa30547b33536427dbd5810c4cfb7b02e367fe412e8922fcc50e021b9224e71","signature_hex":"8119458ae09be3ec414c6c8ab405938a73212f7fc8b71fe58da98232c0da328612e93bf068f9f2521b6d1f04cb1d20c444863939af04f92ed6e5a32aedef7205","public_key_hex":"c2f8243b0d573587f285c830a868acd19249d17d59ecbf9329e796dfed6fb630"}
{"seq":72,"ts":1781810760000,"agent_id":"swarm","symbol":"BTCUSDT","side":"sell","price":62758.290415943855,"quantity":0.006376073280484722,"notional_usd":400.15145865,"fee_usd":0.24009087519,"balance_before_usd":9964.486821961307,"balance_after_usd":9964.158680166202,"decision":"ALLOW","cert_hash":"e3461c740b7232acd20db7658ddda4f07d65a7cb6111b62af2a562c2c939788a","prev_hash":"aaa30547b33536427dbd5810c4cfb7b02e367fe412e8922fcc50e021b9224e71","record_hash":"20923efccd7c9fe4e7076697a9ea4d151ab6f20d21739f3ec22b3e499e667e39","signature_hex":"440af3af6c5f057b2296387ce98cf2050d181fda3d663d4a58f75acce3f2a32ad135de96bceb41b8e5e129684731307a224df16614f191f745e2b2a538926c03","public_key_hex":"c2f8243b0d573587f285c830a868acd19249d17d59ecbf9329e796dfed6fb630"}
{"seq":73,"ts":1781810820000,"agent_id":"swarm","symbol":"BTCUSDT","side":"buy","price":62772.18222895663,"quantity":0.0037047643854688627,"notional_usd":232.55614512,"fee_usd":0.139533687072,"balance_before_usd":9964.4323158635,"balance_after_usd":9964.24357464763,"decision":"ALLOW","cert_hash":"78813e87a3f90044a6787e9ae189dc5de4b74e416d77a569f5b74ace9d857753","prev_hash":"20923efccd7c9fe4e7076697a9ea4d151ab6f20d21739f3ec22b3e499e667e39","record_hash":"28b2fb0b96adf34a931b31f78be3c5aac0e9c69ebbafddbd57fa62c9097c352e","signature_hex":"0dc214500085ec9d1518893d0d49579af3cbf082f03a5d9af3bf7fd3ae16907f0c21695134847808ca24531e4a3d30ae424c6bd27f114244a47230a3d5d5960c","public_key_hex":"c2f8243b0d573587f285c830a868acd19249d17d59ecbf9329e796dfed6fb630"}
{"seq":74,"ts":1781810880000,"agent_id":"swarm","symbol":"BTCUSDT","side":"buy","price":62754.71506771537,"quantity":0.0038913979551415787,"notional_usd":244.20356989,"fee_usd":0.146522141934,"balance_before_usd":9964.541515869572,"balance_after_usd":9964.343179500358,"decision":"ALLOW","cert_hash":"8fa38fdb8e8f2f807aa17273ecb04b381e2e356a2db1e0d38c7e267fb125af76","prev_hash":"28b2fb0b96adf34a931b31f78be3c5aac0e9c69ebbafddbd57fa62c9097c352e","record_hash":"1a3a3cacdb443cd4ad18dc10a1ecc043a9d92cea4f5d41cae587968e13ebc230","signature_hex":"3c3be6e7ff1f88189e3475032a4734eee00c44c0c5d2b4b4f8bf641a92fdd3a5e1db4cd93a8d2dbc991e73f3e9c8cf72f3e875e603977bb5a17e5190c6479b09","public_key_hex":"c2f8243b0d573587f285c830a868acd19249d17d59ecbf9329e796dfed6fb630"}
{"seq":75,"ts":1781811240000,"agent_id":"swarm","symbol":"BTCUSDT","side":"buy","price":62793.37484337293,"quantity":0.003643287665309238,"notional_usd":228.77432803,"fee_usd":0.137264596818,"balance_before_usd":9963.83490087041,"balance_after_usd":9963.649272200473,"decision":"ALLOW","cert_hash":"b843374810b065cb47dd0333d52352c2bae4da4f9fead5f9c52a87735f14cb81","prev_hash":"1a3a3cacdb443cd4ad18dc10a1ecc043a9d92cea4f5d41cae587968e13ebc230","record_hash":"442dabfc19cf945b5670bb75d72593f266280b72982fdf32aee344e8e41b4c7f","signature_hex":"49d5e5997a6026b5eb7aa9b811abd3407564dbf9ae817036c1ed6cddfaa04dbfc28d4821f15d69d89349331b602df54fc35668ae49bad13ec8ca715d1fe1b807","public_key_hex":"c2f8243b0d573587f285c830a868acd19249d17d59ecbf9329e796dfed6fb630"}
{"seq":76,"ts":1781811300000,"agent_id":"swarm","symbol":"BTCUSDT","side":"buy","price":62791.6263521492,"quantity":0.009488346617090092,"notional_usd":595.78871548,"fee_usd":0.35747322928799996,"balance_before_usd":9963.676794728952,"balance_after_usd":9963.182439270055,"decision":"ALLOW","cert_hash":"944e32ef68563357a4893abebfa34cc0890194f59ef202fb404aeb28d9435313","prev_hash":"442dabfc19cf945b5670bb75d72593f266280b72982fdf32aee344e8e41b4c7f","record_hash":"01072433bf0ff7822fbb78d2475bf7ce2c25f82b690ab63cafecd1df0b875401","signature_hex":"009374987a5dbd6aa964fad1936a0e8dac0ecba5e48ba414a0c05b75f187e58f580ef6e471b3b1b9efa1494ea5d2be9439c8da4d06d9cc2762924d1e1757f409","public_key_hex":"c2f8243b0d573587f285c830a868acd19249d17d59ecbf9329e796dfed6fb630"}
{"seq":77,"ts":1781811540000,"agent_id":"swarm","symbol":"BTCUSDT","side":"sell","price":62844.154880772636,"quantity":0.008982760987095632,"notional_usd":564.51402273,"fee_usd":0.338708413638,"balance_before_usd":9963.182261999882,"balance_after_usd":9962.714694808894,"decision":"ALLOW","cert_hash":"955fd4811f079fb9fc685f5a434ea634e9ff4ea4106d2e9f585f8e680c74bb99","prev_hash":"01072433bf0ff7822fbb78d2475bf7ce2c25f82b690ab63cafecd1df0b875401","record_hash":"19a81a09cb9a08322a72c2f76658b574f810361f137edb4e638a143bb9ae6f04","signature_hex":"3d8b29f61b0ac43e6358b8df40092318e6762130272085b3fda54c23a6449876a6c5caceafd80b268942c3c1d847ab0ef1bc5345491b21f195a2ee67ff6aef0a","public_key_hex":"c2f8243b0d573587f285c830a868acd19249d17d59ecbf9329e796dfed6fb630"}
{"seq":78,"ts":1781811600000,"agent_id":"swarm","symbol":"BTCUSDT","side":"buy","price":62867.54620768348,"quantity":0.00898289109208115,"notional_usd":564.73232081,"fee_usd":0.338839392486,"balance_before_usd":9962.762314998483,"balance_after_usd":9962.294605184792,"decision":"ALLOW","cert_hash":"edfbab01e7d86dc80049a5ddb8ebe34c3f3706da00ea41ecc72f66f4455ba06e","prev_hash":"19a81a09cb9a08322a72c2f76658b574f810361f137edb4e638a143bb9ae6f04","record_hash":"99582795a7c317a1e2b494445972ed8c2937471f9f58b0a3e488b043b41272df","signature_hex":"52ca081f99f409e740b77f68b221366263852533634ed9199ce88b0c2ae96236d170c36af864d1e17d202ea848199bc0bbbd37658ab4be3549e3ddf50aea0c03","public_key_hex":"c2f8243b0d573587f285c830a868acd19249d17d59ecbf9329e796dfed6fb630"}
{"seq":79,"ts":1781811720000,"agent_id":"swarm","symbol":"BTCUSDT","side":"sell","price":62845.41672473567,"quantity":0.009680476275218125,"notional_usd":608.37356561,"fee_usd":0.36502413936600003,"balance_before_usd":9962.294591447515,"balance_after_usd":9961.789362305564,"decision":"ALLOW","cert_hash":"4acc70f5ff442d0bbfad0ee21e61e0b3e540818e2aa6c051f7d1776ccc8bd82f","prev_hash":"99582795a7c317a1e2b494445972ed8c2937471f9f58b0a3e488b043b41272df","record_hash":"aa27813e768ee8546fa30f173313f1fe1579d874b3e7b826f2a59a42e328434e","signature_hex":"bfba1d37ee7e315bc6f2869baf0e988e3d79189e449ba7c1ef47718d017ee0fd908d7b60baa393e4ae51f7df6ea6643b24c9c6993e389f9826f6a5b38b417700","public_key_hex":"c2f8243b0d573587f285c830a868acd19249d17d59ecbf9329e796dfed6fb630"}
{"seq":80,"ts":1781811900000,"agent_id":"swarm","symbol":"BTCUSDT","side":"buy","price":62959.607991236444,"quantity":0.009680295438383824,"notional_usd":609.46760604,"fee_usd":0.365680563624,"balance_before_usd":9960.964411037954,"balance_after_usd":9960.458288832944,"decision":"ALLOW","cert_hash":"80875ed5941f3446e8ce6ebb17547166c0ab308c644d1f03439cc840330c1133","prev_hash":"aa27813e768ee8546fa30f173313f1fe1579d874b3e7b826f2a59a42e328434e","record_hash":"190e5dbadbaa5fb0602576065412a9136b887b0f6f172289bab4fbbb9cd4a014","signature_hex":"cd4241cb2e8854f74151822ac243b888578cc8a2304004d104aba1b38b089ecef0454fc33a3022e2549074e7f6c435adeeb4da0de54cd2e955a3a55d0b2da90a","public_key_hex":"c2f8243b0d573587f285c830a868acd19249d17d59ecbf9329e796dfed6fb630"}
{"seq":81,"ts":1781811960000,"agent_id":"swarm","symbol":"BTCUSDT","side":"sell","price":62932.34348884218,"quantity":0.009430869430839293,"notional_usd":593.50671442,"fee_usd":0.35610402865199997,"balance_before_usd":9960.458285039944,"balance_after_usd":9959.965843542137,"decision":"ALLOW","cert_hash":"b3c64c8cfddbcf370707835077e9a1089f1f7b9460c3d77a8834fc3f8fcf8816","prev_hash":"190e5dbadbaa5fb0602576065412a9136b887b0f6f172289bab4fbbb9cd4a014","record_hash":"237656f56e4770bc190f4a63f1f67ea7186fac75e3f13ffba061b610c0d7d7bc","signature_hex":"d63c4241e7d286cc980040770ad93cd52ef2febba037f36d3956f1f4d9834f0d3a95ddbf38ac3d5808f85ade830ec37e39b194f2a6f5884e71d283a0f51b3b0e","public_key_hex":"c2f8243b0d573587f285c830a868acd19249d17d59ecbf9329e796dfed6fb630"}
{"seq":82,"ts":1781812020000,"agent_id":"swarm","symbol":"BTCUSDT","side":"buy","price":62962.35930023863,"quantity":0.009430934296926027,"notional_usd":593.79387374,"fee_usd":0.35627632424399996,"balance_before_usd":9959.955467131469,"balance_after_usd":9959.462826096695,"decision":"ALLOW","cert_hash":"801e3b011fb82a45334b178e60efa58f0200125f08fae2306c39c86dfe489a2e","prev_hash":"237656f56e4770bc190f4a63f1f67ea7186fac75e3f13ffba061b610c0d7d7bc","record_hash":"b332a860caa362899e0c1e4131ef00e6d4a6d81a0fa1108e8f3ac7fb16f4cc84","signature_hex":"a3ef1790d29c7eb18dae30318f0b0f73b6699863e68f86761534d3dfe2855ca7aa28ad8aae6e0adcf16ddaf8676c073a581b8e0a1848fc4d59d1a52b6dfc8700","public_key_hex":"c2f8243b0d573587f285c830a868acd19249d17d59ecbf9329e796dfed6fb630"}
{"seq":83,"ts":1781814540000,"agent_id":"swarm","symbol":"BTCUSDT","side":"buy","price":63097.86350783365,"quantity":0.010783025001718632,"notional_usd":680.38583976,"fee_usd":0.408231503856,"balance_before_usd":9959.46253321149,"balance_after_usd":9958.89510643355,"decision":"ALLOW","cert_hash":"2f2397ce93fc34dcacb857b93b3d8544207a846bb711e2ef29c2ccef14dc1114","prev_hash":"b332a860caa362899e0c1e4131ef00e6d4a6d81a0fa1108e8f3ac7fb16f4cc84","record_hash":"7c0638848b2fbe90acad4525072f399e4e55ca774d49bb5da200bf2f59b29498","signature_hex":"f976f30033b55189f8f594f5fb48d22958d2c552f2f02655e3a0280afff655d841a20671cd717c2dac85bd7eb198a91cfe726a98b5c19a7dfb845a065bc3fd04","public_key_hex":"c2f8243b0d573587f285c830a868acd19249d17d59ecbf9329e796dfed6fb630"}
{"seq":84,"ts":1781814660000,"agent_id":"swarm","symbol":"BTCUSDT","side":"sell","price":63078.63635573249,"quantity":0.010783381966344369,"notional_usd":680.20102974,"fee_usd":0.408120617844,"balance_before_usd":9959.006149278068,"balance_after_usd":9958.438826644873,"decision":"ALLOW","cert_hash":"da9ed63a3bdace208786125c640970762dab95006227a9e31a87ae63fc5186e2","prev_hash":"7c0638848b2fbe90acad4525072f399e4e55ca774d49bb5da200bf2f59b29498","record_hash":"eb4fc7c1da46d75a4fcb44af06bff740a4a9004abe87f3696922f83a570ab3e8","signature_hex":"71ef4e3ad7fcae34817f4e3736f0f73ba953d60bb24ee5623314e04ac8b95330ccbeeac90a54eb7128f0c8a5d95ff4fde50d9e684621aeea796243c5457c6b08","public_key_hex":"c2f8243b0d573587f285c830a868acd19249d17d59ecbf9329e796dfed6fb630"}
{"seq":85,"ts":1781814780000,"agent_id":"swarm","symbol":"BTCUSDT","side":"buy","price":63093.140346926724,"quantity":0.014191240365381712,"notional_usd":895.36992007,"fee_usd":0.537221952042,"balance_before_usd":9958.438866260294,"balance_after_usd":9957.682526633693,"decision":"ALLOW","cert_hash":"697d032720395f5784543ff71a35379588566296f0780ee74afdbe513b078af0","prev_hash":"eb4fc7c1da46d75a4fcb44af06bff740a4a9004abe87f3696922f83a570ab3e8","record_hash":"b9bf6331bd2363edb799099fb13046ace783d82bd34f0d114c05e9acb3128669","signature_hex":"8a13092d6d37514425e5739c0f44ab24be097d27bc7fd9453df5279a251916d81ee522d4aebdf3a2b37643cee76922be0c93223c10fb02809dc56d31746acd0c","public_key_hex":"c2f8243b0d573587f285c830a868acd19249d17d59ecbf9329e796dfed6fb630"}
{"seq":86,"ts":1781814840000,"agent_id":"swarm","symbol":"BTCUSDT","side":"sell","price":63094.35337929277,"quantity":0.014192190740540673,"notional_usd":895.44709781,"fee_usd":0.537268258686,"balance_before_usd":9958.137984452283,"balance_after_usd":9957.381494806225,"decision":"ALLOW","cert_hash":"c25e25db18e03ef8b095158c50872cd31d9eb888bc0fcb6accfa70986abe77d7","prev_hash":"b9bf6331bd2363edb799099fb13046ace783d82bd34f0d114c05e9acb3128669","record_hash":"206cf8fb0da34326ea2cf39bd23e1cf8e32cbb3032b4dd6a8033abd249824bfe","signature_hex":"84e75abc79f942a9946234828ee1921d4425499b1f9ef3976b66a72953b85a58385aab9f59bd2468a70302d5dd6bc523334af55f81355811539ed0fecb163d0c","public_key_hex":"c2f8243b0d573587f285c830a868acd19249d17d59ecbf9329e796dfed6fb630"}
{"seq":87,"ts":1781814960000,"agent_id":"swarm","symbol":"BTCUSDT","side":"buy","price":63082.8658644889,"quantity":0.011317847956744611,"notional_usd":713.96228453,"fee_usd":0.42837737071800003,"balance_before_usd":9957.381640004813,"balance_after_usd":9956.785013040066,"decision":"ALLOW","cert_hash":"472818f6f0e339210293fb46cae96f9c2373323a389e04a1261615966c5b9f2f","prev_hash":"206cf8fb0da34326ea2cf39bd23e1cf8e32cbb3032b4dd6a8033abd249824bfe","record_hash":"0de7b7eebc87fda26bbdf47ac2af1f6c4fb2f0a6cb9fbe21439c76562d59dd6b","signature_hex":"1ea5a639cf0d34290dde55aad5aa2bce56ed17b9a1949b06730034eced9c9e09076a3ea363c7289a353e6d3642206d4e212e2f5afdd2b6a2c89617818401cb0f","public_key_hex":"c2f8243b0d573587f285c830a868acd19249d17d59ecbf9329e796dfed6fb630"}
{"seq":88,"ts":1781815020000,"agent_id":"swarm","symbol":"BTCUSDT","side":"sell","price":63087.92762509426,"quantity":0.01131704156162529,"notional_usd":713.96869897,"fee_usd":0.428381219382,"balance_before_usd":9957.178753265924,"balance_after_usd":9956.582060761613,"decision":"ALLOW","cert_hash":"340f130dad8ea4ee74461aad854b399798e8f794cbf2cd4bcab14446193d4cec","prev_hash":"0de7b7eebc87fda26bbdf47ac2af1f6c4fb2f0a6cb9fbe21439c76562d59dd6b","record_hash":"5090b295ba523718611c5a4912a4216ad671b6603db983c1a80bb48725e28eff","signature_hex":"2d816c8c8455837febcd78116706cce77e620b74e722f3d9bfaa25f3c1fe52f14ae4873b94d2fce6dec1de7946e4d978f590e4f3193a7fd2bea3d81a63d9b509","public_key_hex":"c2f8243b0d573587f285c830a868acd19249d17d59ecbf9329e796dfed6fb630"}
{"seq":89,"ts":1781815620000,"agent_id":"swarm","symbol":"BTCUSDT","side":"buy","price":63060.609824860585,"quantity":0.014588182250456596,"notional_usd":919.93966895,"fee_usd":0.55196380137,"balance_before_usd":9956.582214662247,"balance_after_usd":9955.803990709137,"decision":"ALLOW","cert_hash":"576ec6818cd6b161753f0c66023ac0361edac8ed0a5b2ec516e7e5bac75033e3","prev_hash":"5090b295ba523718611c5a4912a4216ad671b6603db983c1a80bb48725e28eff","record_hash":"a679b8ec4e6d210d14895b21bef76703626a6338f2e6c0d71084b33e7bc8701e","signature_hex":"403ae5bcf743cb023f1b666013952f4bd41959303a7f3b9d11eaf2081ae6cc1090d025e94db4ed70eba112bc543733201d669461e307fe872c6cdc1d1821a003","public_key_hex":"c2f8243b0d573587f285c830a868acd19249d17d59ecbf9329e796dfed6fb630"}
{"seq":90,"ts":1781815800000,"agent_id":"swarm","symbol":"BTCUSDT","side":"sell","price":63041.88539513562,"quantity":0.003543370135742106,"notional_usd":223.38073401,"fee_usd":0.134028440406,"balance_before_usd":9955.951304410588,"balance_after_usd":9955.770097396933,"decision":"ALLOW","cert_hash":"3b6e5b3cfe9d95424db01f314f7f8fd7d809fab1d7c172698c20913d015e351a","prev_hash":"a679b8ec4e6d210d14895b21bef76703626a6338f2e6c0d71084b33e7bc8701e","record_hash":"00adba73f48876dccaf646c327212d459e4127a5a27817b09e3a8d1180859e35","signature_hex":"ff8f628b9235dc8420298a303f78fc047667e4dc6352a5acd0fa60c319ce5b0c2d6e5eccdf06fe8b08cc748527849f1d8af668826d1ee285d097cfff57d7e408","public_key_hex":"c2f8243b0d573587f285c830a868acd19249d17d59ecbf9329e796dfed6fb630"}
{"seq":91,"ts":1781815920000,"agent_id":"swarm","symbol":"BTCUSDT","side":"sell","price":63073.38575700682,"quantity":0.011044738362449673,"notional_usd":696.62904332,"fee_usd":0.417977425992,"balance_before_usd":9956.134488177293,"balance_after_usd":9955.552891313402,"decision":"ALLOW","cert_hash":"d60a0edca2166a785da0bdd7eaff9e99319f9c82ad8eb7ef5dda39b088841e01","prev_hash":"00adba73f48876dccaf646c327212d459e4127a5a27817b09e3a8d1180859e35","record_hash":"09427c5e122880b159a2b9706e4d5c74fa81cd5bec77e83921e50291b4b7b2ac","signature_hex":"0d91596627bf312ab16b56f6d5cd346b95638e817b1e4f06d99526f58cdc6b10b1e1e3c2bef89d1792dbdc2e5e73d5c15468a4c80678254715438a3f26443307","public_key_hex":"c2f8243b0d573587f285c830a868acd19249d17d59ecbf9329e796dfed6fb630"}
{"seq":92,"ts":1781816280000,"agent_id":"swarm","symbol":"BTCUSDT","side":"buy","price":63069.757963375225,"quantity":0.013810905422783156,"notional_usd":871.05046227,"fee_usd":0.522630277362,"balance_before_usd":9955.552978973807,"balance_after_usd":9954.818241316783,"decision":"ALLOW","cert_hash":"38061325fd46836ddc8478a87fe7bbb3a5054cad5394bc2fe55f0c29c4005cbf","prev_hash":"09427c5e122880b159a2b9706e4d5c74fa81cd5bec77e83921e50291b4b7b2ac","record_hash":"aa69113cb7be0aef2ee870d736fb8271820e764d2e960b40f7e5b091da950fb3","signature_hex":"f8eeb2e4f2aaeae1ca4059498f9627c3faef71deae27a2cfe7d302b7c40fc28d6654cb4f3310a00ea355316164f2bd5c3b631077b8826fcba9c3c88125d0e209","public_key_hex":"c2f8243b0d573587f285c830a868acd19249d17d59ecbf9329e796dfed6fb630"}
{"seq":93,"ts":1781816340000,"agent_id":"swarm","symbol":"BTCUSDT","side":"sell","price":63044.28615805082,"quantity":0.003536846841932645,"notional_usd":222.9779844,"fee_usd":0.13378679064000001,"balance_before_usd":9954.862427914926,"balance_after_usd":9954.681552104435,"decision":"ALLOW","cert_hash":"86c50912f62a200aabdd4708e190e56c1cdcf732a6df51db9ba704dc3fca0d27","prev_hash":"aa69113cb7be0aef2ee870d736fb8271820e764d2e960b40f7e5b091da950fb3","record_hash":"992dfdbe456fad2e8a0c6ff01d2e47c38a6cf9b9a4ea5e54ab0c63416550ac1d","signature_hex":"36e9ab96f6c5de25745772d7fb5e24192f99cbf6c136c1cade05828d8b4416f2d90e66a2622bc614970d7fdd72aa4ae40b42f149c764dcf5737426e1cf36f10b","public_key_hex":"c2f8243b0d573587f285c830a868acd19249d17d59ecbf9329e796dfed6fb630"}
{"seq":94,"ts":1781816400000,"agent_id":"swarm","symbol":"BTCUSDT","side":"sell","price":63037.24872260322,"quantity":0.01027385239780901,"notional_usd":647.63538894,"fee_usd":0.38858123336399997,"balance_before_usd":9954.623004753492,"balance_after_usd":9954.083898458714,"decision":"ALLOW","cert_hash":"562872276db63851be9f70b3aa38a799f3d69d10199a9375bd613a34dc8c7964","prev_hash":"992dfdbe456fad2e8a0c6ff01d2e47c38a6cf9b9a4ea5e54ab0c63416550ac1d","record_hash":"8ca85201034c32c9acb62dd7b7ad1c80e6f57783f2534049ffa9bb526d891be8","signature_hex":"46bc73fd8aef8ba7b9e6d0a90cfb179074ffe9d1937ac439f121ea4a37cf737354eba9d493612be5f10dec7a7a9ed0c3856974ca9f095953e45de090c9d2970d","public_key_hex":"c2f8243b0d573587f285c830a868acd19249d17d59ecbf9329e796dfed6fb630"}
{"seq":95,"ts":1781817000000,"agent_id":"swarm","symbol":"BTCUSDT","side":"buy","price":63043.15878069336,"quantity":0.01335004369320632,"notional_usd":841.62892428,"fee_usd":0.504977354568,"balance_before_usd":9954.083955754393,"balance_after_usd":9953.375273010864,"decision":"ALLOW","cert_hash":"8e21cfa7dcca8fecd66c0ae68d7c29b1fccbfe2c5f065e00936379987ba658fd","prev_hash":"8ca85201034c32c9acb62dd7b7ad1c80e6f57783f2534049ffa9bb526d891be8","record_hash":"37d5dc2aaf3e51feadd20469829ab3eac2f9c13ce9f1a526ca825017aaf26408","signature_hex":"bebc1069cc96e4ae12595ff408281f0b75e319c6194518ad58c5cc8cc0da710f113e4f04ac53ddf0b0c1e642737a7ad260c9d5f78961ff0965eb151ce561a00d","public_key_hex":"c2f8243b0d573587f285c830a868acd19249d17d59ecbf9329e796dfed6fb630"}
{"seq":96,"ts":1781817360000,"agent_id":"swarm","symbol":"BTCUSDT","side":"sell","price":62932.26696440857,"quantity":0.013350887232859054,"notional_usd":840.20159955,"fee_usd":0.5041209597299999,"balance_before_usd":9952.302121438463,"balance_after_usd":9951.594625938338,"decision":"ALLOW","cert_hash":"9522155ca79adb273a52d952133959022a2a5de980d3286b945ea344fd3522c3","prev_hash":"37d5dc2aaf3e51feadd20469829ab3eac2f9c13ce9f1a526ca825017aaf26408","record_hash":"59bb9b5d97410912839a1894d8f02332f96df4b4a03bcc1192aafb0b3603938e","signature_hex":"91a8e622b0f3fc9be86646211547b7fbf060642f7271359dc75958a09b6e7b754a176e6dfa76af6ebcabb7ba8cb78ae71b1b22f45ddad19d7504b6dbbd23e705","public_key_hex":"c2f8243b0d573587f285c830a868acd19249d17d59ecbf9329e796dfed6fb630"}
{"seq":97,"ts":1781818680000,"agent_id":"swarm","symbol":"BTCUSDT","side":"buy","price":62882.91209468264,"quantity":0.009802285074550839,"notional_usd":616.39623067,"fee_usd":0.369837738402,"balance_before_usd":9951.594881499339,"balance_after_usd":9951.08279207183,"decision":"ALLOW","cert_hash":"24781d1f11a6d6408559d6f2c42528471b30c2f5052bde14d7677157008e1ac7","prev_hash":"59bb9b5d97410912839a1894d8f02332f96df4b4a03bcc1192aafb0b3603938e","record_hash":"4f62078c280f7f5ab5a7f4b58dd668622a04f440d19b66ded6412c9e30a9d964","signature_hex":"6eb84624a2e3ab550c1cb0e6361e15440280bd746e330e81969fd141852b1f56932e57b58e6b876b1ede7b25cc21bde3519d266ab3883adcb9bec876df83e10a","public_key_hex":"c2f8243b0d573587f285c830a868acd19249d17d59ecbf9329e796dfed6fb630"}
{"seq":98,"ts":1781818740000,"agent_id":"swarm","symbol":"BTCUSDT","side":"sell","price":62875.78490670788,"quantity":0.00980131636057324,"notional_usd":616.26545929,"fee_usd":0.369759275574,"balance_before_usd":9951.297391359134,"balance_after_usd":9950.785365062202,"decision":"ALLOW","cert_hash":"4cfe49dcda09d64800409758003533939820e6427070c0f2be10a90c91c6a131","prev_hash":"4f62078c280f7f5ab5a7f4b58dd668622a04f440d19b66ded6412c9e30a9d964","record_hash":"71015e84196f6aa69c9f3d80e393cc56e016997f91e3df3ff5ef03de4dc90d29","signature_hex":"eb2c363b8e76af0ffdef27678214bd2647ac10a728b44aa9b121e1ab4941a84740c090ae42c54f426fc226ef7919c42d0dda3f67f728be742ba4ec07ce375301","public_key_hex":"c2f8243b0d573587f285c830a868acd19249d17d59ecbf9329e796dfed6fb630"}
{"seq":99,"ts":1781819700000,"agent_id":"swarm","symbol":"BTCUSDT","side":"sell","price":62912.32930180927,"quantity":0.01407485028478408,"notional_usd":885.48161599,"fee_usd":0.531288969594,"balance_before_usd":9950.78528045795,"balance_after_usd":9950.03765121255,"decision":"ALLOW","cert_hash":"4072d217c31c9ea2d0d6a76164534eb3be6e041a87892756a46b3dd596fac9ad","prev_hash":"71015e84196f6aa69c9f3d80e393cc56e016997f91e3df3ff5ef03de4dc90d29","record_hash":"95c06e04366bca00a571afc485d37319e1523aab1bbadd3cb2d99515cd95acf6","signature_hex":"b86087c7138a82bcc962dcc82187acff970524822504082c9b9ed97393d083f89cd3a1700a79701652f9d32592b535fd7915716fae2f86455c2375ea8d499007","public_key_hex":"c2f8243b0d573587f285c830a868acd19249d17d59ecbf9329e796dfed6fb630"}
{"seq":100,"ts":1781819880000,"agent_id":"swarm","symbol":"BTCUSDT","side":"sell","price":62951.62673472172,"quantity":0.00394057742122137,"notional_usd":248.06575894,"fee_usd":0.14883945536399998,"balance_before_usd":9949.512574918892,"balance_after_usd":9949.311037076324,"decision":"ALLOW","cert_hash":"c1ed6a9830fb1a312382b949acb8ee6884715b63fb226aa40bd66c2b0343e597","prev_hash":"95c06e04366bca00a571afc485d37319e1523aab1bbadd3cb2d99515cd95acf6","record_hash":"b9e994c34f9b6e5f6106d1bd7a0d764dea409df68992b3c0473ea6b1aec7759e","signature_hex":"2d09490ca840ca3e8f947898f4ea0c14e7e464fce1802498e1b502e9862f3537ea4fdd43ba682c97cc5ffbf23d4edea1653a2501423d62d4bf34daa40768080e","public_key_hex":"c2f8243b0d573587f285c830a868acd19249d17d59ecbf9329e796dfed6fb630"}
{"seq":101,"ts":1781819940000,"agent_id":"swarm","symbol":"BTCUSDT","side":"buy","price":62946.35329013923,"quantity":0.008411656678019908,"notional_usd":529.48311301,"fee_usd":0.317689867806,"balance_before_usd":9949.903819072446,"balance_after_usd":9949.466235421458,"decision":"ALLOW","cert_hash":"96475cab394ad71b47c4195e42ec4542a11daea4910ef83a80a60bc4945bdaf6","prev_hash":"b9e994c34f9b6e5f6106d1bd7a0d764dea409df68992b3c0473ea6b1aec7759e","record_hash":"e42e4631f28b81b793fd70e74ddcf4ae20507432d9353300fba2802f5909fd1c","signature_hex":"0cb89611fa64ea1af4ae0d8949fc97d9112ca934fc861f32ca305694555177821f40494b7396d864f7d91d5ac9b466039cc9d858b1b5ba7aa8fde3636871ad08","public_key_hex":"c2f8243b0d573587f285c830a868acd19249d17d59ecbf9329e796dfed6fb630"}
{"seq":102,"ts":1781820120000,"agent_id":"swarm","symbol":"BTCUSDT","side":"buy","price":62923.08332911471,"quantity":0.009603822103714162,"notional_usd":604.30209851,"fee_usd":0.362581259106,"balance_before_usd":9949.691977201039,"balance_after_usd":9949.190300625647,"decision":"ALLOW","cert_hash":"b32d2100986e84e6f5886fd8c72394e2063385651b43dd2340456e969e967ff6","prev_hash":"e42e4631f28b81b793fd70e74ddcf4ae20507432d9353300fba2802f5909fd1c","record_hash":"27f52dfb527bd7ccc06275252442027764e3d7379d79a01c4ce1c319392f136c","signature_hex":"8ebce3246824e63620e9dd6689575768716e817d00de52100dca44e21b9fef6695e68acd354ee7f3c9a67c81eb2ab68047a9fa0ddc035b0714002cfb83a57106","public_key_hex":"c2f8243b0d573587f285c830a868acd19249d17d59ecbf9329e796dfed6fb630"}
{"seq":103,"ts":1781820840000,"agent_id":"swarm","symbol":"BTCUSDT","side":"buy","price":62898.15165270262,"quantity":0.009982177420996153,"notional_usd":627.86050925,"fee_usd":0.37671630554999996,"balance_before_usd":9949.190355902398,"balance_after_usd":9948.6683824178,"decision":"ALLOW","cert_hash":"a92bed9c426b8d58c1fa35ff8e91ab8dc08daaa05d1a8ec8da52d9ca04097114","prev_hash":"27f52dfb527bd7ccc06275252442027764e3d7379d79a01c4ce1c319392f136c","record_hash":"97de106e7aa5f0f9d8e36bab719cb1961a256599b4e8794178ac51f1985c76d3","signature_hex":"cbd941d18aa122fa3610a84553e6163bc521faec2505af310b10208306a8974f115de0c2b2a47fcc66c4ffc4b2bbfe9a1793d2a95af9a97beb26cbfbaad50902","public_key_hex":"c2f8243b0d573587f285c830a868acd19249d17d59ecbf9329e796dfed6fb630"}
{"seq":104,"ts":1781820900000,"agent_id":"swarm","symbol":"BTCUSDT","side":"sell","price":62875.449212017884,"quantity":0.009982275938794154,"notional_usd":627.64008381,"fee_usd":0.376584050286,"balance_before_usd":9948.732254202447,"balance_after_usd":9948.210420171396,"decision":"ALLOW","cert_hash":"3d135956b600a2ab8eb0b87a3f7be2bda21c196c4271f5b27fbeec3196ca1b8a","prev_hash":"97de106e7aa5f0f9d8e36bab719cb1961a256599b4e8794178ac51f1985c76d3","record_hash":"36805a9365a7491010d0e3a759daafbf6cee6d4e211afaef080aa12db1b56142","signature_hex":"099fbdc27a512ff6899ca23933d3e29cb71467057f6e4f0f48e63fab30ba453c159f7c9c9851d434e81ba7cdcf77689b667eff8246f4ecc5b1cf93a3fdd1c80a","public_key_hex":"c2f8243b0d573587f285c830a868acd19249d17d59ecbf9329e796dfed6fb630"}
{"seq":105,"ts":1781821020000,"agent_id":"swarm","symbol":"BTCUSDT","side":"buy","price":62815.16283111728,"quantity":0.013698856978107344,"notional_usd":860.49593168,"fee_usd":0.516297559008,"balance_before_usd":9948.210628265257,"balance_after_usd":9947.485247365692,"decision":"ALLOW","cert_hash":"e25f84474e51f4005a091f738569828df8776225c8ae307151550f1cc477e217","prev_hash":"36805a9365a7491010d0e3a759daafbf6cee6d4e211afaef080aa12db1b56142","record_hash":"e1410efbdd6a4e9c517c1d236a4b7d080752caaa4c27ffd7a284ed3fe1da5930","signature_hex":"01e17d14ad017baeacd3ed0bbb3ad5240bc56c906db9c4c56cb108c094807099827376cdfb9bfc44c811791286bcbe418229cdf05002cb4cd640c393bc867b08","public_key_hex":"c2f8243b0d573587f285c830a868acd19249d17d59ecbf9329e796dfed6fb630"}
{"seq":106,"ts":1781821260000,"agent_id":"swarm","symbol":"BTCUSDT","side":"sell","price":62732.18577689044,"quantity":0.003891237589874077,"notional_usd":244.10583939,"fee_usd":0.146463503634,"balance_before_usd":9946.740155187657,"balance_after_usd":9946.54188287858,"decision":"ALLOW","cert_hash":"adac7af7d935bc0e35a90c778d46ff85c51c0236077558843653bc37b0cc45bd","prev_hash":"e1410efbdd6a4e9c517c1d236a4b7d080752caaa4c27ffd7a284ed3fe1da5930","record_hash":"ee7baecc6f0f8e16ec4ab3bd78d0ac5bcaa822704fb6cac3b0112868fc14c12a","signature_hex":"a90c26f50687126b75b487d867d4c8ca42a00eeac12ca029adfa998b15b8c624ebb836ac52e7e27d95346581cb0de628e23bf7b79752bb2559d95b685a788100","public_key_hex":"c2f8243b0d573587f285c830a868acd19249d17d59ecbf9329e796dfed6fb630"}
{"seq":107,"ts":1781821320000,"agent_id":"swarm","symbol":"BTCUSDT","side":"sell","price":62793.10530480936,"quantity":0.00980757318547251,"notional_usd":615.84797582,"fee_usd":0.36950878549199995,"balance_before_usd":9947.150792617189,"balance_after_usd":9946.639126047812,"decision":"ALLOW","cert_hash":"eeab6e5745fc2ed515ac2a4351338f05bb59336f8ddea10dd3098c50dba3d487","prev_hash":"ee7baecc6f0f8e16ec4ab3bd78d0ac5bcaa822704fb6cac3b0112868fc14c12a","record_hash":"151aa145c286422c2fcb04a1e0e16efc983d1fec02278131fbc7e593885705b7","signature_hex":"30bad53b1504b97a5e22720a8e5c6839fbcc44695b0df0c6698aa58697bd37aa35b70e348c60756d2da0f7354d826c7c4c9cf3abe7e05d884fde040c9d905e04","public_key_hex":"c2f8243b0d573587f285c830a868acd19249d17d59ecbf9329e796dfed6fb630"}
{"seq":108,"ts":1781822880000,"agent_id":"swarm","symbol":"BTCUSDT","side":"sell","price":62785.171250734056,"quantity":0.014555329525669097,"notional_usd":913.85885688,"fee_usd":0.5483153141279999,"balance_before_usd":9946.639141891508,"balance_after_usd":9945.866256047644,"decision":"ALLOW","cert_hash":"fcf7045df1ce83d1f6bdf5f52e2adcd708eb567108947d55a6756e82948a6200","prev_hash":"151aa145c286422c2fcb04a1e0e16efc983d1fec02278131fbc7e593885705b7","record_hash":"4a8c99fd27fd9a3c9dbba7c37b20d2da34aa168c7a5dcaaf5499cc84d7e39b68","signature_hex":"c7f50895e3cb34dfff21667f892cf23c437ba71d5a39058b3bc1318b432d68c1d37e4d736142f4378562a6f44e0da6c7838816a02e90abdb49a2b9bf7bc80c04","public_key_hex":"c2f8243b0d573587f285c830a868acd19249d17d59ecbf9329e796dfed6fb630"}
{"seq":109,"ts":1781822940000,"agent_id":"swarm","symbol":"BTCUSDT","side":"sell","price":62819.733097220116,"quantity":0.0040585712251503085,"notional_usd":254.95836112,"fee_usd":0.152975016672,"balance_before_usd":9945.393134278047,"balance_after_usd":9945.185908734384,"decision":"ALLOW","cert_hash":"03a8d95b3fead7e753380b19e5de4e94ae53f4b45895abc54deded8db0f2c19c","prev_hash":"4a8c99fd27fd9a3c9dbba7c37b20d2da34aa168c7a5dcaaf5499cc84d7e39b68","record_hash":"8b6fc1d1a5dac26403c280f731bdda0d6377ff82eb480ad549562034aac18e4c","signature_hex":"e7687fd16552d26ae6f73f1fb4b25ca38d6689f57907996e07ef6c374ba71c5f43384c8e37352049f15aade3b528e43c3fd6803052130fff3544153580e18804","public_key_hex":"c2f8243b0d573587f285c830a868acd19249d17d59ecbf9329e796dfed6fb630"}
{"seq":110,"ts":1781823060000,"agent_id":"swarm","symbol":"BTCUSDT","side":"buy","price":62849.17340313074,"quantity":0.0035730123099568696,"notional_usd":224.56087024,"fee_usd":0.134736522144,"balance_before_usd":9945.133783474803,"balance_after_usd":9944.951620919877,"decision":"ALLOW","cert_hash":"91b18645f0c9d58e5f2c679a828291edd815c69fc299d7a048eaaaea79e3a904","prev_hash":"8b6fc1d1a5dac26403c280f731bdda0d6377ff82eb480ad549562034aac18e4c","record_hash":"40fb2b39758f76a1edc36573cf836ec5f90b97f58432ef874ce9cfc5e8fa7a44","signature_hex":"f9ac9f711014b9409345f01157b525d60496425c0ff0e39bf274b3364ce475c0768ce6ec0e25498e26b4ba6f616b3a9692ab14681d6e9563f8edf5fd5e146a0c","public_key_hex":"c2f8243b0d573587f285c830a868acd19249d17d59ecbf9329e796dfed6fb630"}
{"seq":111,"ts":1781823120000,"agent_id":"swarm","symbol":"BTCUSDT","side":"buy","price":62836.34190085083,"quantity":0.003934549364444342,"notional_usd":247.23268909,"fee_usd":0.148339613454,"balance_before_usd":9945.14567757843,"balance_after_usd":9944.944843597463,"decision":"ALLOW","cert_hash":"dd16e2bc563d4e255a0011c336e5cd16af200131dc3d194be11df1ae1174a65b","prev_hash":"40fb2b39758f76a1edc36573cf836ec5f90b97f58432ef874ce9cfc5e8fa7a44","record_hash":"4c9d8639ffdc576ca539cd268c5da3cb5be7404e3d8cafd5a146c545a71d9576","signature_hex":"4b4c3698b884b34687460b193b18e65202e10dbfc19d8d959a836865be3a440d152a252139e491429eb098ce5ce101644eb4e7d70e833e6450b75aec208d4602","public_key_hex":"c2f8243b0d573587f285c830a868acd19249d17d59ecbf9329e796dfed6fb630"}
{"seq":112,"ts":1781823180000,"agent_id":"swarm","symbol":"BTCUSDT","side":"sell","price":62837.37186763151,"quantity":0.004348464531833057,"notional_usd":273.24608284,"fee_usd":0.163947649704,"balance_before_usd":9944.636024449035,"balance_after_usd":9944.413685041998,"decision":"ALLOW","cert_hash":"3d879b2d5c00c4a03de057e376eae1178663feca128084d3f659f69b13ad5823","prev_hash":"4c9d8639ffdc576ca539cd268c5da3cb5be7404e3d8cafd5a146c545a71d9576","record_hash":"961e698dfa6c2ad6b5dfa62402033a38bb29d60c31dd5e61019ab46c208cada7","signature_hex":"f5d4a459798c3d47eac0a55282057be5d82d7378934fde924e5e6f6268f55e803432a95c39b31f8b2cc192912b9780eb15fd80bd65d9725a30ea015e47991704","public_key_hex":"c2f8243b0d573587f285c830a868acd19249d17d59ecbf9329e796dfed6fb630"}
{"seq":113,"ts":1781823240000,"agent_id":"swarm","symbol":"BTCUSDT","side":"buy","price":62831.20884837438,"quantity":0.0052932388372884985,"notional_usd":332.58059487,"fee_usd":0.19954835692200001,"balance_before_usd":9944.926859666175,"balance_after_usd":9944.655276424506,"decision":"ALLOW","cert_hash":"e54e4e9d191029de76b7fc7106a50a604b472eaee79f7cb5a076f986167a2b64","prev_hash":"961e698dfa6c2ad6b5dfa62402033a38bb29d60c31dd5e61019ab46c208cada7","record_hash":"5a79f924a23a9fafffbf13e08613d5f2aad074e5c566a7661e132ccf27fd688e","signature_hex":"25c1d3f39d592a2ebd53bb59ac4ea1623d52e1f9640a0e2ed2ff6d19397e4f482c6f43bcc401ed2e39b930e378827097cac3df130b07c1767f75ca2b31e3750b","public_key_hex":"c2f8243b0d573587f285c830a868acd19249d17d59ecbf9329e796dfed6fb630"}
{"seq":114,"ts":1781823300000,"agent_id":"swarm","symbol":"BTCUSDT","side":"sell","price":62816.944986485265,"quantity":0.004001516588303991,"notional_usd":251.36304739,"fee_usd":0.150817828434,"balance_before_usd":9944.526195806926,"balance_after_usd":9944.321937670375,"decision":"ALLOW","cert_hash":"f65f612fa202cef9c15d20777ef4ab0f66121fabcd5de2dd2fe95ff2aff393d9","prev_hash":"5a79f924a23a9fafffbf13e08613d5f2aad074e5c566a7661e132ccf27fd688e","record_hash":"5d770bb0ab967aabfb0c435d59830abdb156b457d012d81a1a3db2a92c5cd4a1","signature_hex":"57d9039b1c002a3394484959eee7fb4a86cfeb69f96c679f8f7daa42fdd8a4c5e59bbdf48838b4a54dc3da6263000e8f36c021756acd852b6d33d135f6cbb306","public_key_hex":"c2f8243b0d573587f285c830a868acd19249d17d59ecbf9329e796dfed6fb630"}
{"seq":115,"ts":1781823780000,"agent_id":"swarm","symbol":"BTCUSDT","side":"buy","price":62868.46954667988,"quantity":0.01416188172178941,"notional_usd":890.33582975,"fee_usd":0.53420149785,"balance_before_usd":9943.998967810203,"balance_after_usd":9943.247104610155,"decision":"ALLOW","cert_hash":"0b4e690440cccef75bec41225d53154361e8fc1660d6539a7c30aeb2d3817f8d","prev_hash":"5d770bb0ab967aabfb0c435d59830abdb156b457d012d81a1a3db2a92c5cd4a1","record_hash":"5cf258a53d1ee43b468f92224d6aa2d7bb7bfa48cbc7fd157a5528f6be0185b8","signature_hex":"45df846fd795da54c6083635fa7b12ef677049737a1a99cc9ea7f542e08183632fbe2634863507103860c7795a7edca3e90c79c742d579ca495cdb92a64cb50a","public_key_hex":"c2f8243b0d573587f285c830a868acd19249d17d59ecbf9329e796dfed6fb630"}
{"seq":116,"ts":1781824200000,"agent_id":"swarm","symbol":"BTCUSDT","side":"buy","price":62771.13415665178,"quantity":0.009047210761601636,"notional_usd":567.90368046,"fee_usd":0.34074220827600005,"balance_before_usd":9943.247438099223,"balance_after_usd":9942.777011754628,"decision":"ALLOW","cert_hash":"550057fda3c1d4bb13daacd972f20cd7e1a967ef0cca3cba19f0c58d94d4c2c1","prev_hash":"5cf258a53d1ee43b468f92224d6aa2d7bb7bfa48cbc7fd157a5528f6be0185b8","record_hash":"c7322bfb45f533e871dbbe1a8772cc8917c06e123629310da8476c57098efdf8","signature_hex":"045244f276484e41bf6f48f91a535d5b187678a51b4167bb25ec867bea863ef923af4b24c65239d73452ddd8509fe12c748072e0cf9a5692f1014070f12b2e0d","public_key_hex":"c2f8243b0d573587f285c830a868acd19249d17d59ecbf9329e796dfed6fb630"}
{"seq":117,"ts":1781824260000,"agent_id":"swarm","symbol":"BTCUSDT","side":"sell","price":62755.86510324566,"quantity":0.009045813541030132,"notional_usd":567.67785433,"fee_usd":0.34060671259799996,"balance_before_usd":9942.898197974331,"balance_after_usd":9942.427920458565,"decision":"ALLOW","cert_hash":"79ee79c982a9ec7dc3fe811b5619fe94c51b31d7db74a3bc5bb0b38c76e467de","prev_hash":"c7322bfb45f533e871dbbe1a8772cc8917c06e123629310da8476c57098efdf8","record_hash":"77e419c8e3cb8f1dc22ce1f9eaf3973b8554e8056960b2e5b256d7c71adff28b","signature_hex":"3cd9d878adc7a3bfd1bad511cefabfe8396647d2e4d7cad459417c154a0659684fefde1bc6e0d33dbf4ac995fd312f009414f09e11316ff2c8fbd96c6519e409","public_key_hex":"c2f8243b0d573587f285c830a868acd19249d17d59ecbf9329e796dfed6fb630"}
{"seq":118,"ts":1781824380000,"agent_id":"swarm","symbol":"BTCUSDT","side":"buy","price":62768.09780414957,"quantity":0.009374382432075237,"notional_usd":588.41215335,"fee_usd":0.35304729201,"balance_before_usd":9942.427954544297,"balance_after_usd":9941.939936730007,"decision":"ALLOW","cert_hash":"96a3fd9df47bee9c33f0e55ad0e93610aadfa311393f30b2d8671ee1978a3733","prev_hash":"77e419c8e3cb8f1dc22ce1f9eaf3973b8554e8056960b2e5b256d7c71adff28b","record_hash":"31f1523ba35378b28522482411d841a3c57a309e0a950f6d48635ea4bee87a99","signature_hex":"0ee44e7d4e975ae26fddf4a0f312261faa450920f6880f4dae6b332e708d3f7e9a2ee284679e2ae69fb0d9a760325a029f9e282dedda9b8ef1f9135fb861170f","public_key_hex":"c2f8243b0d573587f285c830a868acd19249d17d59ecbf9329e796dfed6fb630"}
{"seq":119,"ts":1781824560000,"agent_id":"swarm","symbol":"BTCUSDT","side":"buy","price":62763.696994629216,"quantity":0.0032815038978284573,"notional_usd":205.95931633,"fee_usd":0.12357558979800001,"balance_before_usd":9941.90994531679,"balance_after_usd":9941.743063737676,"decision":"ALLOW","cert_hash":"ef17f1df3c3e227536bd6840383c3fc210706d7343d29c0cd1ba4a3e24c9ad11","prev_hash":"31f1523ba35378b28522482411d841a3c57a309e0a950f6d48635ea4bee87a99","record_hash":"dbb63a1dd6b33ab7aeea56edcf2260dc1c33817d34f4077c719691e3a2297313","signature_hex":"a35fb71f5b08b847e5dfa56b0df98a5772eaab1955c755529cc865537dcf9207575570319fbde8c420398fbbc2e61b7fa21d912e331b02ef5f72a0b8cb91fe0f","public_key_hex":"c2f8243b0d573587f285c830a868acd19249d17d59ecbf9329e796dfed6fb630"}
{"seq":120,"ts":1781824680000,"agent_id":"swarm","symbol":"BTCUSDT","side":"sell","price":62771.449417779,"quantity":0.012656854508683271,"notional_usd":794.48910258,"fee_usd":0.4766934615480001,"balance_before_usd":9942.198601276683,"balance_after_usd":9941.531414785695,"decision":"ALLOW","cert_hash":"69dd31194d253b04a0d2b882cbc490648dbce3916bf4203414c6a02696a35075","prev_hash":"dbb63a1dd6b33ab7aeea56edcf2260dc1c33817d34f4077c719691e3a2297313","record_hash":"c8cf25eab54259471dbc59132c0274ea888c0df0263139d018e89862786446e7","signature_hex":"c58ffef9a608563d5560e5dd063169317c0ad3f54b767d81d3d6ea65241d30802f9a8cc2f13b3fb30477f885fb16601c23bdbcc3a2d196963ca34485d1663b0a","public_key_hex":"c2f8243b0d573587f285c830a868acd19249d17d59ecbf9329e796dfed6fb630"}
{"seq":121,"ts":1781825220000,"agent_id":"swarm","symbol":"BTCUSDT","side":"sell","price":62802.149402549825,"quantity":0.009065142413213097,"notional_usd":569.31042819,"fee_usd":0.341586256914,"balance_before_usd":9941.531323766274,"balance_after_usd":9941.059647299759,"decision":"ALLOW","cert_hash":"b69362f7912923b17ffff04deefd8bec35ed88251c005c153f00fe3ff7c6a64a","prev_hash":"c8cf25eab54259471dbc59132c0274ea888c0df0263139d018e89862786446e7","record_hash":"8b235e87f5d12402637080bfc5aed68d9e41b4d0693815163dac9e4d6dc1cbd7","signature_hex":"0e1dc4e8981d47707c5a70c276d1c343ac59f8b1c2412b16647dbe0c46b8245a897f4d7586eb2cbf56484c727e29685ba3f928538abf41651dae08c0794a7605","public_key_hex":"c2f8243b0d573587f285c830a868acd19249d17d59ecbf9329e796dfed6fb630"}
{"seq":122,"ts":1781825280000,"agent_id":"swarm","symbol":"BTCUSDT","side":"sell","price":62804.62094673141,"quantity":0.00515119234179276,"notional_usd":323.51868245,"fee_usd":0.19411120947,"balance_before_usd":9941.044231399888,"balance_after_usd":9940.780171875213,"decision":"ALLOW","cert_hash":"cd970b548a66199aee1b0cb64267c1e7448073d82ea41fdae144375b0fa7d5db","prev_hash":"8b235e87f5d12402637080bfc5aed68d9e41b4d0693815163dac9e4d6dc1cbd7","record_hash":"2517bb8ca081c5e2d37502ea6708d07bb414555b37a3c2a30facc2e55f4e064c","signature_hex":"ff5230c99f1ff7bcb79483a6d7706c3ff2d73a35889901be3fac3d3b1226ee2833a321e1d6dca7438583bb04bae95f5a212755f7d97078eb93561703c58dd50d","public_key_hex":"c2f8243b0d573587f285c830a868acd19249d17d59ecbf9329e796dfed6fb630"}
{"seq":123,"ts":1781825340000,"agent_id":"swarm","symbol":"BTCUSDT","side":"sell","price":62835.762620082845,"quantity":0.0043971447422473525,"notional_usd":276.29794323,"fee_usd":0.165778765938,"balance_before_usd":9940.339371444405,"balance_after_usd":9940.114506574013,"decision":"ALLOW","cert_hash":"418cbbec575c52e6733664ee17c3dc9a9d70d882555f8c4783ea1929ec1f38ea","prev_hash":"2517bb8ca081c5e2d37502ea6708d07bb414555b37a3c2a30facc2e55f4e064c","record_hash":"60dc5dfc2429c10a2f5e940d1d079018c3b80865072a103aff538015a7a10fbe","signature_hex":"9d4d48dc9bc02dabaceff9607200ed42df2808d7491e1a6f3658138539707c2e9f5cd2a72fa66010ac44bd03ed4111363c078abd0adc85be20c126202ce2d80c","public_key_hex":"c2f8243b0d573587f285c830a868acd19249d17d59ecbf9329e796dfed6fb630"}
{"seq":124,"ts":1781825460000,"agent_id":"swarm","symbol":"BTCUSDT","side":"buy","price":62878.827640018615,"quantity":0.004320096169177234,"notional_usd":271.64258241,"fee_usd":0.162985549446,"balance_before_usd":9939.81291905567,"balance_after_usd":9939.591924810018,"decision":"ALLOW","cert_hash":"06492798ef5982a8c036c0bfc73d15817351fe49870431eefc43686ff085cfb8","prev_hash":"60dc5dfc2429c10a2f5e940d1d079018c3b80865072a103aff538015a7a10fbe","record_hash":"a3c8990b9ac92d9dbb41ac3f4b7ce9b9283a658e835d81df75fa43c01b7ace16","signature_hex":"1519e8726fb8005d3513ff8b8cb37ecaffb016b504f6027a809e75aac9630d856f1fdbd6ec8be9d90b5995782d62ccbbd1b2cfea5e685623a2ea562cc0472904","public_key_hex":"c2f8243b0d573587f285c830a868acd19249d17d59ecbf9329e796dfed6fb630"}
{"seq":125,"ts":1781825700000,"agent_id":"swarm","symbol":"BTCUSDT","side":"buy","price":62872.43571826877,"quantity":0.00538056811248532,"notional_usd":338.28942278,"fee_usd":0.202973653668,"balance_before_usd":9939.686281164257,"balance_after_usd":9939.40993959968,"decision":"ALLOW","cert_hash":"1ca3b82bcf1ddded994924c835cc6efcbf8100b425cf482b201d17e2a2366c73","prev_hash":"a3c8990b9ac92d9dbb41ac3f4b7ce9b9283a658e835d81df75fa43c01b7ace16","record_hash":"5e79cdb7defbcef39fce3c493ee877d96ed51d05d4225a907941c9df2aabbcb4","signature_hex":"ba0b24f3c9e86f054d7c1f0285497b352607f860a6b7e7631dbfe48f6f2b875a178428b3b037c66e08c8b6af1928a79fac447cad8ecdc19895f8ca7b6837cf03","public_key_hex":"c2f8243b0d573587f285c830a868acd19249d17d59ecbf9329e796dfed6fb630"}
{"seq":126,"ts":1781825820000,"agent_id":"swarm","symbol":"BTCUSDT","side":"buy","price":62875.53460725448,"quantity":0.008913816526584808,"notional_usd":560.4609795,"fee_usd":0.33627658769999996,"balance_before_usd":9939.388541561608,"balance_after_usd":9938.924488914863,"decision":"ALLOW","cert_hash":"5d94c7c72844feaec1056f4590214095cc6c4eca5ec17ade5a52eb19fabc2d95","prev_hash":"5e79cdb7defbcef39fce3c493ee877d96ed51d05d4225a907941c9df2aabbcb4","record_hash":"5d8a49e1bd1b9b35ffba44ea42b5713db136578068b9cc93011bd4d49881d48c","signature_hex":"275239418a41b71087163fd10b0ddbe1f204bb812d68ce9fe1960cd25680711d2fe59e524a2d2f5c7fd41132aff9407f580ab1a33cb0aa39d2b0299cc64e3609","public_key_hex":"c2f8243b0d573587f285c830a868acd19249d17d59ecbf9329e796dfed6fb630"}
{"seq":127,"ts":1781825940000,"agent_id":"swarm","symbol":"BTCUSDT","side":"sell","price":62864.82308425324,"quantity":0.010128581718533338,"notional_usd":636.73149783,"fee_usd":0.38203889869799995,"balance_before_usd":9938.924451920273,"balance_after_usd":9938.39476953923,"decision":"ALLOW","cert_hash":"ffe36c4d173260493b9768c1df17074651e5e4ffc2af3c2e1623a2ae5bdd6ef9","prev_hash":"5d8a49e1bd1b9b35ffba44ea42b5713db136578068b9cc93011bd4d49881d48c","record_hash":"4f92f49e6f2beef5bc4c9b631173b0ab0231b54b3664085ea41caedf155927b7","signature_hex":"628f1454451a7f73d545dea1270755bcd11e22a75364cdc7b788c5d2e6e5eb8da4e22897c25f012eabe0e66359e771656e54437575d96243bc043e1eb28b700d","public_key_hex":"c2f8243b0d573587f285c830a868acd19249d17d59ecbf9329e796dfed6fb630"}
{"seq":128,"ts":1781826060000,"agent_id":"swarm","symbol":"BTCUSDT","side":"buy","price":62911.38402865172,"quantity":0.010128265923537905,"notional_usd":637.18322706,"fee_usd":0.382309936236,"balance_before_usd":9938.218496848875,"balance_after_usd":9937.688475992216,"decision":"ALLOW","cert_hash":"7fdce33142dc7da38ee3b4c4059eca014f9c1c3137fe819301cd349b910a4a81","prev_hash":"4f92f49e6f2beef5bc4c9b631173b0ab0231b54b3664085ea41caedf155927b7","record_hash":"e300c3720bc7cf40b12525b870402301f25275fc156665d18c1a7b18c8367363","signature_hex":"48aae740dfdce9ee243de030443a6a4125e01f3b1910a6b2c507d3e22e739ba6ef19a1ba2333a64f9840466802b0ebe9d3f4e3ca44958dd3c3d979c98e652a00","public_key_hex":"c2f8243b0d573587f285c830a868acd19249d17d59ecbf9329e796dfed6fb630"}
{"seq":129,"ts":1781826480000,"agent_id":"swarm","symbol":"BTCUSDT","side":"buy","price":62826.70821760228,"quantity":0.010870894968656777,"notional_usd":682.98254626,"fee_usd":0.409789527756,"balance_before_usd":9937.688675142024,"balance_after_usd":9937.118994125538,"decision":"ALLOW","cert_hash":"0816a966cc943bd6024c0b18acd03c45fd8bd59dcf656a6a316c3d4228bb8a38","prev_hash":"e300c3720bc7cf40b12525b870402301f25275fc156665d18c1a7b18c8367363","record_hash":"536a06071004438a37f69fcd1a9188988bc09fa0c53fac06fd623f903f301394","signature_hex":"63eed0b6dc812397fce4e28c50465d0c3e449b4c1f3f7d22c193af69d31e3bf4fab4506d822644df66fe968eeffe44e757a4aca621ffc39b0bad8bfed694e504","public_key_hex":"c2f8243b0d573587f285c830a868acd19249d17d59ecbf9329e796dfed6fb630"}
{"seq":130,"ts":1781826540000,"agent_id":"swarm","symbol":"BTCUSDT","side":"sell","price":62869.475062434685,"quantity":0.01087109207419446,"notional_usd":683.45985206,"fee_usd":0.41007591123599996,"balance_before_usd":9937.903703183123,"balance_after_usd":9937.333551119827,"decision":"ALLOW","cert_hash":"b52171aaada042b1bbd503a79c598d0f19bff3f703045ae431c712e43162d8b6","prev_hash":"536a06071004438a37f69fcd1a9188988bc09fa0c53fac06fd623f903f301394","record_hash":"eccd75fc5f4ca62cecd752ed1a33e02feaf0eb5d370e85253d78f44d42013120","signature_hex":"8a667d2a5d1e1821f5acaf4abed82e1490e6f494190f0079ce642cb13569904ecb72df2dce5433d3a6c5f67cfcd410d48d172f2bd12ecbb654b7252f51b6c208","public_key_hex":"c2f8243b0d573587f285c830a868acd19249d17d59ecbf9329e796dfed6fb630"}
