{"seq":0,"ts":1777374000000,"agent_id":"baseline-momentum","symbol":"RAAPLUSDT","side":"buy","price":269.25075638339996,"quantity":7.428019987257148,"notional_usd":2000.0,"fee_usd":1.2,"balance_before_usd":10000.0,"balance_after_usd":9998.200139970008,"decision":"ALLOW_CAPPED","cert_hash":"9567ce06c5ca278dbdd03b11df68000c46713ab19344bcedf83e13f9a4688dfa","prev_hash":"0000000000000000000000000000000000000000000000000000000000000000","record_hash":"6fa9d0832260ef84bfd7a1e0f884e4e2923bd89d62c4b9a65d1234e67faabd41","signature_hex":"0009c2ec0987536daaa7096080bea3a6f722ccf652580de37fac21e80351e22202349da5a1145180b1d2c7544ff89a65b8e41ef0b6b575e4ccded5729f903d08","public_key_hex":"c2f8243b0d573587f285c830a868acd19249d17d59ecbf9329e796dfed6fb630"}
{"seq":1,"ts":1777377600000,"agent_id":"baseline-momentum","symbol":"RAAPLUSDT","side":"buy","price":269.94596489730003,"quantity":7.4088901486669485,"notional_usd":2000.0,"fee_usd":1.2,"balance_before_usd":10003.36261386115,"balance_after_usd":10001.562753831156,"decision":"ALLOW_CAPPED","cert_hash":"1f0498207903ef904bdd2e0abbf6eac1b118a18d31e3bdaf91f2ad2c763f559c","prev_hash":"6fa9d0832260ef84bfd7a1e0f884e4e2923bd89d62c4b9a65d1234e67faabd41","record_hash":"41e3edc46092787b59ba828d1c260bdb0a696342c728f88108f574c129e40b46","signature_hex":"c6d009ef6498583c1abaa719de9590004b92840b0e73a7756f57237e2671b816ca974826a7a1c95a94f140a46dc4c15c29681ebfd422aa2f6e622d883249550c","public_key_hex":"c2f8243b0d573587f285c830a868acd19249d17d59ecbf9329e796dfed6fb630"}
{"seq":2,"ts":1777381200000,"agent_id":"baseline-momentum","symbol":"RAAPLUSDT","side":"buy","price":269.97743410442473,"quantity":3.6909929006309805,"notional_usd":996.48479261,"fee_usd":0.597890875566,"balance_before_usd":10002.230414787275,"balance_after_usd":10001.383625111015,"decision":"ALLOW","cert_hash":"7d6699942b06774a2c05e1e4a299c871404600b378e85bbc449f1dc2dcf9e4fc","prev_hash":"41e3edc46092787b59ba828d1c260bdb0a696342c728f88108f574c129e40b46","record_hash":"85939d2777507f8e93837a596147dc2f9b5eb3042be764dca2bffecc511ca8c5","signature_hex":"aad2a52cdca08bef21df81b437b75113e6f54fb3761293e672c787968d4e4978a82478a90705ba028a195ca1032d20c43dfb938e260830b432be401945f54304","public_key_hex":"c2f8243b0d573587f285c830a868acd19249d17d59ecbf9329e796dfed6fb630"}
{"seq":3,"ts":1777474800000,"agent_id":"baseline-momentum","symbol":"RAAPLUSDT","side":"sell","price":268.5594133728,"quantity":7.447141676704907,"notional_usd":2000.0,"fee_usd":1.2,"balance_before_usd":9977.85318825459,"balance_after_usd":9976.053048224585,"decision":"ALLOW_CAPPED","cert_hash":"7a22f74a2b0abad3d8a11df72938e80aaf6f1399ae1f1623261793f933b9fdfa","prev_hash":"85939d2777507f8e93837a596147dc2f9b5eb3042be764dca2bffecc511ca8c5","record_hash":"0f393bc705f32e54c4d70002556e3c48c03fd6b7d1fe95cc95bcb32340031702","signature_hex":"0b185de2b14539f463149017a67fb45a3d4369191a63f5c8d3f14c204122354dd9f5fd4c4657410f40fad9fdbc7112f85153c9d5cf1e53eb7182019542cfbd00","public_key_hex":"c2f8243b0d573587f285c830a868acd19249d17d59ecbf9329e796dfed6fb630"}
{"seq":4,"ts":1777536000000,"agent_id":"baseline-momentum","symbol":"RAAPLUSDT","side":"buy","price":270.8412272573037,"quantity":7.382720886360476,"notional_usd":1999.54518536,"fee_usd":1.199727111216,"balance_before_usd":9999.544262307467,"balance_after_usd":9997.744857027214,"decision":"ALLOW","cert_hash":"b9e97380ab0edd9071b9d5b20eddf70c5bd64f662db2e387473c9c1999f83edd","prev_hash":"0f393bc705f32e54c4d70002556e3c48c03fd6b7d1fe95cc95bcb32340031702","record_hash":"767545c4a950b100b0cf574bda79673dda7acb8a1226e0b717040aed57ad0000","signature_hex":"7634b7c6a408f0a54735ecdc4496224ff7b3ac251018ba581e14d0d6e78003826e1730412e42c03b94bbb9efcf3ab7d4193d11a7cdd9deb910dd13d6a411470b","public_key_hex":"c2f8243b0d573587f285c830a868acd19249d17d59ecbf9329e796dfed6fb630"}
{"seq":5,"ts":1777579200000,"agent_id":"baseline-momentum","symbol":"RAAPLUSDT","side":"sell","price":268.22951236619997,"quantity":7.456301069770066,"notional_usd":2000.0,"fee_usd":1.2,"balance_before_usd":9952.509325523997,"balance_after_usd":9950.70918549399,"decision":"ALLOW_CAPPED","cert_hash":"4e64b5a35c79cfd2f557042846d3b12160495a67e57c43fa5b56e1122706e81d","prev_hash":"767545c4a950b100b0cf574bda79673dda7acb8a1226e0b717040aed57ad0000","record_hash":"210b6fee04cb9e1004ea0ae0455c764c7ecd4ebcd113db7c879a1947590c8a4a","signature_hex":"bc0f8b256a0b09982ce45721e65766218024ccf9bd6980af78fe0c0d7e41ac55b22d121d293c7d76728dd2f345adb06fee7d5f216c1a1d288ecb88370e2dee0a","public_key_hex":"c2f8243b0d573587f285c830a868acd19249d17d59ecbf9329e796dfed6fb630"}
{"seq":6,"ts":1777582800000,"agent_id":"baseline-momentum","symbol":"RAAPLUSDT","side":"buy","price":281.3727973075367,"quantity":6.932390683659571,"notional_usd":1950.58615869,"fee_usd":1.170351695214,"balance_before_usd":10093.572490701132,"balance_after_usd":10091.821916570902,"decision":"ALLOW","cert_hash":"c2a2c1d48562280c36af46fe05dcd8fb5cfd7a44d2a96be99eb6890421a110ba","prev_hash":"210b6fee04cb9e1004ea0ae0455c764c7ecd4ebcd113db7c879a1947590c8a4a","record_hash":"8507077860de43b52fc630b59adf49910a0a0c7ed0ef04dc2abb9aed5ed9eda0","signature_hex":"232384c9cd477f8bb1c36a08ad82ea9123515f2d8de43fb7dc9877ed130355000ccf1b843a8a8f7b3503b4949f092856e18ee54e595592b5db2cecfffd89be02","public_key_hex":"c2f8243b0d573587f285c830a868acd19249d17d59ecbf9329e796dfed6fb630"}
{"seq":7,"ts":1777885200000,"agent_id":"baseline-momentum","symbol":"RAAPLUSDT","side":"sell","price":279.21621558600003,"quantity":7.1629077695309915,"notional_usd":2000.0,"fee_usd":1.2,"balance_before_usd":10056.138314183976,"balance_after_usd":10054.33817415397,"decision":"ALLOW_CAPPED","cert_hash":"d5ebb4ebbd3180933f013a5e424447671b4f6646294062bb5b9d7e5cc31e4671","prev_hash":"8507077860de43b52fc630b59adf49910a0a0c7ed0ef04dc2abb9aed5ed9eda0","record_hash":"dabaafd49c3d4cc967b135c12c8964887b4812fa8e6aa4d18d551f17394fe6eb","signature_hex":"603bb5a10e150ce7d2088543bce46b3c36f22577e485a4d249c4b64962b269fc3ea74a49747bb5afcba60df8aa133f52fbe2962df72b5ad2c9e1f85b0da59203","public_key_hex":"c2f8243b0d573587f285c830a868acd19249d17d59ecbf9329e796dfed6fb630"}
{"seq":8,"ts":1777888800000,"agent_id":"baseline-momentum","symbol":"RAAPLUSDT","side":"sell","price":278.7963415776,"quantity":7.173695281232093,"notional_usd":2000.0,"fee_usd":1.2,"balance_before_usd":10049.81197523593,"balance_after_usd":10048.011835205925,"decision":"ALLOW_CAPPED","cert_hash":"ba3e82620868a96d3282896f004c3f30db0ced444cd62adbea19c7af5a7ac32d","prev_hash":"dabaafd49c3d4cc967b135c12c8964887b4812fa8e6aa4d18d551f17394fe6eb","record_hash":"03729e663628ee941f437dee1ae893fcd9dfb6eb4595de620a8a93967bbddb4f","signature_hex":"f5de7c0bbec47a5446cdf850465932323028942f616be189c04986009765b52c400c5e768a01900571a04d68e12577f1f0212fba11c14da61972cd3e8b587c0b","public_key_hex":"c2f8243b0d573587f285c830a868acd19249d17d59ecbf9329e796dfed6fb630"}
{"seq":9,"ts":1777892400000,"agent_id":"baseline-momentum","symbol":"RAAPLUSDT","side":"sell","price":278.81521581297625,"quantity":3.6038705902765704,"notional_usd":1004.81395639,"fee_usd":0.6028883738340001,"balance_before_usd":10048.029850049972,"balance_after_usd":10047.175468496856,"decision":"ALLOW","cert_hash":"f5b3df9734673697f2decea49a9048860c291340385b65cc472797ed567ec931","prev_hash":"03729e663628ee941f437dee1ae893fcd9dfb6eb4595de620a8a93967bbddb4f","record_hash":"e3674322d8dd3229e55b49388eb15525f67c8d9c590239d85b3a5d82f419f8f0","signature_hex":"8ff9e714ac8acf43ae4009930526d378a72071581521df15a6698483f3e1f2736ea09ee24ee0c8ca66676f98df5b72bc86c4fbe7750436bfbc197659465dae0e","public_key_hex":"c2f8243b0d573587f285c830a868acd19249d17d59ecbf9329e796dfed6fb630"}
{"seq":10,"ts":1777986000000,"agent_id":"baseline-momentum","symbol":"RAAPLUSDT","side":"buy","price":279.7138945926,"quantity":7.150163215570597,"notional_usd":2000.0,"fee_usd":1.2,"balance_before_usd":10047.174796670057,"balance_after_usd":10045.374936640063,"decision":"ALLOW_CAPPED","cert_hash":"2fbe778ca72efd92f991c4b74f496faed33a09b7bb079105946be520a2ecc2a2","prev_hash":"e3674322d8dd3229e55b49388eb15525f67c8d9c590239d85b3a5d82f419f8f0","record_hash":"8821b0e4f7a982d597a206e449eeecf3d0dffc7a09ea0f18b96b29290b93f77e","signature_hex":"d2430e2aaffe19592bca2518e1db4d4d5d3d07320976ac7e56d4cabfa0c53c7d590e83a524cbc9e7e48c911e1cba80088a2cf81f9b9057af028fb1ebbebd8b0e","public_key_hex":"c2f8243b0d573587f285c830a868acd19249d17d59ecbf9329e796dfed6fb630"}
{"seq":11,"ts":1777989600000,"agent_id":"baseline-momentum","symbol":"RAAPLUSDT","side":"buy","price":280.60416161039996,"quantity":7.127478040674485,"notional_usd":2000.0,"fee_usd":1.2,"balance_before_usd":10051.737779316885,"balance_after_usd":10049.937919286891,"decision":"ALLOW_CAPPED","cert_hash":"1ad228e4601f5293099c8195b0707b64f11c18116584a0f85b67e5dd9017bb1e","prev_hash":"8821b0e4f7a982d597a206e449eeecf3d0dffc7a09ea0f18b96b29290b93f77e","record_hash":"8db7dc281cf8b5b91c61a6dcfdfca823a04b271e2d150b7e8c9187202e1599b1","signature_hex":"572e2d3388b3cb9c7c622896360f70d1677be09e605b5fb329cf3182539ce7a1991dec7a76bb81bd5b0800885371efedfe3d93d42ba2c6ce9289c4555f82ce0e","public_key_hex":"c2f8243b0d573587f285c830a868acd19249d17d59ecbf9329e796dfed6fb630"}
{"seq":12,"ts":1777993200000,"agent_id":"baseline-momentum","symbol":"RAAPLUSDT","side":"buy","price":280.2503642272331,"quantity":3.6484700048808745,"notional_usd":1022.48504774,"fee_usd":0.6134910286440001,"balance_before_usd":10045.083827865288,"balance_after_usd":10044.213615064167,"decision":"ALLOW","cert_hash":"a7b86f1d509dfc210662bd293a32f835a48ac65f64423a723fe9cb6a6ca69d52","prev_hash":"8db7dc281cf8b5b91c61a6dcfdfca823a04b271e2d150b7e8c9187202e1599b1","record_hash":"467e882d796771c6cb3816f5c2fa60064ed092e8e0c871e2bf4e5e7c5d7b94f2","signature_hex":"08b76e6c44330cb1ced6a30b5edafe17447217c147ebf5948e2f7153c31e5a13a952909fbc88aa3f5767aae88087365ccc1ceeca34f8aa1fb8b715e24d976a06","public_key_hex":"c2f8243b0d573587f285c830a868acd19249d17d59ecbf9329e796dfed6fb630"}
{"seq":13,"ts":1778230800000,"agent_id":"baseline-momentum","symbol":"RAAPLUSDT","side":"sell","price":288.10454846382,"quantity":6.941924418285118,"notional_usd":2000.0,"fee_usd":1.2,"balance_before_usd":10187.81246820994,"balance_after_usd":10186.012328179935,"decision":"ALLOW_CAPPED","cert_hash":"1fadc0b26202fedadc92c205dda65fc5fc385e33e5fe14fb8e379237237a5257","prev_hash":"467e882d796771c6cb3816f5c2fa60064ed092e8e0c871e2bf4e5e7c5d7b94f2","record_hash":"820af9f935928762f6aa221e0ad0d673aab581ac515a882f1c21a9ab30b3d0e9","signature_hex":"c8ed1b74559ba72190f37fd6ee685a9293360d624b212cc0bcc3d759205423ef05a557e3155c101a263d990fb4d323ffd13a9daa29cd1cde064618e19cda5602","public_key_hex":"c2f8243b0d573587f285c830a868acd19249d17d59ecbf9329e796dfed6fb630"}
{"seq":14,"ts":1778241600000,"agent_id":"baseline-momentum","symbol":"RAAPLUSDT","side":"buy","price":290.8959886053292,"quantity":6.577401277354526,"notional_usd":1913.33964703,"fee_usd":1.148003788218,"balance_before_usd":10214.777551757055,"balance_after_usd":10213.063966406306,"decision":"ALLOW","cert_hash":"67d1d170bde64b5fd7d87d72b917236d9281c8943d6654ba3bebd8417043eeee","prev_hash":"820af9f935928762f6aa221e0ad0d673aab581ac515a882f1c21a9ab30b3d0e9","record_hash":"e167dc4473b0c867889793fe3ebd1074db381c1b0ac8b618c773ab3bb8229f66","signature_hex":"d73df73070ecaa8b67db503bb4c7c00aaab7f80399f785ef662a233e1f46223fe9e7f0b16e1eec906bd9abbbf26dd4dc291c933c5a87f4e293a92f82c674d40d","public_key_hex":"c2f8243b0d573587f285c830a868acd19249d17d59ecbf9329e796dfed6fb630"}
{"seq":15,"ts":1778763600000,"agent_id":"baseline-momentum","symbol":"RAAPLUSDT","side":"sell","price":297.30078894779996,"quantity":6.7271937187868005,"notional_usd":2000.0,"fee_usd":1.2,"balance_before_usd":10328.613282518609,"balance_after_usd":10326.813142488601,"decision":"ALLOW_CAPPED","cert_hash":"5f718654953c0117ce1a34fc2c83a7cc7959678abba332e5852bfdecb1dde78d","prev_hash":"e167dc4473b0c867889793fe3ebd1074db381c1b0ac8b618c773ab3bb8229f66","record_hash":"96f305bb673e2563d24979f663b065b51f5abf6c9ec249647479adcd6c3632fe","signature_hex":"f8e57600514a1dd972db40218e620600d4963075908c22ed69ba2450f3a68a13d7ce1e90b6a161303e51fa451dfb61c7913fa7d7cdb2608b5a3b6f75bb534c04","public_key_hex":"c2f8243b0d573587f285c830a868acd19249d17d59ecbf9329e796dfed6fb630"}
{"seq":16,"ts":1778824800000,"agent_id":"baseline-momentum","symbol":"RAAPLUSDT","side":"sell","price":297.69067195559995,"quantity":6.71838316888309,"notional_usd":2000.0,"fee_usd":1.2,"balance_before_usd":10331.038204610584,"balance_after_usd":10329.238064580579,"decision":"ALLOW_CAPPED","cert_hash":"6e0306e356bd8ff898a7da21ee3d10edafb37b98aea53c68dbe0ab89bfc4f213","prev_hash":"96f305bb673e2563d24979f663b065b51f5abf6c9ec249647479adcd6c3632fe","record_hash":"61063510f8b997b436d8787b9d5a1e1036425deb2ec5acb1ea51438ab4f21bd4","signature_hex":"6a68c2d6563b641beccaeeb8874e699cc37238d0c15e23cbf8504f84cdd9f710ceef7c83be7720101baecdad5b80c06ca41ede09ef311661706a58b6db770d02","public_key_hex":"c2f8243b0d573587f285c830a868acd19249d17d59ecbf9329e796dfed6fb630"}
{"seq":17,"ts":1778828400000,"agent_id":"baseline-momentum","symbol":"RAAPLUSDT","side":"sell","price":297.1723747384771,"quantity":4.1161843712978925,"notional_usd":1223.21628448,"fee_usd":0.733929770688,"balance_before_usd":10327.057056571237,"balance_after_usd":10326.003606912253,"decision":"ALLOW","cert_hash":"8f71b2706a4446999b5f9b6c457d55175ac212022aa9c7a1f0edc11a5b968fd7","prev_hash":"61063510f8b997b436d8787b9d5a1e1036425deb2ec5acb1ea51438ab4f21bd4","record_hash":"8675596bcb296e072e281c6e0eedd808f25d80a010fbf42dcd5e2e48f5a3535f","signature_hex":"9e5b7675b547bdeb582c7218744e0e0f493adcbde7c0c7a187ad1552b52a202487e115b878cbdb43b559b8d65ae1d08843fe8f56d0f3ba274ca175f58c2f830d","public_key_hex":"c2f8243b0d573587f285c830a868acd19249d17d59ecbf9329e796dfed6fb630"}
{"seq":18,"ts":1778853600000,"agent_id":"baseline-momentum","symbol":"RAAPLUSDT","side":"buy","price":301.040291019,"quantity":6.6436289748131125,"notional_usd":2000.0,"fee_usd":1.2,"balance_before_usd":10325.999629709318,"balance_after_usd":10324.199769679322,"decision":"ALLOW_CAPPED","cert_hash":"3c7de2cd04aab52a297ba85ee176378aef565925c6bee4c1650a90e3b81705cc","prev_hash":"8675596bcb296e072e281c6e0eedd808f25d80a010fbf42dcd5e2e48f5a3535f","record_hash":"4c768e5fb436fd01d37a4b88acd82275c51563090eff21d5af69f571a38b5cac","signature_hex":"1b5010a72b9d2c6ce325fc96a32938e72c450b0fcef590124266a889c513e184057725d80fa1ebbe51fa5a2397d9a4d1a0296bb6d9d7082492612cacb879e106","public_key_hex":"c2f8243b0d573587f285c830a868acd19249d17d59ecbf9329e796dfed6fb630"}
{"seq":19,"ts":1778857200000,"agent_id":"baseline-momentum","symbol":"RAAPLUSDT","side":"buy","price":301.0953075201,"quantity":6.642415042839841,"notional_usd":2000.0,"fee_usd":1.2,"balance_before_usd":10324.565110152354,"balance_after_usd":10322.76525012236,"decision":"ALLOW_CAPPED","cert_hash":"b19c7089e02120e1c903e468d3a1228ba3df2c0029219035b5219b07472feee1","prev_hash":"4c768e5fb436fd01d37a4b88acd82275c51563090eff21d5af69f571a38b5cac","record_hash":"984e8056ef8a4eb1f699d11edc5f92c2bfa265b1eeb194aa34ff878c4a66efa1","signature_hex":"251e6cad285c34f430a6ed1dc8c76cc449fc86dbbd56f8e80670f0a3d03b8e6b9dab6c7523b69f318e95e48eaddedc03b3d188593395020342b6cdcdba85d305","public_key_hex":"c2f8243b0d573587f285c830a868acd19249d17d59ecbf9329e796dfed6fb630"}
{"seq":20,"ts":1778860800000,"agent_id":"baseline-momentum","symbol":"RAAPLUSDT","side":"buy","price":302.0878609019979,"quantity":3.826253730648849,"notional_usd":1155.86480476,"fee_usd":0.6935188828559999,"balance_before_usd":10336.11664406579,"balance_after_usd":10335.125209616193,"decision":"ALLOW","cert_hash":"63ff7d33af89458d6aaccb86379d3a864b6b934b64b59880ac1a94bbba4dd09a","prev_hash":"984e8056ef8a4eb1f699d11edc5f92c2bfa265b1eeb194aa34ff878c4a66efa1","record_hash":"ef1663ef225b2e896bba64b35052a4402a2896bc6a3f94ad545f84065c049287","signature_hex":"65f3aa48e3144b2ee59399ef95705d7cba5943c2d5a1814d06805562c12738375d6577d2307d993fcd8264839e248fb324be0e54ff49e570760483cfd1995502","public_key_hex":"c2f8243b0d573587f285c830a868acd19249d17d59ecbf9329e796dfed6fb630"}
{"seq":21,"ts":1779098400000,"agent_id":"baseline-momentum","symbol":"RAAPLUSDT","side":"sell","price":297.960590961,"quantity":6.71229706435164,"notional_usd":2000.0,"fee_usd":1.2,"balance_before_usd":10267.364767214978,"balance_after_usd":10265.564627184973,"decision":"ALLOW_CAPPED","cert_hash":"3e0e69876d3addbb68748877a3bffd2b1d875ef27db55fe30946c54638bd4e92","prev_hash":"ef1663ef225b2e896bba64b35052a4402a2896bc6a3f94ad545f84065c049287","record_hash":"d3df24df55af19b062b33319901e00547a1a33147200ca4ec576c91bd74e432c","signature_hex":"18b88cf484b072f594ca8a416e3d7a9707067c486796d1458fc17d2fb817a0be324dfc97e631c35862b7eda7df953b3772ecef0648a425f32c62fbb521e5360a","public_key_hex":"c2f8243b0d573587f285c830a868acd19249d17d59ecbf9329e796dfed6fb630"}
{"seq":22,"ts":1779109200000,"agent_id":"baseline-momentum","symbol":"RAAPLUSDT","side":"sell","price":297.9905819616,"quantity":6.711621511104422,"notional_usd":2000.0,"fee_usd":1.2,"balance_before_usd":10265.8765949579,"balance_after_usd":10264.076454927892,"decision":"ALLOW_CAPPED","cert_hash":"60898eac66ef44a49269681fc1fe3b4d95915bb2c8a6df411d3f602ec56cacb9","prev_hash":"d3df24df55af19b062b33319901e00547a1a33147200ca4ec576c91bd74e432c","record_hash":"d2e4863e0dcfe3322b50f73c9912bc873f59fd2cbb115bea1c74bb35ec6ec36a","signature_hex":"8c84337819042c96502c3d1d258a495fc79558f27ba54d5415b511352d6650ba57a5abcb1e85d3699e90c908b4c8351f9628d997b68b3e1b0fe3a031c7436301","public_key_hex":"c2f8243b0d573587f285c830a868acd19249d17d59ecbf9329e796dfed6fb630"}
{"seq":23,"ts":1779112800000,"agent_id":"baseline-momentum","symbol":"RAAPLUSDT","side":"sell","price":298.2039454734493,"quantity":3.6882446705183694,"notional_usd":1099.84911262,"fee_usd":0.659909467572,"balance_before_usd":10264.813915778519,"balance_after_usd":10263.87349860873,"decision":"ALLOW","cert_hash":"095efa7858adee388816f531e65d542f259f53246aa2b03e80b480eb268ef488","prev_hash":"d2e4863e0dcfe3322b50f73c9912bc873f59fd2cbb115bea1c74bb35ec6ec36a","record_hash":"ca46630ffc550c2a8909437f56039bdebe98560c8d3ea646aeba1f746d4706a0","signature_hex":"1e2406947cfd5f27a8e66ce10d48d377802edebe3244f564a91f7d35521092466bbcb18f8d8deef4dfad9dfcfe04a96ad4fb271bb15411d09334008c3112d804","public_key_hex":"c2f8243b0d573587f285c830a868acd19249d17d59ecbf9329e796dfed6fb630"}
{"seq":24,"ts":1779195600000,"agent_id":"baseline-momentum","symbol":"RAAPLUSDT","side":"buy","price":299.189735982,"quantity":6.684721297124728,"notional_usd":2000.0,"fee_usd":1.2,"balance_before_usd":10263.872727466474,"balance_after_usd":10262.07286743648,"decision":"ALLOW_CAPPED","cert_hash":"0eca8e78c3d349198e057ce98eab3fb74dc00447982357ddcdd20ab158b96476","prev_hash":"ca46630ffc550c2a8909437f56039bdebe98560c8d3ea646aeba1f746d4706a0","record_hash":"1eb09d21bdb2f76e6f7564f70da05a99a0421fab3caf44872221fd66a38713b4","signature_hex":"3a5a2dd584d8cae2b14b7feaa5907b6c941a850c2f199fb883d0d1c3899d56a8668c1d55618cea5c07f5ac2467a8caf48f7477e73d235280734a0c281e18f30b","public_key_hex":"c2f8243b0d573587f285c830a868acd19249d17d59ecbf9329e796dfed6fb630"}
{"seq":25,"ts":1779238800000,"agent_id":"baseline-momentum","symbol":"RAAPLUSDT","side":"buy","price":298.9496639772,"quantity":6.690089473231635,"notional_usd":2000.0,"fee_usd":1.2,"balance_before_usd":10260.468760025342,"balance_after_usd":10258.668899995348,"decision":"ALLOW_CAPPED","cert_hash":"f46754324f342c91beb34f0a4d72cb872f8913d2290c7ac1e65b127296bb4da2","prev_hash":"1eb09d21bdb2f76e6f7564f70da05a99a0421fab3caf44872221fd66a38713b4","record_hash":"ec230ad1298c101971a1c26d294652033582347a6166a5f656c7fe161a8fce4e","signature_hex":"b8369ea5e8cfca0d275094fa08339a2a8ad799a5dad2bd471aa6648ae66cd0e3b74dab8aed8a4380e72dae976cfdc4cf9b0336338f9436d45e189b7cb59fc80e","public_key_hex":"c2f8243b0d573587f285c830a868acd19249d17d59ecbf9329e796dfed6fb630"}
{"seq":26,"ts":1779256800000,"agent_id":"baseline-momentum","symbol":"RAAPLUSDT","side":"buy","price":298.9567015601461,"quantity":3.7874575538565045,"notional_usd":1132.2858176,"fee_usd":0.67937149056,"balance_before_usd":10258.936377402408,"balance_after_usd":10257.96650200848,"decision":"ALLOW","cert_hash":"39c0e5999cbb8347b6da004bec8bcf681af61c3c2bc71865343c7fcf8182cf4f","prev_hash":"ec230ad1298c101971a1c26d294652033582347a6166a5f656c7fe161a8fce4e","record_hash":"eb3492bd1d04de3f3562fdb7c5f85e702376629bf05d6f5216229dfa3db14399","signature_hex":"f8c5c662e9ee8a765856c770ec13b3770c0d3df8aa78cca66876f8fd36fb463547d5f22cc2241b9dfecf4e7c20926be7f5eb122fc4d66f724465c079a426e305","public_key_hex":"c2f8243b0d573587f285c830a868acd19249d17d59ecbf9329e796dfed6fb630"}
{"seq":27,"ts":1779876000000,"agent_id":"baseline-momentum","symbol":"RAAPLUSDT","side":"sell","price":308.5174231722,"quantity":6.4826160527202825,"notional_usd":2000.0,"fee_usd":1.2,"balance_before_usd":10424.94622254192,"balance_after_usd":10423.146082511914,"decision":"ALLOW_CAPPED","cert_hash":"da370ad169772077f8fed354099764c921262660249ae50bd9bffc09db5553f2","prev_hash":"eb3492bd1d04de3f3562fdb7c5f85e702376629bf05d6f5216229dfa3db14399","record_hash":"bba4c01b13a8d2e9765f70ba6423d299bb540437a19c134aeb20e9ea4f176cf4","signature_hex":"9160a21ccbd89ba7937076a893d76abc88cb2fae785922c4120c5f33cc80e0d8c43bf3a2cafab2d6aeaf93797b46d709ddb179f8b5259bfd81a42785dcaf9d04","public_key_hex":"c2f8243b0d573587f285c830a868acd19249d17d59ecbf9329e796dfed6fb630"}
{"seq":28,"ts":1779890400000,"agent_id":"baseline-momentum","symbol":"RAAPLUSDT","side":"buy","price":313.1622396805561,"quantity":6.042242674149212,"notional_usd":1892.20224853,"fee_usd":1.1353213491179999,"balance_before_usd":10470.773137381235,"balance_after_usd":10469.080481498011,"decision":"ALLOW","cert_hash":"48ded413e0416fa5b13c044de960abb58e25c40dc01c03f713153c553b22c30b","prev_hash":"bba4c01b13a8d2e9765f70ba6423d299bb540437a19c134aeb20e9ea4f176cf4","record_hash":"9cb9a836709042d75306b5790dd4d8fce53fe28528e85425f10b5f066a96a6e0","signature_hex":"1e0f73f51679a8f876b29f7856e7092110fe66ae97c4a23ae9eea53fa26d901d3f000e5d13bbcb51ffb352a83e2f9a6ba3daac351a55a31514334e95f82c0003","public_key_hex":"c2f8243b0d573587f285c830a868acd19249d17d59ecbf9329e796dfed6fb630"}
{"seq":29,"ts":1779962400000,"agent_id":"baseline-momentum","symbol":"RAAPLUSDT","side":"sell","price":310.04696420280004,"quantity":6.450635648513594,"notional_usd":2000.0,"fee_usd":1.2,"balance_before_usd":10420.088084730218,"balance_after_usd":10418.287944700212,"decision":"ALLOW_CAPPED","cert_hash":"fa17b3571bc8122d04246a61f2a750b34bfb5d95dab73e5fd88be7bdc0eb04fa","prev_hash":"9cb9a836709042d75306b5790dd4d8fce53fe28528e85425f10b5f066a96a6e0","record_hash":"59f3e04193e9badd2f4df2a4d92ac0c5727583cb33dda66e692267a72371be9e","signature_hex":"73eabe98f10c2db347b8ed70cb1970d6409164c10861f8c3d4037a1ccd6a14520bce3fdc489b6672671b4df152d0fe92d21118f69a5095dd73e0e55d9d8abd0f","public_key_hex":"c2f8243b0d573587f285c830a868acd19249d17d59ecbf9329e796dfed6fb630"}
{"seq":30,"ts":1780059600000,"agent_id":"baseline-momentum","symbol":"RAAPLUSDT","side":"buy","price":313.5840532698,"quantity":6.377875338830605,"notional_usd":2000.0,"fee_usd":1.2,"balance_before_usd":10452.693512947353,"balance_after_usd":10450.89365291736,"decision":"ALLOW_CAPPED","cert_hash":"60458ecb2ec3e708c7339f8f78b6ab951fa7dc30fac7b03944caa4f14fca786c","prev_hash":"59f3e04193e9badd2f4df2a4d92ac0c5727583cb33dda66e692267a72371be9e","record_hash":"5c749fc603b7dae70e784a5f683348f2fd5c2e1ce7e7304a91c76f28418626be","signature_hex":"f1bfabca8c0d15432bb98ecaee34ed631288c2b812da2dd770529b63ae7ecb456d30f002b6af45e3ae4ebd4c31b74bf8b9a8cf0fdb9f96f22755db99a02f9309","public_key_hex":"c2f8243b0d573587f285c830a868acd19249d17d59ecbf9329e796dfed6fb630"}
{"seq":31,"ts":1780074000000,"agent_id":"baseline-momentum","symbol":"RAAPLUSDT","side":"sell","price":309.4871321916,"quantity":6.462304218715699,"notional_usd":2000.0,"fee_usd":1.2,"balance_before_usd":10385.799213522734,"balance_after_usd":10383.999073492729,"decision":"ALLOW_CAPPED","cert_hash":"8fcbb7d6ab5cda90c23ce85cbd1bced09a3a905dc2943ff6e89cd467e58bb1ce","prev_hash":"5c749fc603b7dae70e784a5f683348f2fd5c2e1ce7e7304a91c76f28418626be","record_hash":"1c1d7f59f5932037340e9fa9034268ecc5b958018060963919b6803e0eeba2d3","signature_hex":"d1b3e9fb30735a50dc18124e10864ff9d987b8045210b785e19e88184fa3d9db2953bc8ac2ded07a4a06c23c6b40b4e0f6887267fac626cd027c7af3976b7f0d","public_key_hex":"c2f8243b0d573587f285c830a868acd19249d17d59ecbf9329e796dfed6fb630"}
{"seq":32,"ts":1780304400000,"agent_id":"baseline-momentum","symbol":"RAAPLUSDT","side":"sell","price":310.0869522036,"quantity":6.449803791443698,"notional_usd":2000.0,"fee_usd":1.2,"balance_before_usd":10390.110607492643,"balance_after_usd":10388.310467462637,"decision":"ALLOW_CAPPED","cert_hash":"7271ce9b9c3c9a4290d499b79bc3e5b477de7c7c0b12d8c715d36054ba5e973d","prev_hash":"1c1d7f59f5932037340e9fa9034268ecc5b958018060963919b6803e0eeba2d3","record_hash":"d0b84f1556ce1033aefb6fd2b80a9d87b19e764db049d5a6c9929b300e135fda","signature_hex":"dd38dc66237d2a0bfbf6023dc847606129b9b37dec6bd415c157bbe49de840499a33a831b070eabe09b69452ef202ef61e9379a0f594d93da9af7a9f8b82400f","public_key_hex":"c2f8243b0d573587f285c830a868acd19249d17d59ecbf9329e796dfed6fb630"}
{"seq":33,"ts":1780322400000,"agent_id":"baseline-momentum","symbol":"RAAPLUSDT","side":"sell","price":306.84202356942717,"quantity":3.7370478196919703,"notional_usd":1146.68331517,"fee_usd":0.688009989102,"balance_before_usd":10376.134562509415,"balance_after_usd":10375.151413822632,"decision":"ALLOW","cert_hash":"8f705c96182277ce7892f8a84dbc262ea59af89eafdba0738d2114b1a46c11f1","prev_hash":"d0b84f1556ce1033aefb6fd2b80a9d87b19e764db049d5a6c9929b300e135fda","record_hash":"ac3783082d46ec62bfbe3073a1c8d51133ef71d7e0f0afc78a125ca9aa9916d7","signature_hex":"bde4723c1402822e8a3657d1021b356a9e60ab620c3e51b6e296054231e06362a51fb1a223adc8eada2c4b1e1044058fbd74cd845299ea20b422a3c8b06dd40a","public_key_hex":"c2f8243b0d573587f285c830a868acd19249d17d59ecbf9329e796dfed6fb630"}
{"seq":34,"ts":1780408800000,"agent_id":"baseline-momentum","symbol":"RAAPLUSDT","side":"buy","price":310.66517781144,"quantity":6.437799093189361,"notional_usd":2000.0,"fee_usd":1.2,"balance_before_usd":10375.14790297986,"balance_after_usd":10373.348042949865,"decision":"ALLOW_CAPPED","cert_hash":"92bcfb86f842c639f53e93185dd6217565f035fe96e89e726520f1b849fb4570","prev_hash":"ac3783082d46ec62bfbe3073a1c8d51133ef71d7e0f0afc78a125ca9aa9916d7","record_hash":"a837988af5363d20a069cccf1d25ccb863f436583812f4f6e2974a34437d625e","signature_hex":"0d2a603066be9c7a987935f6d72d952bd6141d2a8e1c8b8d2dece0cee95f3c32e5e70574ffd3423a3b33a96f9088097cbfea7c3a6074594e66a78d6fcce2440b","public_key_hex":"c2f8243b0d573587f285c830a868acd19249d17d59ecbf9329e796dfed6fb630"}
{"seq":35,"ts":1780412400000,"agent_id":"baseline-momentum","symbol":"RAAPLUSDT","side":"buy","price":312.53173764875993,"quantity":6.399350078959687,"notional_usd":2000.0,"fee_usd":1.2,"balance_before_usd":10385.359181691112,"balance_after_usd":10383.55932166112,"decision":"ALLOW_CAPPED","cert_hash":"7a34d2e3c0c03307c33bfb41f3c05146a515d298e2e7c02bd3d9ccb22b2dca5d","prev_hash":"a837988af5363d20a069cccf1d25ccb863f436583812f4f6e2974a34437d625e","record_hash":"7da1adf292f50ae9a742f63bb8a8914fc7ba95642a3cd2e7ee6773418dface7e","signature_hex":"4f573499d994b6741a4b0374501808f169e79664c53c10cafed4271eb901d4bef1ea173a577e610908f25a13663aa42c0f44f151022d178cc8b94257c2b4c707","public_key_hex":"c2f8243b0d573587f285c830a868acd19249d17d59ecbf9329e796dfed6fb630"}
{"seq":36,"ts":1780416000000,"agent_id":"baseline-momentum","symbol":"RAAPLUSDT","side":"buy","price":314.4232474069293,"quantity":3.718067448164892,"notional_usd":1169.04684113,"fee_usd":0.7014281046780001,"balance_before_usd":10407.999422777018,"balance_after_usd":10406.99591133339,"decision":"ALLOW","cert_hash":"2a7ff5a953e42a862bfe09e7e6880c84e78436619f1ee8b4e5a5ed1fab7c6c66","prev_hash":"7da1adf292f50ae9a742f63bb8a8914fc7ba95642a3cd2e7ee6773418dface7e","record_hash":"ae589c3b0474b685a253d3aa8e2654fd4b48480328e3b28974563af321b0537f","signature_hex":"f581ad82ec9fd01123e040fe77eaa120077ab10c669da5a8b6ecc1f136f5ec87296edaec6db02031ebf47a2008f70040fd6da48ec9ecf060721ca0a80e9dc305","public_key_hex":"c2f8243b0d573587f285c830a868acd19249d17d59ecbf9329e796dfed6fb630"}
{"seq":37,"ts":1780495200000,"agent_id":"baseline-momentum","symbol":"RAAPLUSDT","side":"sell","price":311.40655623000004,"quantity":6.422472359646889,"notional_usd":2000.0,"fee_usd":1.2,"balance_before_usd":10359.948718597709,"balance_after_usd":10358.148578567701,"decision":"ALLOW_CAPPED","cert_hash":"8881eefd21c0cc6d719d8b08f729c53cd05a53ea7599cfcf6e755fe93c15a63d","prev_hash":"ae589c3b0474b685a253d3aa8e2654fd4b48480328e3b28974563af321b0537f","record_hash":"7757d5f86c9ad6b982fae8674c6b45b9637576a3c77a01ddbd488efe0ace3d80","signature_hex":"a003d75f7cc4f0eec16c0a7a100160dabcb3297043aad8171e532fd9cb2d7c98c9f5f3d57d59beedff0816d2f81798800937609a3c6e6270b08770cf3eb44f0b","public_key_hex":"c2f8243b0d573587f285c830a868acd19249d17d59ecbf9329e796dfed6fb630"}
{"seq":38,"ts":1780498800000,"agent_id":"baseline-momentum","symbol":"RAAPLUSDT","side":"sell","price":311.34757392882,"quantity":6.423689045533524,"notional_usd":2000.0,"fee_usd":1.2,"balance_before_usd":10357.550803391388,"balance_after_usd":10355.75066336138,"decision":"ALLOW_CAPPED","cert_hash":"259f11a6e54dbac115865d47a515e256a7a22364f6170f5585b6a4871870f665","prev_hash":"7757d5f86c9ad6b982fae8674c6b45b9637576a3c77a01ddbd488efe0ace3d80","record_hash":"fa1bddde08077c56ca1f7105f3f79b5e58a6e92ce2853c75c4dd1a93e9faaaa5","signature_hex":"eb2143b88c58bd551c9a1c8ec62ea16b4a329651b19b2199bdb551ba482bf97de4a734694134f91fbf1242d3bd8efe8fd988292c8c64d793c5ad948ce2d5740a","public_key_hex":"c2f8243b0d573587f285c830a868acd19249d17d59ecbf9329e796dfed6fb630"}
{"seq":39,"ts":1780502400000,"agent_id":"baseline-momentum","symbol":"RAAPLUSDT","side":"sell","price":310.2100961468536,"quantity":3.7090487338468603,"notional_usd":1150.58436434,"fee_usd":0.690350618604,"balance_before_usd":10351.482647623341,"balance_after_usd":10350.495929719395,"decision":"ALLOW","cert_hash":"90bf6ce62f091bfa76249c5c87298d2710d754567b05405a47b84aa4b1392439","prev_hash":"fa1bddde08077c56ca1f7105f3f79b5e58a6e92ce2853c75c4dd1a93e9faaaa5","record_hash":"a70e0c3f79da877ded2a63c9f7fe800248f56315b8787798115c9b5567a34c0f","signature_hex":"4682edc8d61e17603dd15f7cdba1039a9ea756c235cb3465c880c24da8a0930c6ae4995deed76e2c0948af43c32e7e9a3bcfb01f27f83f68ed8030ea94c56102","public_key_hex":"c2f8243b0d573587f285c830a868acd19249d17d59ecbf9329e796dfed6fb630"}
{"seq":40,"ts":1780574400000,"agent_id":"baseline-momentum","symbol":"RAAPLUSDT","side":"buy","price":313.3189737645,"quantity":6.383271258584104,"notional_usd":2000.0,"fee_usd":1.2,"balance_before_usd":10350.493126412874,"balance_after_usd":10348.693266382877,"decision":"ALLOW_CAPPED","cert_hash":"170f7da997bdae182f6b405bdeafe3e996ba1ea287fd7715c37be263b2db1877","prev_hash":"a70e0c3f79da877ded2a63c9f7fe800248f56315b8787798115c9b5567a34c0f","record_hash":"aaf146b3ae890ac0167099f0a0e0f9405334de589ebefaaf4338e17bc577a7bc","signature_hex":"7d6faf6c746398076306d956e271d63561fbc40ca2069eefb1457222c5b89f0080b616a7203aa53ea97fa159fa82e099095753d8aa2121e84f10c9ed7ccc2b0c","public_key_hex":"c2f8243b0d573587f285c830a868acd19249d17d59ecbf9329e796dfed6fb630"}
{"seq":41,"ts":1780578000000,"agent_id":"baseline-momentum","symbol":"RAAPLUSDT","side":"buy","price":312.42070434654,"quantity":6.4016243871647545,"notional_usd":2000.0,"fee_usd":1.2,"balance_before_usd":10342.961946499401,"balance_after_usd":10341.162086469407,"decision":"ALLOW_CAPPED","cert_hash":"3a471fd2ef7f2f4487f5a5af5bad3d94bbfe9cfca4432294273fc5a4ab8ea2c0","prev_hash":"aaf146b3ae890ac0167099f0a0e0f9405334de589ebefaaf4338e17bc577a7bc","record_hash":"c41bbfe86922a9ba662e50883cc90a6e1414b75002647e7227a6b97e646e1db6","signature_hex":"055df9caaa4274ba6055a7faf60d1bb81563ca60de32fc626a51f982f927b76af261e06c6a07e73d9ce28140adf0821935921bbde9a1822363bd561ec338a60d","public_key_hex":"c2f8243b0d573587f285c830a868acd19249d17d59ecbf9329e796dfed6fb630"}
{"seq":42,"ts":1780596000000,"agent_id":"baseline-momentum","symbol":"RAAPLUSDT","side":"sell","price":311.63348813453996,"quantity":6.41779550706229,"notional_usd":2000.0,"fee_usd":1.2,"balance_before_usd":10333.491722159952,"balance_after_usd":10331.691582129946,"decision":"ALLOW_CAPPED","cert_hash":"eb143878da696a6e24e8ea6c41ecb3a43fe859be61c44ecb6647009ee2938820","prev_hash":"c41bbfe86922a9ba662e50883cc90a6e1414b75002647e7227a6b97e646e1db6","record_hash":"b8bc5bb07a78e42919242e9b1e09c48b379d170d912f97a9e67734f73fc6c363","signature_hex":"a7d5f98f425be69f4f5ff64924734559d0e41168fed3c4ffb290d519eae12681c1bc19efa55cdb674e7544965c80ff66dd18b2a4dd053c6533c5453de9c3d008","public_key_hex":"c2f8243b0d573587f285c830a868acd19249d17d59ecbf9329e796dfed6fb630"}
{"seq":43,"ts":1780599600000,"agent_id":"baseline-momentum","symbol":"RAAPLUSDT","side":"sell","price":311.0469634728684,"quantity":6.368049171400368,"notional_usd":1980.76235801,"fee_usd":1.188457414806,"balance_before_usd":10327.954655009842,"balance_after_usd":10326.173736415525,"decision":"ALLOW","cert_hash":"89a0fd4d0e2688a6fb3250a71bab67fcf330bb6dfae1d6e0097b6a3ca25dca6d","prev_hash":"b8bc5bb07a78e42919242e9b1e09c48b379d170d912f97a9e67734f73fc6c363","record_hash":"73ca877ac2c4b42f1e7927a6d61ebdfa2272d3b09e18a0100a87270e34ec797a","signature_hex":"168e23f98b2b6b13c30c569543ac34c5b995910a82544ad9ee74c8684089155bf1d60053dcda9ae7c8caf90ef97cd79e9e0646514fa8a8e1e48236c0f5c50902","public_key_hex":"c2f8243b0d573587f285c830a868acd19249d17d59ecbf9329e796dfed6fb630"}
{"seq":44,"ts":1780664400000,"agent_id":"baseline-momentum","symbol":"RAAPLUSDT","side":"buy","price":313.73609887284,"quantity":6.3747844356623355,"notional_usd":2000.0,"fee_usd":1.2,"balance_before_usd":10326.16897220044,"balance_after_usd":10324.369112170445,"decision":"ALLOW_CAPPED","cert_hash":"aa1153b319b06ef0045b4950459c2ff320f70af2a1e03886850dfd6d6e14bcd2","prev_hash":"73ca877ac2c4b42f1e7927a6d61ebdfa2272d3b09e18a0100a87270e34ec797a","record_hash":"c7d45ce67f62c74eb17a0d2b4d856a29d7451ce708e1da6514e0490e2f82cd23","signature_hex":"c6014c482d7b7f82c567635bcbb692a893fbe612d8fc5e938861bf4fa5c0d39adff979f7c4befb48363cf289f1343fbb02a360fcc94c36c92c7f70a6c148d907","public_key_hex":"c2f8243b0d573587f285c830a868acd19249d17d59ecbf9329e796dfed6fb630"}
{"seq":45,"ts":1780686000000,"agent_id":"baseline-momentum","symbol":"RAAPLUSDT","side":"sell","price":307.28842381275143,"quantity":6.3747794791438945,"notional_usd":1958.8959383,"fee_usd":1.1753375629799998,"balance_before_usd":10284.462135901182,"balance_after_usd":10282.703020338951,"decision":"ALLOW","cert_hash":"1b3bd9b15eaad664accbafbd9ac5fe70d09732265a66b36f01818a6a8e92b8e5","prev_hash":"c7d45ce67f62c74eb17a0d2b4d856a29d7451ce708e1da6514e0490e2f82cd23","record_hash":"c5ffd94f8fb02f1049c8b827f276a6219cca08f6aa97e9c8748e6627638a2480","signature_hex":"9b05e5d93122a67fc57c3d52c5c8a7655d54541f2e749609cbb6abf2b9b11bc067f5b984a3c8fea6d1ee7790091db0955f6f4ebefafb585c3b6e6400de532e08","public_key_hex":"c2f8243b0d573587f285c830a868acd19249d17d59ecbf9329e796dfed6fb630"}
{"seq":46,"ts":1780927200000,"agent_id":"baseline-momentum","symbol":"RAAPLUSDT","side":"buy","price":315.35258370516,"quantity":6.3421075435675105,"notional_usd":2000.0,"fee_usd":1.2,"balance_before_usd":10282.68805839262,"balance_after_usd":10280.888198362625,"decision":"ALLOW_CAPPED","cert_hash":"f61b602b38354a7f140111fd3be93f3885231e806e4fab1eab388c56ce9bb543","prev_hash":"c5ffd94f8fb02f1049c8b827f276a6219cca08f6aa97e9c8748e6627638a2480","record_hash":"c41d85fa5d63d8e5fe0a9ad3cf665f2c69d5897e42fed22c1d6478f74e2735eb","signature_hex":"e451f4d0092c86fd31fc9b6425a482d476ebf8d5a31a2d7c82e5e0a5aa8cc424529dbaa01b9cb0f6fd58a11000faf6b477e4a1d8a70984c9d706dac222039607","public_key_hex":"c2f8243b0d573587f285c830a868acd19249d17d59ecbf9329e796dfed6fb630"}
{"seq":47,"ts":1780930800000,"agent_id":"baseline-momentum","symbol":"RAAPLUSDT","side":"buy","price":313.69008507191995,"quantity":6.375719524388087,"notional_usd":2000.0,"fee_usd":1.2,"balance_before_usd":10270.350772105896,"balance_after_usd":10268.550912075903,"decision":"ALLOW_CAPPED","cert_hash":"b962b923937e12d1ddd1d7cf89deae4efea7f605271117fb396b764475630488","prev_hash":"c41d85fa5d63d8e5fe0a9ad3cf665f2c69d5897e42fed22c1d6478f74e2735eb","record_hash":"d97387f96ee5d4e2a3c4e470e5cab1b31f77f7b30c886e35efad289e20ea047b","signature_hex":"3b567d19d1a99b5b81e1d4675e8325b63192e8fb4724593a96bfc016575358340a3344398c77f4d85ecee4b24b5de3a1357820a3e596f3e8baf93ea8003b120f","public_key_hex":"c2f8243b0d573587f285c830a868acd19249d17d59ecbf9329e796dfed6fb630"}
{"seq":48,"ts":1780934400000,"agent_id":"baseline-momentum","symbol":"RAAPLUSDT","side":"buy","price":313.6366964640509,"quantity":3.6566692411627733,"notional_usd":1146.86566086,"fee_usd":0.688119396516,"balance_before_usd":10268.042274961434,"balance_after_usd":10267.05907528695,"decision":"ALLOW","cert_hash":"ccb0bbd236405434167666dffb0656d7d5c7eca85b780e9d93c1c9f6abbacd34","prev_hash":"d97387f96ee5d4e2a3c4e470e5cab1b31f77f7b30c886e35efad289e20ea047b","record_hash":"4c4d2c54d8dece001f93ae486bef2c67464bae93502acb016b64a31297c9086f","signature_hex":"55beffc5eb9d221106f69e6ffe036df57adf0f246950fab92e1d2018960b9998d24e6e61e71bbcc945edfc2bc748b1f3252b4838741eccf4103c65aac2ce4803","public_key_hex":"c2f8243b0d573587f285c830a868acd19249d17d59ecbf9329e796dfed6fb630"}
{"seq":49,"ts":1780941600000,"agent_id":"baseline-momentum","symbol":"RAAPLUSDT","side":"sell","price":303.78184417746,"quantity":6.583671928832131,"notional_usd":2000.0,"fee_usd":1.2,"balance_before_usd":10108.523217539254,"balance_after_usd":10106.723077509248,"decision":"ALLOW_CAPPED","cert_hash":"12e8d4aed584f5fcecafb9a72f9cd53b8433ad3df9213af58554688d11388daf","prev_hash":"4c4d2c54d8dece001f93ae486bef2c67464bae93502acb016b64a31297c9086f","record_hash":"54b3f30471f5f7626ba9c5266ad4e6da887afbe71023e8ab347c90ebf1cd1be0","signature_hex":"e8ded67b295856fe9907b042858185fe15dd17c839e9359f5d2988a7740ee39fd76f0023954be0fbafc3f83399d0f6c73f505f38b59d493a02516ce979435801","public_key_hex":"c2f8243b0d573587f285c830a868acd19249d17d59ecbf9329e796dfed6fb630"}
{"seq":50,"ts":1780945200000,"agent_id":"baseline-momentum","symbol":"RAAPLUSDT","side":"sell","price":301.43854733058,"quantity":6.634851506919754,"notional_usd":2000.0,"fee_usd":1.2,"balance_before_usd":10083.777836901158,"balance_after_usd":10081.97769687115,"decision":"ALLOW_CAPPED","cert_hash":"6394b4337120d7648aa5e30badf6cb22d7ff2b835e66b336098ffbd21c231d0f","prev_hash":"54b3f30471f5f7626ba9c5266ad4e6da887afbe71023e8ab347c90ebf1cd1be0","record_hash":"40331326ce2327ca7a6466554124cad0498be3a45b3e243903f7ad45874762e8","signature_hex":"7e5c272d55fc76e43422a58ab3f0c8bbe040ed888a1fd6b2182881b44fbe2a188876d82414c6de3b5a68c41baf49915349b4d9fab569de21572fc458b6ca0a08","public_key_hex":"c2f8243b0d573587f285c830a868acd19249d17d59ecbf9329e796dfed6fb630"}
{"seq":51,"ts":1780948800000,"agent_id":"baseline-momentum","symbol":"RAAPLUSDT","side":"sell","price":300.54462866831017,"quantity":3.1548541591020514,"notional_usd":948.17447175,"fee_usd":0.56890468305,"balance_before_usd":10079.107489834016,"balance_after_usd":10078.303954445866,"decision":"ALLOW","cert_hash":"111c02cbdeabae3a7a8bf85c57b8e80e10da8fe7153a050311bc9f93633b182f","prev_hash":"40331326ce2327ca7a6466554124cad0498be3a45b3e243903f7ad45874762e8","record_hash":"c9821fcd25503ce1beab34ee3256adcd3c7e82e5f1b418fdbfabc039010a14f6","signature_hex":"463bef8656b3336334aa2028abf9bb74cb320764210373ea1590d279dc286ab9716abcad578005825909c50f9350ca30fd1318653a5ce42f38966407b2b31e0c","public_key_hex":"c2f8243b0d573587f285c830a868acd19249d17d59ecbf9329e796dfed6fb630"}
{"seq":52,"ts":1781110800000,"agent_id":"baseline-momentum","symbol":"RAAPLUSDT","side":"buy","price":294.11521398054,"quantity":6.800056253235269,"notional_usd":2000.0,"fee_usd":1.2,"balance_before_usd":10078.309099448612,"balance_after_usd":10076.50923941862,"decision":"ALLOW_CAPPED","cert_hash":"582cd99aec3daabdbf18bb5f0b3027ca4f96f65f38609a5dd8f06fb993677250","prev_hash":"c9821fcd25503ce1beab34ee3256adcd3c7e82e5f1b418fdbfabc039010a14f6","record_hash":"be5af48ab8cca6386ca6fa963291af2cf8e57318c516afde2b5a6d2a69c2239b","signature_hex":"bd80bf013a019a692c29d511e948f983a38d5e1999a201d2fee2d798617795ded32601150a8fcefc0d768fa2380a2eb6637558c4a060ea303259608bf6ce7005","public_key_hex":"c2f8243b0d573587f285c830a868acd19249d17d59ecbf9329e796dfed6fb630"}
{"seq":53,"ts":1781146800000,"agent_id":"baseline-momentum","symbol":"RAAPLUSDT","side":"buy","price":293.4980288682,"quantity":6.814355815991297,"notional_usd":2000.0,"fee_usd":1.2,"balance_before_usd":10072.31408627389,"balance_after_usd":10070.514226243895,"decision":"ALLOW_CAPPED","cert_hash":"fed94af0fa1422323be65fd43779278f8bb8fe35fd19a95bd056e1f4bd5d79b1","prev_hash":"be5af48ab8cca6386ca6fa963291af2cf8e57318c516afde2b5a6d2a69c2239b","record_hash":"3ac9cfe8b4f41698112e66de68894b7325554d446dbe7ab1036847e6bd9a4f01","signature_hex":"61303e0f01a09e442f0430ac23abd0fe9e883dc5897bccec6586373c8b9c3a55713d7b2736e626a338c12f2a8a855c75e696fbc43e738fae687cdd71e0e8960e","public_key_hex":"c2f8243b0d573587f285c830a868acd19249d17d59ecbf9329e796dfed6fb630"}
{"seq":54,"ts":1781150400000,"agent_id":"baseline-momentum","symbol":"RAAPLUSDT","side":"buy","price":293.6539825752068,"quantity":3.5406443468673867,"notional_usd":1039.72431334,"fee_usd":0.623834588004,"balance_before_usd":10072.828543612037,"balance_after_usd":10071.942763037361,"decision":"ALLOW","cert_hash":"a005c18d09ee33e8f15e9fdf4766e7e055275047f1a4f347c75a9a14feec01fb","prev_hash":"3ac9cfe8b4f41698112e66de68894b7325554d446dbe7ab1036847e6bd9a4f01","record_hash":"005efeb66329a3df7a72602476fcb24bbdc3aec7a899630adcb555322a28ef4e","signature_hex":"90871ded35b2a089186a868703cc5dac3806df32fba4d7ed1bab23624c7357416136623d02998a2d71514eef0f152f4c4c713f44dace33a9a718c00aca3dbf05","public_key_hex":"c2f8243b0d573587f285c830a868acd19249d17d59ecbf9329e796dfed6fb630"}
{"seq":55,"ts":1781182800000,"agent_id":"baseline-momentum","symbol":"RAAPLUSDT","side":"sell","price":291.5325198324,"quantity":6.860298127803327,"notional_usd":2000.0,"fee_usd":1.2,"balance_before_usd":10038.320382225982,"balance_after_usd":10036.520242195977,"decision":"ALLOW_CAPPED","cert_hash":"7102505928d079104301efd0030300eedbd3d87a0f41ca02da86409eaa234e14","prev_hash":"005efeb66329a3df7a72602476fcb24bbdc3aec7a899630adcb555322a28ef4e","record_hash":"e956ce568c0e2118dde104f07a3d6f90fddb568cea78741b1f63075303a51d0b","signature_hex":"4e4335c53a71c8636fd8670dfd67abe0d7c8a204c171b9451e32421f45da93997e4448597e6910bcb95406748794d65be90bc3c5786ff6f588eec5befe05c200","public_key_hex":"c2f8243b0d573587f285c830a868acd19249d17d59ecbf9329e796dfed6fb630"}
{"seq":56,"ts":1781186400000,"agent_id":"baseline-momentum","symbol":"RAAPLUSDT","side":"sell","price":289.81603489806,"quantity":6.900929414424846,"notional_usd":2000.0,"fee_usd":1.2,"balance_before_usd":10018.845482319612,"balance_after_usd":10017.045342289604,"decision":"ALLOW_CAPPED","cert_hash":"d61695fb65c48bf4e2dbf56fd620d5b83cecebbbb9ecf85704c863f0c522d488","prev_hash":"e956ce568c0e2118dde104f07a3d6f90fddb568cea78741b1f63075303a51d0b","record_hash":"5a2652d9f8d7a9ced7ab890e57a0ec624c73f2dfd76f2ab2d90c134a0646f9ec","signature_hex":"19d244724f34c28a793578c155f873ea8c0a78e39d758c9513e463a72422b3a1b19f7771ad1eaf38751c88ba98614f10a46aa82657c73f0b57c622ecbb562007","public_key_hex":"c2f8243b0d573587f285c830a868acd19249d17d59ecbf9329e796dfed6fb630"}
{"seq":57,"ts":1781197200000,"agent_id":"baseline-momentum","symbol":"RAAPLUSDT","side":"buy","price":295.88074351584,"quantity":6.759480107541807,"notional_usd":2000.0,"fee_usd":1.2,"balance_before_usd":10037.027004210875,"balance_after_usd":10035.22714418088,"decision":"ALLOW_CAPPED","cert_hash":"25cc82b7d76c2eeee4f5394ea17e1948954b946e0aa6d547b721bd7cb4d8ce9d","prev_hash":"5a2652d9f8d7a9ced7ab890e57a0ec624c73f2dfd76f2ab2d90c134a0646f9ec","record_hash":"fa358b6cf07e428feb3893d8580ef736093e0bede6e080132947a5b55a380d07","signature_hex":"2ece57d594575b64b8d21aeba669e6beeb456e149537de358010fb83ed09f7f6cb6ac0bedd6c45ad5ee0fc74a74e071f8904102d0cfd75894d152173d4f17c09","public_key_hex":"c2f8243b0d573587f285c830a868acd19249d17d59ecbf9329e796dfed6fb630"}
{"seq":58,"ts":1781200800000,"agent_id":"baseline-momentum","symbol":"RAAPLUSDT","side":"buy","price":295.27656230376,"quantity":6.773311042352692,"notional_usd":2000.0,"fee_usd":1.2,"balance_before_usd":10029.095016973231,"balance_after_usd":10027.295156943239,"decision":"ALLOW_CAPPED","cert_hash":"1dab4b5270fe14d3d628abe154856fdb2c6e3cc8c3c4311703578e719a258e33","prev_hash":"fa358b6cf07e428feb3893d8580ef736093e0bede6e080132947a5b55a380d07","record_hash":"c1f179def4b09a2815c7baed97be50049ed65212b7a6cfbf5891ed339983b8cc","signature_hex":"cd1d7875ba573a37c1a9b1ebe1070e71e48850536e4ac2a7a6b165544645e9fb5af1a4441dba88a6daf88444a160ce43783e7670fb7fb5bcade2bb282deba904","public_key_hex":"c2f8243b0d573587f285c830a868acd19249d17d59ecbf9329e796dfed6fb630"}
{"seq":59,"ts":1781269200000,"agent_id":"baseline-momentum","symbol":"RAAPLUSDT","side":"sell","price":290.99068242155994,"quantity":6.873072303746785,"notional_usd":2000.0,"fee_usd":1.2,"balance_before_usd":9957.729956467381,"balance_after_usd":9955.929816437374,"decision":"ALLOW_CAPPED","cert_hash":"5c0af6a47dc9e647fc5af330ecbd231a840710355ab6db59f92d7537d2879544","prev_hash":"c1f179def4b09a2815c7baed97be50049ed65212b7a6cfbf5891ed339983b8cc","record_hash":"2bdcaed5e71fcd8ec633efd689152e3468fa6c2b9b0f5d07083737123d1b50a0","signature_hex":"f46da6d3cbe24f877fd60c5c24b444ad86f7e3add84c0bee8ef949e8d2420e3a4b16e21c7fb5ed223b8b40b5851fd51d1dcb81643e0fed2d614e7def0b337d0a","public_key_hex":"c2f8243b0d573587f285c830a868acd19249d17d59ecbf9329e796dfed6fb630"}
{"seq":60,"ts":1781272800000,"agent_id":"baseline-momentum","symbol":"RAAPLUSDT","side":"sell","price":291.64048743456004,"quantity":6.857758391481126,"notional_usd":2000.0,"fee_usd":1.2,"balance_before_usd":9962.464115135634,"balance_after_usd":9960.663975105628,"decision":"ALLOW_CAPPED","cert_hash":"04aa5bc2280c36eca14b805f7b6603ae2e470bfd47819368d34ff48c5baac7cd","prev_hash":"2bdcaed5e71fcd8ec633efd689152e3468fa6c2b9b0f5d07083737123d1b50a0","record_hash":"d3d9ac409c760395005645d97789ffe4dab1acb005092d715d04870b474f4507","signature_hex":"5c63036f3fa16771389463fa93e0e6e7be5955379348e7e36f25c89560ba2f6c1733556edc640ab5454d40e69029a8e8be64ca87d3605313fa222cc040bf8106","public_key_hex":"c2f8243b0d573587f285c830a868acd19249d17d59ecbf9329e796dfed6fb630"}
{"seq":61,"ts":1781276400000,"agent_id":"baseline-momentum","symbol":"RAAPLUSDT","side":"sell","price":291.2681768122964,"quantity":3.1957966869132512,"notional_usd":930.83387446,"fee_usd":0.558500324676,"balance_before_usd":9959.424311677023,"balance_after_usd":9958.636279047041,"decision":"ALLOW","cert_hash":"71ae3b861d87ea4636efbcf3ad1807eb550996ebec5524f0a5e1fd9a7ca49d25","prev_hash":"d3d9ac409c760395005645d97789ffe4dab1acb005092d715d04870b474f4507","record_hash":"e34a13dc2df0a1e5408a99348d02c73f0237b01ef97ad41db7752ce903bc81a2","signature_hex":"b9abaaf5a96bc6ca9d935e820d843859f14780a281baf0966ad8d4f12c4721bded8ec24e29d7d18be4e55db56364f4ed3a9aed8a84cf11cc2ad3fd6739a88c01","public_key_hex":"c2f8243b0d573587f285c830a868acd19249d17d59ecbf9329e796dfed6fb630"}
{"seq":62,"ts":1781503200000,"agent_id":"baseline-momentum","symbol":"RAAPLUSDT","side":"buy","price":293.8781428758,"quantity":6.805541849518384,"notional_usd":2000.0,"fee_usd":1.2,"balance_before_usd":9958.6343488138,"balance_after_usd":9956.834488783807,"decision":"ALLOW_CAPPED","cert_hash":"1e6f29fed814731bf3a9463b4a0def41e42fd25b06d2c242e103792ed547879e","prev_hash":"e34a13dc2df0a1e5408a99348d02c73f0237b01ef97ad41db7752ce903bc81a2","record_hash":"7b8773ff4bb61e52d22120122f2693d57cd45b225c77e36c2501edbc43b8ba3b","signature_hex":"73cb94108ef3cb5ed5f9c7789dbe180704ef825ee605dbcdf96654dd5cf273858a0eaa7a1f1c95412b0cf21dcd637519f28de89b12979297367e7a8534c8460c","public_key_hex":"c2f8243b0d573587f285c830a868acd19249d17d59ecbf9329e796dfed6fb630"}
{"seq":63,"ts":1781514000000,"agent_id":"baseline-momentum","symbol":"RAAPLUSDT","side":"buy","price":293.838130875,"quantity":6.806468561600021,"notional_usd":2000.0,"fee_usd":1.2,"balance_before_usd":9956.562298623838,"balance_after_usd":9954.762438593845,"decision":"ALLOW_CAPPED","cert_hash":"60203fe3faf0a88b1c012296745d6e3dd9ca90f3f979af0ed5c49c826dbb56dc","prev_hash":"7b8773ff4bb61e52d22120122f2693d57cd45b225c77e36c2501edbc43b8ba3b","record_hash":"3998688879062ea98a3a197bf5e07c1180c5ff642058ede759f42ce5bfdcb1b7","signature_hex":"adbf086ecfaa471f94aa501c3e417e23be7f3caecb513bdee21b459f779c2b5c6e18aacf73613a79a3fd7a08363e17ef23a62f39945eaa34cab85e06e0707e01","public_key_hex":"c2f8243b0d573587f285c830a868acd19249d17d59ecbf9329e796dfed6fb630"}
{"seq":64,"ts":1781517600000,"agent_id":"baseline-momentum","symbol":"RAAPLUSDT","side":"buy","price":293.36806681424304,"quantity":3.3479483839388178,"notional_usd":982.18114519,"fee_usd":0.589308687114,"balance_before_usd":9948.569332328674,"balance_after_usd":9947.735399718895,"decision":"ALLOW","cert_hash":"a3bcfa151131501454ed377f5a290a3799f7dbbc35ca80221249193932b1a8be","prev_hash":"3998688879062ea98a3a197bf5e07c1180c5ff642058ede759f42ce5bfdcb1b7","record_hash":"44a57d347ea84638596e7787f696b77c2e01f1f74183074cfbcb10a5a4086b98","signature_hex":"e2d52b32b09583ba159723fd5c4d1226296bd31dd7b88e09c96d57c15e271a40e767213169aee929e3931806944b98f34a29154074bfed01e7199d1116c4b90c","public_key_hex":"c2f8243b0d573587f285c830a868acd19249d17d59ecbf9329e796dfed6fb630"}
{"seq":65,"ts":1781719200000,"agent_id":"baseline-momentum","symbol":"RAAPLUSDT","side":"sell","price":294.52762109232,"quantity":6.7905345942854645,"notional_usd":2000.0,"fee_usd":1.2,"balance_before_usd":9970.138464536918,"balance_after_usd":9968.33832450691,"decision":"ALLOW_CAPPED","cert_hash":"bcb0e060fb4fbe7dab3f4e1ae66101d74be68a0fc098dfb154cd36042f06787c","prev_hash":"44a57d347ea84638596e7787f696b77c2e01f1f74183074cfbcb10a5a4086b98","record_hash":"455285fcea557b2917f94abf002c5a648afa9be14a87ca824aac93e866560e19","signature_hex":"470c54787ab25e1b27ffd1528710ea64b5183b019d57f1aa3ab423968dadb06369c61647e28e4d09235edf3e10d036691228328a117bf0be8f40785b14aff109","public_key_hex":"c2f8243b0d573587f285c830a868acd19249d17d59ecbf9329e796dfed6fb630"}
{"seq":66,"ts":1781722800000,"agent_id":"baseline-momentum","symbol":"RAAPLUSDT","side":"sell","price":295.8012389178,"quantity":6.761296900976736,"notional_usd":2000.0,"fee_usd":1.2,"balance_before_usd":9981.293167217409,"balance_after_usd":9979.4930271874,"decision":"ALLOW_CAPPED","cert_hash":"d1875cdea02920dcb09f9c56265baf8594186761b8037615059d3af8375bfe0d","prev_hash":"455285fcea557b2917f94abf002c5a648afa9be14a87ca824aac93e866560e19","record_hash":"748915976c1a635d3a0b4f1e241d6b5a6c348ceb51390dbf3d527c388643daaa","signature_hex":"b85a40178dadbd5e0257ff7e3d40639c2e5be0c589a799955fc887659696ecfedc3b1592ea539d8bf8a449e780815f2d469218344b6e0e8d9c7d38735f79d202","public_key_hex":"c2f8243b0d573587f285c830a868acd19249d17d59ecbf9329e796dfed6fb630"}
{"seq":67,"ts":1781726400000,"agent_id":"baseline-momentum","symbol":"RAAPLUSDT","side":"sell","price":295.6959467635626,"quantity":3.408192773727211,"notional_usd":1007.78878898,"fee_usd":0.604673273388,"balance_before_usd":9979.084146453462,"balance_after_usd":9978.227085474777,"decision":"ALLOW","cert_hash":"836d92c5424b986b837150c9ad4e594e84e42276c387657eaf13903ac75f9a75","prev_hash":"748915976c1a635d3a0b4f1e241d6b5a6c348ceb51390dbf3d527c388643daaa","record_hash":"59730a9ad69837a5913990f11a40425f0c7edb61e99b994eea57eb849c99f2f1","signature_hex":"ab1901dcf94db94bb09c1eb2dc3bab3c175c0beea72891a35a24c5140102754869dfa32dadfbc6f12a62d9c11dccfca748e40bb6b4f672790e6f612124f58c0a","public_key_hex":"c2f8243b0d573587f285c830a868acd19249d17d59ecbf9329e796dfed6fb630"}
{"seq":68,"ts":1781791200000,"agent_id":"baseline-momentum","symbol":"RAAPLUSDT","side":"buy","price":299.30777138436,"quantity":6.682085101731868,"notional_usd":2000.0,"fee_usd":1.2,"balance_before_usd":9978.224143212816,"balance_after_usd":9976.424283182823,"decision":"ALLOW_CAPPED","cert_hash":"c8d372eea7dfa8c30e59ae99fd08de2436b16b96fd3eefa6083b67a0a7e6568b","prev_hash":"59730a9ad69837a5913990f11a40425f0c7edb61e99b994eea57eb849c99f2f1","record_hash":"ae73dcaa0c79371b7fb32066a008fae91549b997df37c938bde06a14434b709a","signature_hex":"ffa59bf34da163144de320f272ff87651d3f07bde80b743a9d5957e3350f4f4c19f26ecea903a8fba6ddf8377d0881dcfc8666f0df53c9660aa0b22f4d5ea107","public_key_hex":"c2f8243b0d573587f285c830a868acd19249d17d59ecbf9329e796dfed6fb630"}
{"seq":69,"ts":1781928000000,"agent_id":"baseline-momentum","symbol":"RAAPLUSDT","side":"buy","price":300.0299879988,"quantity":6.666000333300015,"notional_usd":2000.0,"fee_usd":1.2,"balance_before_usd":9981.248132526176,"balance_after_usd":9979.448272496182,"decision":"ALLOW_CAPPED","cert_hash":"2b3d54029ae2431d78f37a5b7b9320701ef9ff20f4de572ba09871e64ae26572","prev_hash":"ae73dcaa0c79371b7fb32066a008fae91549b997df37c938bde06a14434b709a","record_hash":"4e243dae0b5bb19f51e0d38ac55687cdf374068f2b3e622a8594e0dbf991cf2f","signature_hex":"78d0a435693d25fdcc6257efb4d2351bfd8f1b282df1b26a51ec3488a8055b122494acd24284122ddc8ffc3df8eeb075a6ab2c27d80d078fcd77f0ee738f960c","public_key_hex":"c2f8243b0d573587f285c830a868acd19249d17d59ecbf9329e796dfed6fb630"}
{"seq":70,"ts":1781931600000,"agent_id":"baseline-momentum","symbol":"RAAPLUSDT","side":"buy","price":299.8447594694407,"quantity":3.2933370368296933,"notional_usd":987.48985166,"fee_usd":0.592493910996,"balance_before_usd":9977.179243037346,"balance_after_usd":9976.340540996789,"decision":"ALLOW","cert_hash":"9932c51ddd5fd41678092f50a09afcb10231d4bc7d9830be4aab5a4e9531ed27","prev_hash":"4e243dae0b5bb19f51e0d38ac55687cdf374068f2b3e622a8594e0dbf991cf2f","record_hash":"a438f2b29a4aa3820fdfb5978918371364ef4f7f0e0ab2e60b200d456fd40884","signature_hex":"bb46947be0da137dfb025e6ca07db52b515b4ec008e4d48f8c928b31ba1d6d4d95989aec20f66ebd749c262b0cd4a411b597b6618aac369a87a560948edbbc0d","public_key_hex":"c2f8243b0d573587f285c830a868acd19249d17d59ecbf9329e796dfed6fb630"}
