{"seq":0,"ts":1781811000000,"agent_id":"persona-team","symbol":"RAAPLUSDT","side":"buy","price":297.2422245835114,"quantity":0.8570713148071759,"notional_usd":254.75778424,"fee_usd":0.152854670544,"balance_before_usd":10000.0,"balance_after_usd":9999.792957352538,"decision":"ALLOW","cert_hash":"c6ee8f5467bd0fe341476af35a010ba52aa4612369da372730b052cb5fac6930","prev_hash":"0000000000000000000000000000000000000000000000000000000000000000","record_hash":"73ab5590e109bd97d398bf51f9b680acdd05d8d35948e69bb559f556dafbbf45","signature_hex":"1bae5c52e75f5cc62951c67263e05c7ee13c35e126341ef43124f888f3849d40568d1877804061efc45f086b599b213ef44b78a92ac95665f2a5681ec6fd070f","public_key_hex":"c2f8243b0d573587f285c830a868acd19249d17d59ecbf9329e796dfed6fb630"}
{"seq":1,"ts":1781811240000,"agent_id":"persona-team","symbol":"RAAPLUSDT","side":"sell","price":297.20718683468255,"quantity":0.7611645869984759,"notional_usd":226.22358562,"fee_usd":0.13573415137199998,"balance_before_usd":9999.870950842185,"balance_after_usd":9999.687405533778,"decision":"ALLOW","cert_hash":"648b96ed0cbd8fd77dec6244a43713e9837b318afcc15902cce186e721a1e915","prev_hash":"73ab5590e109bd97d398bf51f9b680acdd05d8d35948e69bb559f556dafbbf45","record_hash":"0a8cda7972bd0e315a1550afcd6371e32e69c4fb0b077e9901d90aca0ad6cbc9","signature_hex":"b3fc1791066b73f122660a58889e18272ce29f0aeec968c8bc7e8b9b38f451de1275283016bdf733eb6dcf31c98410fac108d99847f8463cf3d620f0a4a21e02","public_key_hex":"c2f8243b0d573587f285c830a868acd19249d17d59ecbf9329e796dfed6fb630"}
{"seq":2,"ts":1781813820000,"agent_id":"persona-team","symbol":"RAAPLUSDT","side":"buy","price":298.21679480566036,"quantity":0.935914972199622,"notional_usd":279.10556322,"fee_usd":0.16746333793200002,"balance_before_usd":9999.772091174433,"balance_after_usd":9999.544921322733,"decision":"ALLOW","cert_hash":"66fe026ef5ff02d38da0a4af670e809839c966965fc1e5887b314271eed9a62b","prev_hash":"0a8cda7972bd0e315a1550afcd6371e32e69c4fb0b077e9901d90aca0ad6cbc9","record_hash":"c7ee236b2328203ce0349313583bdd79c118769b1dcfc45b5df3ae4cd7e04b98","signature_hex":"a61876958756721d7421b0d3f75be46ef23b038e2bb5bcfcc14ed59451f67b840cf19736b969aa24b877cbfa7feaf4e3ed55f4d3fb1d8408108ed7815964bf06","public_key_hex":"c2f8243b0d573587f285c830a868acd19249d17d59ecbf9329e796dfed6fb630"}
{"seq":3,"ts":1781815560000,"agent_id":"persona-team","symbol":"RAAPLUSDT","side":"sell","price":297.8917289316168,"quantity":0.8299877365737711,"notional_usd":247.24648184,"fee_usd":0.148347889104,"balance_before_usd":9999.340620626132,"balance_after_usd":9999.139758526191,"decision":"ALLOW","cert_hash":"47189d5cfb5a2833c63a6f1af680213cdd46835f0f29358850c9e2a20d6d65c4","prev_hash":"c7ee236b2328203ce0349313583bdd79c118769b1dcfc45b5df3ae4cd7e04b98","record_hash":"08941abd94ed056c525e004b411cc95b89f36db46f671eea7a736205b874168c","signature_hex":"1fcca417a9393c97b91a96d4d1f9bbd0e15f3d34b2200ea28b45d386fc3e6347bb67c476248ba048f00a67229f3cb53f076e89ba8155a786df06b5096d00180d","public_key_hex":"c2f8243b0d573587f285c830a868acd19249d17d59ecbf9329e796dfed6fb630"}
{"seq":4,"ts":1781815680000,"agent_id":"persona-team","symbol":"RAAPLUSDT","side":"buy","price":298.0099883898263,"quantity":0.9901401114918919,"notional_usd":295.07164313,"fee_usd":0.177042985878,"balance_before_usd":9999.13794202052,"balance_after_usd":9998.897541563203,"decision":"ALLOW","cert_hash":"83ca9d811d6ec27aea50e1c2953220c4523493e50537d79263cbd1fb97b965c4","prev_hash":"08941abd94ed056c525e004b411cc95b89f36db46f671eea7a736205b874168c","record_hash":"728f2d74007f47373e5efeea90b62b93f3735f64652149d7e9338e55dd1d22db","signature_hex":"14306431d87264c3b409a47f38c757d33b6672073c97c0c4cc70662869341b38732ddcaa3bed65671d39a6e13960fc2a9ea09b23ceea9e3ca43adab838935208","public_key_hex":"c2f8243b0d573587f285c830a868acd19249d17d59ecbf9329e796dfed6fb630"}
{"seq":5,"ts":1781815860000,"agent_id":"persona-team","symbol":"RAAPLUSDT","side":"buy","price":297.82575239908675,"quantity":0.7208949295368534,"notional_usd":214.70107479,"fee_usd":0.128820644874,"balance_before_usd":9998.679410307492,"balance_after_usd":9998.5053517763,"decision":"ALLOW","cert_hash":"73e45fb2020857b4124dbdaf6285f0320037a6b45043f77c17f56a06c6c488a1","prev_hash":"728f2d74007f47373e5efeea90b62b93f3735f64652149d7e9338e55dd1d22db","record_hash":"3496836e1e063b52c3a49267b75831109456a5d949bb1ca359ded691c041b95f","signature_hex":"0692628be0b26c4bc77f055d368be73d3648407c460850a2c971e9da1fc231a6f5b432063e049bd7e6d94a4be2cce21f169f081d270b13d6f101d7d8f8d8b80c","public_key_hex":"c2f8243b0d573587f285c830a868acd19249d17d59ecbf9329e796dfed6fb630"}
{"seq":6,"ts":1781816160000,"agent_id":"persona-team","symbol":"RAAPLUSDT","side":"sell","price":297.6804317601212,"quantity":0.6821262229410753,"notional_usd":203.05562856,"fee_usd":0.121833377136,"balance_before_usd":9998.46709439621,"balance_after_usd":9998.30258158193,"decision":"ALLOW","cert_hash":"42658857d0e67f3da7e9865a5721e05b751080538d63a6fcdf2609c65895bca6","prev_hash":"3496836e1e063b52c3a49267b75831109456a5d949bb1ca359ded691c041b95f","record_hash":"060df806494d611166f4f04d40ab6c017dd40d762e4f5df4d75557af73bc77fc","signature_hex":"0c776a76274685fb263468b4a13e75ba8c07bb856eec1ed4ed3da7699447012d0d627943318e85e2cb3b3d3ada27e7a6525cb501e1876bea4ae335750b56590f","public_key_hex":"c2f8243b0d573587f285c830a868acd19249d17d59ecbf9329e796dfed6fb630"}
{"seq":7,"ts":1781816400000,"agent_id":"persona-team","symbol":"RAAPLUSDT","side":"sell","price":297.73694985099854,"quantity":0.7880075430591139,"notional_usd":234.61896233,"fee_usd":0.140771377398,"balance_before_usd":9998.372733920476,"balance_after_usd":9998.182278550074,"decision":"ALLOW","cert_hash":"e71a12bcafbd9503e0a7ad0b2bc66d781f8c350ba57c4c6c87955d94a54d3a6e","prev_hash":"060df806494d611166f4f04d40ab6c017dd40d762e4f5df4d75557af73bc77fc","record_hash":"a93b5f9acfc7efac9ae56e6bd9e0f8b16d42bc1e0badaa4c23fd69c394dbf084","signature_hex":"94ffe9f512347e545135c961080228724a0bd3d1427c9a8ee38c22671061a6d0b9cf501e818ea55504dd50bdc1c416b5e2c6d404f36ddeba3b2e5903e178ad08","public_key_hex":"c2f8243b0d573587f285c830a868acd19249d17d59ecbf9329e796dfed6fb630"}
{"seq":8,"ts":1781820000000,"agent_id":"persona-team","symbol":"RAAPLUSDT","side":"buy","price":297.92515593295025,"quantity":1.2576959953805584,"notional_usd":374.69927554,"fee_usd":0.224819565324,"balance_before_usd":9998.20884266438,"balance_after_usd":9997.902076743108,"decision":"ALLOW","cert_hash":"0ea4da1d00b2116903b47284a3746ad2ab79a1656703f5e5c0e66088577bd5da","prev_hash":"a93b5f9acfc7efac9ae56e6bd9e0f8b16d42bc1e0badaa4c23fd69c394dbf084","record_hash":"3e22dc95971222ff78573275600f3ba07a2e625094fe2693b1d8b5ddfa064381","signature_hex":"a1aa2061578c99e4894555e3475707ab43c6b7bb108c867123b2732ce0cea0fa7b1bd20d2c6d8c3dbe05d9f41c723cf24b8abdc2deb5798a6e46cb25fb37500b","public_key_hex":"c2f8243b0d573587f285c830a868acd19249d17d59ecbf9329e796dfed6fb630"}
{"seq":9,"ts":1781820060000,"agent_id":"persona-team","symbol":"RAAPLUSDT","side":"sell","price":297.9890850438015,"quantity":0.7448789550039163,"notional_usd":221.96579827,"fee_usd":0.133179478962,"balance_before_usd":9998.228559540006,"balance_after_usd":9998.048516034218,"decision":"ALLOW","cert_hash":"0a07404c9e5c5421d62d10848a52add88ecc1e7a3015c4ac76ea1cd9a9392e7e","prev_hash":"3e22dc95971222ff78573275600f3ba07a2e625094fe2693b1d8b5ddfa064381","record_hash":"620358baa464952f113793ce516024484c2a14582279e1ca2acd2896e6f44679","signature_hex":"84d431f2b1502f589be7cee8e7cc34353351836733ec4bf6cbb0c4a53e23b43c01dd625791142e2584d368939ec53d1e9608814f56fc5885f96d04a7bbf2d30f","public_key_hex":"c2f8243b0d573587f285c830a868acd19249d17d59ecbf9329e796dfed6fb630"}
{"seq":10,"ts":1781820540000,"agent_id":"persona-team","symbol":"RAAPLUSDT","side":"sell","price":297.9419541418059,"quantity":0.776721089369832,"notional_usd":231.41779919,"fee_usd":0.138850679514,"balance_before_usd":9998.00360507711,"balance_after_usd":9997.81578534994,"decision":"ALLOW","cert_hash":"a0bf1b15a0739e8a6548d1638ecc128f6a345dc1a4f167ce895483b69a290ece","prev_hash":"620358baa464952f113793ce516024484c2a14582279e1ca2acd2896e6f44679","record_hash":"39b8120dd81394e92fe7e2b84d7a27b9a13cb29e31788907a9fdd5cb77cd8a0f","signature_hex":"42c033ca58bb7736863f3de80cd15b9eca68c39cec9f45d28de786936f6e883d4150db65b800d2a038b4bfacfe217331cd63e615779b600e8c15df4a4c63b109","public_key_hex":"c2f8243b0d573587f285c830a868acd19249d17d59ecbf9329e796dfed6fb630"}
{"seq":11,"ts":1781820600000,"agent_id":"persona-team","symbol":"RAAPLUSDT","side":"buy","price":297.74508843013854,"quantity":0.8007591526264327,"notional_usd":238.42210471,"fee_usd":0.143053262826,"balance_before_usd":9997.758022875742,"balance_after_usd":9997.564450975058,"decision":"ALLOW","cert_hash":"39257ebe6c740354923cea7ada82398f124c471b8db775acd17d2ac7c54751aa","prev_hash":"39b8120dd81394e92fe7e2b84d7a27b9a13cb29e31788907a9fdd5cb77cd8a0f","record_hash":"eb5f19a930080840166acf9b931b47d6297cd9ffca08de951d69e6ab43d5bcc6","signature_hex":"2afef91bd06cb920d9ad7b9ffc9681e66f19306cbc935f142521e83a71d21d7f4d62d91b502fbb0ed2f96f92b5f02ced1a9aa7141b8614435845b241a2503304","public_key_hex":"c2f8243b0d573587f285c830a868acd19249d17d59ecbf9329e796dfed6fb630"}
{"seq":12,"ts":1781821740000,"agent_id":"persona-team","symbol":"RAAPLUSDT","side":"sell","price":297.25748174825367,"quantity":0.6919009127722596,"notional_usd":205.67272295,"fee_usd":0.12340363377,"balance_before_usd":9997.20983927122,"balance_after_usd":9997.043179202,"decision":"ALLOW","cert_hash":"2e66c099a469ee2c1b1ed669556b34950dcb692a53c2a68aa1f53d455095d184","prev_hash":"eb5f19a930080840166acf9b931b47d6297cd9ffca08de951d69e6ab43d5bcc6","record_hash":"200c8da6d61f07cda6517a7989867bd7e2bab98216dde3e343ca21c6aaf8f97a","signature_hex":"11e4b7bf68ed39eea4a46625239325caf6cd52c029e7399ffac6f9ad7c9c6428e3ef849b228b0445dfdf5d1c148c9417bfcabbcb43ac135dbacd318e8f537306","public_key_hex":"c2f8243b0d573587f285c830a868acd19249d17d59ecbf9329e796dfed6fb630"}
{"seq":13,"ts":1781824020000,"agent_id":"persona-team","symbol":"RAAPLUSDT","side":"buy","price":297.12697116848307,"quantity":1.258762592534623,"notional_usd":374.01231654,"fee_usd":0.22440738992399997,"balance_before_usd":9996.968955329234,"balance_after_usd":9996.662764662831,"decision":"ALLOW","cert_hash":"1ab1c5767274b11736f703a7d8df1aea025975ac51cfd9869805a5fbb7ff31ff","prev_hash":"200c8da6d61f07cda6517a7989867bd7e2bab98216dde3e343ca21c6aaf8f97a","record_hash":"3ae0c79d63cfbdcd2b1ed08805764fd0453f6da425017d85c10b65ed25cb5f0b","signature_hex":"b83fbabb1e1ed976dc4afe32b7116067f676a901d7fb1389f79e114b076f70fbe0075670d4fb764da305fdb8d895fffa40a82b3de58af2f630a6d79f1be5100f","public_key_hex":"c2f8243b0d573587f285c830a868acd19249d17d59ecbf9329e796dfed6fb630"}
{"seq":14,"ts":1781824440000,"agent_id":"persona-team","symbol":"RAAPLUSDT","side":"sell","price":297.0601968502262,"quantity":0.9928789521024498,"notional_usd":294.94481696,"fee_usd":0.176966890176,"balance_before_usd":9996.758644688187,"balance_after_usd":9996.518328993521,"decision":"ALLOW","cert_hash":"d5ebaa3b27d4182a854282d92aef0f7c4aba72a27015397c6e6325f12548d275","prev_hash":"3ae0c79d63cfbdcd2b1ed08805764fd0453f6da425017d85c10b65ed25cb5f0b","record_hash":"23e96d533ab4f9c32c8227c0dd461070e6a8b72123593ca03582f12f258d4b37","signature_hex":"5cc141ffd3947f92ed6fb5d093739141c29c89e5726c2fde80c6400eaec4dab9bae71efbc2230c1ad10bdde3b0a2c24fc5923f0aae33ec102e64e587c935a308","public_key_hex":"c2f8243b0d573587f285c830a868acd19249d17d59ecbf9329e796dfed6fb630"}
{"seq":15,"ts":1776891600000,"agent_id":"persona-team","symbol":"RAAPLUSDT","side":"buy","price":272.47921125688174,"quantity":1.2728377988551618,"notional_usd":346.82183949,"fee_usd":0.208093103694,"balance_before_usd":10000.0,"balance_after_usd":9999.716540570429,"decision":"ALLOW","cert_hash":"320c0c0668b59dc0a136363bd41d8a8eb1f48fab3e4073187fe34c4eee509341","prev_hash":"23e96d533ab4f9c32c8227c0dd461070e6a8b72123593ca03582f12f258d4b37","record_hash":"f8eb677dfff1b982b881d0de5e43df436c14fed737b9fa88eb054c94f8b893db","signature_hex":"a20785e372f34febd66dd3070cfbdd277bf3bdca10f76ea2084ceb87e5da89840b859f7e098536fcb28f0f9a60dd10f7a3677d8702338d94505a5cdffa0c4e01","public_key_hex":"c2f8243b0d573587f285c830a868acd19249d17d59ecbf9329e796dfed6fb630"}
{"seq":16,"ts":1776898800000,"agent_id":"persona-team","symbol":"RAAPLUSDT","side":"sell","price":272.8014415334972,"quantity":1.071944175463944,"notional_usd":292.42791631,"fee_usd":0.175456749786,"balance_before_usd":10000.276589201925,"balance_after_usd":10000.038361045048,"decision":"ALLOW","cert_hash":"e2571ff3b96c504f8808f12238110decde722afa6c3993383d2e537d1a4ef401","prev_hash":"f8eb677dfff1b982b881d0de5e43df436c14fed737b9fa88eb054c94f8b893db","record_hash":"73895f2db8b37ab76e8b0012324db34ff3626d75f8ef09bafce28c1556299c52","signature_hex":"fe50c93c9c0bd5ef3b73c0c2adad93b35244a4ae6a803b4606ed06a13646451a35f7a95d22f2dd111d7df6323ad621e048cde2584a470aa13dbba2a85fd0b20c","public_key_hex":"c2f8243b0d573587f285c830a868acd19249d17d59ecbf9329e796dfed6fb630"}
{"seq":17,"ts":1776902400000,"agent_id":"persona-team","symbol":"RAAPLUSDT","side":"buy","price":272.46867354085856,"quantity":1.128595481285254,"notional_usd":307.50691375,"fee_usd":0.18450414825000003,"balance_before_usd":9999.947958914521,"balance_after_usd":9999.697236073187,"decision":"ALLOW","cert_hash":"3eeae1b36d7c65dbc865ccf3a24bea5be593c35b2810b8767029b7a68793f2f5","prev_hash":"73895f2db8b37ab76e8b0012324db34ff3626d75f8ef09bafce28c1556299c52","record_hash":"172b1187fcd151ef9e5b3c485454e56fc56d520a4a648e08086d98a840c923c8","signature_hex":"fa52f514fc0d3f24c5bdf8b5309649054f429e0942a001cf884c84ddd080950cb14db3e73c543cfd747a0e078d61b3040658c26c7740417a2c4cdea98d3e540e","public_key_hex":"c2f8243b0d573587f285c830a868acd19249d17d59ecbf9329e796dfed6fb630"}
{"seq":18,"ts":1776913200000,"agent_id":"persona-team","symbol":"RAAPLUSDT","side":"sell","price":271.352527657491,"quantity":0.8672021161602169,"notional_usd":235.31748621,"fee_usd":0.141190491726,"balance_before_usd":9998.367746968512,"balance_after_usd":9998.176716339742,"decision":"ALLOW","cert_hash":"5a589c57a8d7f62a89f89a1c6a4950a5abba8d5b6dbf24ced1172c861c395488","prev_hash":"172b1187fcd151ef9e5b3c485454e56fc56d520a4a648e08086d98a840c923c8","record_hash":"29f97299ead17935335ffa60f1b84a5e9b2dee41ad1b8901190f0e774f276ad5","signature_hex":"0d466fa0b7e8625588b2e3dd08e1f8c76c16789d028416ab8ec8a048e7ecb86719b7677684bf23f3e17e27abc918579aedc9f9c87f738feb8b9ce749d0a6a900","public_key_hex":"c2f8243b0d573587f285c830a868acd19249d17d59ecbf9329e796dfed6fb630"}
{"seq":19,"ts":1780473600000,"agent_id":"persona-team","symbol":"RAAPLUSDT","side":"buy","price":314.8012774804842,"quantity":0.6715855233564182,"notional_usd":211.41598069,"fee_usd":0.12684958841400001,"balance_before_usd":10018.205300117208,"balance_after_usd":10018.033939532375,"decision":"ALLOW","cert_hash":"47a60e394eb2d6659f0afb8c11f20fb2bfca42c253753feb0348087fb877cfc2","prev_hash":"29f97299ead17935335ffa60f1b84a5e9b2dee41ad1b8901190f0e774f276ad5","record_hash":"fb85de1ad72740610a47c02bb02f4f3af4bde379276bde38394615b9ee458a15","signature_hex":"d6cdeb36210a0d47eba39aa119a16b0d5763442385fd8076f964d67b16953a418432d2c44a056312cf21aceb3d73d0b10b91ca14b7afdb2feb0fa04738e6b409","public_key_hex":"c2f8243b0d573587f285c830a868acd19249d17d59ecbf9329e796dfed6fb630"}
{"seq":20,"ts":1780488000000,"agent_id":"persona-team","symbol":"RAAPLUSDT","side":"sell","price":313.7666528050802,"quantity":1.1341195011601897,"notional_usd":355.84887976,"fee_usd":0.213509327856,"balance_before_usd":10017.01345427169,"balance_after_usd":10016.722431057226,"decision":"ALLOW","cert_hash":"07a26981e4dab61aa48ff9f569b81fe09bed8d9aa2ca6365ae26f7840d97052e","prev_hash":"fb85de1ad72740610a47c02bb02f4f3af4bde379276bde38394615b9ee458a15","record_hash":"596fc488cd2bfe0b5cccd1b2449e60f397a281352c107882a357829e971e3236","signature_hex":"1dcaa6553eb7e951914144a63259ae87302cefb0b3db71822fc84fd3794059012dabff038ca6a8c7ebd0935d94f26553d8f1906575f4f8f552fd2805b4b2300a","public_key_hex":"c2f8243b0d573587f285c830a868acd19249d17d59ecbf9329e796dfed6fb630"}
