{"seq":0,"ts":1777042800000,"agent_id":"regime","symbol":"RAAPLUSDT","side":"buy","price":271.1613294216,"quantity":7.375682971705793,"notional_usd":2000.0,"fee_usd":1.2,"balance_before_usd":10000.0,"balance_after_usd":9998.200139970006,"decision":"ALLOW_CAPPED","cert_hash":"f5e5758f790713a30893cb96ff685b4456e146fa72145f481616090ab39aa7fd","prev_hash":"0000000000000000000000000000000000000000000000000000000000000000","record_hash":"6c98e41edb9a0969f21d5e210d83567879b45d4f65519e07cc3feaf675fda670","signature_hex":"2c155e28a9f0d91a25f08b02f5202d7da2e9532f8a9348a613b60f7522af188ddd230887109078eb87354489d0613d3b4a48e4f56347347791206bca45bf730c","public_key_hex":"c2f8243b0d573587f285c830a868acd19249d17d59ecbf9329e796dfed6fb630"}
{"seq":1,"ts":1777046400000,"agent_id":"regime","symbol":"RAAPLUSDT","side":"buy","price":270.54114340919995,"quantity":7.392590919063841,"notional_usd":2000.0,"fee_usd":1.2,"balance_before_usd":9993.627216527548,"balance_after_usd":9991.827356497555,"decision":"ALLOW_CAPPED","cert_hash":"a75ce20732adcd15532b4b4b6d121be0447b6f77a36b570b60f8b9c52e404107","prev_hash":"6c98e41edb9a0969f21d5e210d83567879b45d4f65519e07cc3feaf675fda670","record_hash":"8ed40026b14b80c200b101be8238391f3be069f754e715e8697474d0afd5e2de","signature_hex":"fd880d817f2f7e6d601990cb05a6e26bade2e37b6b7ea0e7a163c3d8426ed40b7aebf8f9f6b2dd9f739e5687c8ef1eb79a25b66ef3975482c8f250213cda9d00","public_key_hex":"c2f8243b0d573587f285c830a868acd19249d17d59ecbf9329e796dfed6fb630"}
{"seq":2,"ts":1777050000000,"agent_id":"regime","symbol":"RAAPLUSDT","side":"buy","price":269.8709423958,"quantity":7.4109497756403355,"notional_usd":2000.0,"fee_usd":1.2,"balance_before_usd":9981.93261299074,"balance_after_usd":9980.132752960748,"decision":"ALLOW_CAPPED","cert_hash":"fa50666e7ac04297a117d1afc6cf9bc0343bf4f5a831ec7bc596d4fdfbaa41bb","prev_hash":"8ed40026b14b80c200b101be8238391f3be069f754e715e8697474d0afd5e2de","record_hash":"52432b210f579f6b8bc394a540366418a10b1dda4b5db34b78860ffeeed38059","signature_hex":"2031f06460afe289bc5b426749be44c031a2fc63cffd5f0665eb0e33c0e5836597dd1608e0f7fa9efa2c0af8d8787365521ef55a9c5f6a2ddd4bb31c066edb06","public_key_hex":"c2f8243b0d573587f285c830a868acd19249d17d59ecbf9329e796dfed6fb630"}
{"seq":3,"ts":1777057200000,"agent_id":"regime","symbol":"RAAPLUSDT","side":"sell","price":270.94869642059996,"quantity":7.381471202560626,"notional_usd":2000.0,"fee_usd":1.2,"balance_before_usd":10007.634990307095,"balance_after_usd":10005.83485027709,"decision":"ALLOW_CAPPED","cert_hash":"f6da2ea59143dd6b5c1458c29d2c484b13da3cbcede0e00493e7c83bbef760c4","prev_hash":"52432b210f579f6b8bc394a540366418a10b1dda4b5db34b78860ffeeed38059","record_hash":"33db97f1501600a943a49874ce3c5a273103e3e64cb88236b5a096bb8c4dda77","signature_hex":"b1e67414e3e8899de0db51138d51f792a705a9138a418213b2250a8d9f05e134423c23febae37b054206063bf5ea9ec28be5b578131050b2eb5abdd6ff24940f","public_key_hex":"c2f8243b0d573587f285c830a868acd19249d17d59ecbf9329e796dfed6fb630"}
{"seq":4,"ts":1777060800000,"agent_id":"regime","symbol":"RAAPLUSDT","side":"sell","price":270.7387594164,"quantity":7.387194963555152,"notional_usd":2000.0,"fee_usd":1.2,"balance_before_usd":10002.727322259681,"balance_after_usd":10000.927182229674,"decision":"ALLOW_CAPPED","cert_hash":"b6a17c4b9e49747dfdfe064d749d042ddf8454796ee72133f27ce210f23571d5","prev_hash":"33db97f1501600a943a49874ce3c5a273103e3e64cb88236b5a096bb8c4dda77","record_hash":"4ca5ebd3e0bd58b1b113e33241e474945b3236d4bed4375f82efb23afdccf5b0","signature_hex":"754eb596575c7e37352bac7aae0136e6cc4aebda2b4555a0e5e7aa4994f9e7e5b5698283a31a06b76e876e5039d16978c37a94ef823fb3b414d6e6a2b9a8b809","public_key_hex":"c2f8243b0d573587f285c830a868acd19249d17d59ecbf9329e796dfed6fb630"}
{"seq":5,"ts":1777064400000,"agent_id":"regime","symbol":"RAAPLUSDT","side":"sell","price":270.7587534168,"quantity":7.386649461047136,"notional_usd":2000.0,"fee_usd":1.2,"balance_before_usd":10001.07539337968,"balance_after_usd":9999.275253349673,"decision":"ALLOW_CAPPED","cert_hash":"9a19b0b9a9d1616b6a6ecd95defe9f1ff468784026aec38128a2f45e3d8ae38a","prev_hash":"4ca5ebd3e0bd58b1b113e33241e474945b3236d4bed4375f82efb23afdccf5b0","record_hash":"880173068d32e15cd8546cb8356286cf6388a4dc0e65b062c6b3483f1024dc7b","signature_hex":"3d6db4e90c125b7feaea3d1267489ae673df415ecc8765cd4a94297ad4a42d108d616768750cdfe03d6e822f0217bfe937652e0411c6c3d604918da3b4098503","public_key_hex":"c2f8243b0d573587f285c830a868acd19249d17d59ecbf9329e796dfed6fb630"}
{"seq":6,"ts":1777460400000,"agent_id":"regime","symbol":"RAAPLUSDT","side":"buy","price":268.47052236779996,"quantity":7.44960743682703,"notional_usd":2000.0,"fee_usd":1.2,"balance_before_usd":9999.216678653516,"balance_after_usd":9997.416818623524,"decision":"ALLOW_CAPPED","cert_hash":"72e1fe258891bd861e7b5e99d2a8cb5dcdc8d6a4bd911d4a0325db345acbadcd","prev_hash":"880173068d32e15cd8546cb8356286cf6388a4dc0e65b062c6b3483f1024dc7b","record_hash":"0944fb6534fcb469a8b148eb4cccf7cb5493e77e865679a2249d564e123af376","signature_hex":"6cf1bec3525c85c3c21f509c33f30520032c490d05fbe842cd8cc8d44f8d95ee6c83d684018c570c9f7af68afb7144b5f92be2bb9f40364152c071cbf70eb004","public_key_hex":"c2f8243b0d573587f285c830a868acd19249d17d59ecbf9329e796dfed6fb630"}
{"seq":7,"ts":1777464000000,"agent_id":"regime","symbol":"RAAPLUSDT","side":"buy","price":268.0603993596,"quantity":7.461005074893672,"notional_usd":2000.0,"fee_usd":1.2,"balance_before_usd":9994.352677278333,"balance_after_usd":9992.55281724834,"decision":"ALLOW_CAPPED","cert_hash":"ec7106a09b58d5ddeaa00dddf0a742f234d26bbd521847946b87ff3a0f3b5e97","prev_hash":"0944fb6534fcb469a8b148eb4cccf7cb5493e77e865679a2249d564e123af376","record_hash":"be58f73b5d993206cc46dca5f3f90e92bbd0b0bcef3b5f16f872dc27c1b90171","signature_hex":"2ac731281304dffc442dd8495ac469bbd6a40047996e8dfd81a52d570c98481a74503b68fd6cb4421950ed8bf597f4acf322665032317d7ddf7b93d354d6f60d","public_key_hex":"c2f8243b0d573587f285c830a868acd19249d17d59ecbf9329e796dfed6fb630"}
{"seq":8,"ts":1777467600000,"agent_id":"regime","symbol":"RAAPLUSDT","side":"sell","price":269.1492363846,"quantity":7.430821751030741,"notional_usd":2000.0,"fee_usd":1.2,"balance_before_usd":10011.22096793705,"balance_after_usd":10009.420827907044,"decision":"ALLOW_CAPPED","cert_hash":"b0b9ff0415942a709e7b42d21d6dd5992ad9db84f42f58dce5a2dfcb7012b8fb","prev_hash":"be58f73b5d993206cc46dca5f3f90e92bbd0b0bcef3b5f16f872dc27c1b90171","record_hash":"9c8bf590219e2d0e7c5b465439e2ba0de64e87d91abbc12007419e54a27afd3f","signature_hex":"b3683089c59ce460f10b9dd803276379877c69280a962d192db70d040b97bb1d07302b770fb20a9e82d4e166c6274fc15e2bd01d5319de80819f30c31cd2870f","public_key_hex":"c2f8243b0d573587f285c830a868acd19249d17d59ecbf9329e796dfed6fb630"}
{"seq":9,"ts":1777471200000,"agent_id":"regime","symbol":"RAAPLUSDT","side":"sell","price":269.2492063866,"quantity":7.428062748412751,"notional_usd":2000.0,"fee_usd":1.2,"balance_before_usd":10010.171197787036,"balance_after_usd":10008.371057757031,"decision":"ALLOW_CAPPED","cert_hash":"c4323f981de85fab36862122c84ba45fbc74a8b9bead59391982446a399ffc8d","prev_hash":"9c8bf590219e2d0e7c5b465439e2ba0de64e87d91abbc12007419e54a27afd3f","record_hash":"ed24c2158d3165804371e1a3c217b041cecfa3bc33d603f6f0c1f808511754e0","signature_hex":"6dccdbbf4817be7f84e73838715b0c37467f8aa17309ad1bdbc0f6dc36828aecfe1080131f240c6a984ae1f62bdfe3463988ead5eee792465cb989aa5c792a09","public_key_hex":"c2f8243b0d573587f285c830a868acd19249d17d59ecbf9329e796dfed6fb630"}
{"seq":10,"ts":1777604400000,"agent_id":"regime","symbol":"RAAPLUSDT","side":"buy","price":278.22344756279995,"quantity":7.1884667432588145,"notional_usd":2000.0,"fee_usd":1.2,"balance_before_usd":10009.03741137096,"balance_after_usd":10007.237551340966,"decision":"ALLOW_CAPPED","cert_hash":"a7eb82ce038505755b0075b2140a0d997f071f1c2a39d39d2d6905f20c79753a","prev_hash":"ed24c2158d3165804371e1a3c217b041cecfa3bc33d603f6f0c1f808511754e0","record_hash":"99cf1fff7e9c2cd4909579d8a2ea418de62f649c094b541667a5f18a1bddd789","signature_hex":"0171f07930fdacc043fa7d887f1467a4583f069bb93553a9e44b52e59e0baf9381aa788c81355ae0da5e8ac04eaff1b74cb51f00945565a272b1ae3dcb80230c","public_key_hex":"c2f8243b0d573587f285c830a868acd19249d17d59ecbf9329e796dfed6fb630"}
{"seq":11,"ts":1777608000000,"agent_id":"regime","symbol":"RAAPLUSDT","side":"buy","price":278.0533965594,"quantity":7.192863042666496,"notional_usd":2000.0,"fee_usd":1.2,"balance_before_usd":10006.002653865853,"balance_after_usd":10004.20279383586,"decision":"ALLOW_CAPPED","cert_hash":"1fa1f2e8af0fddba5849474ce9e41add9fafa2cc1fcf4288d20ed4ac792ec8e3","prev_hash":"99cf1fff7e9c2cd4909579d8a2ea418de62f649c094b541667a5f18a1bddd789","record_hash":"8310f3259fa9f6df6cee3db464f55748575b056d1d1d3a32ec73b97d2c07d352","signature_hex":"34b0094133e4b5acd92726e8517dc41460237ce88b45fa1adc0c6717057049befaf746bb570ce44af57d2709eb52bffa29dc6029ba36432d5a3ea204f6d34a0f","public_key_hex":"c2f8243b0d573587f285c830a868acd19249d17d59ecbf9329e796dfed6fb630"}
{"seq":12,"ts":1777611600000,"agent_id":"regime","symbol":"RAAPLUSDT","side":"buy","price":278.1231883507246,"quantity":7.131782499626419,"notional_usd":1983.51408742,"fee_usd":1.190108452452,"balance_before_usd":10005.214781444482,"balance_after_usd":10003.43139176816,"decision":"ALLOW","cert_hash":"d3eb9771d9702e6d114483c07490c418735a5046fd02baa4196409da3401ff69","prev_hash":"8310f3259fa9f6df6cee3db464f55748575b056d1d1d3a32ec73b97d2c07d352","record_hash":"3a9fbe1d33351f98c29e9ff45f048ba0b4fe23f626e17d29035bd9c7384dacef","signature_hex":"f577def367215b8a0af159fa34479d24e716ba89592f188533519bc9c47927cac779b3a36413d7159f1020956a6ad600f4bf28900a17a4275ee5d86dd5fa3a0b","public_key_hex":"c2f8243b0d573587f285c830a868acd19249d17d59ecbf9329e796dfed6fb630"}
{"seq":13,"ts":1777852800000,"agent_id":"regime","symbol":"RAAPLUSDT","side":"sell","price":279.816035598,"quantity":7.147553197677764,"notional_usd":2000.0,"fee_usd":1.2,"balance_before_usd":10043.58646367512,"balance_after_usd":10041.786323645114,"decision":"ALLOW_CAPPED","cert_hash":"7cce1aefa02578f9d100f97b5b4390e385a6c0f1d7ca29aee8988acfe1fb7937","prev_hash":"3a9fbe1d33351f98c29e9ff45f048ba0b4fe23f626e17d29035bd9c7384dacef","record_hash":"ffc45dc53fcc4e7e7670e0cacac72dc9703de9064aed927b6fbd2696b4607f5e","signature_hex":"e93bc1f26150ad6504cfccf875fa7f7d3875344599b425b57e4718f1ce710f04274d03eba1b52543cc8959f45657b637ec6407eb034f3c284059c6097615570c","public_key_hex":"c2f8243b0d573587f285c830a868acd19249d17d59ecbf9329e796dfed6fb630"}
{"seq":14,"ts":1777856400000,"agent_id":"regime","symbol":"RAAPLUSDT","side":"sell","price":280.015975602,"quantity":7.142449625241007,"notional_usd":2000.0,"fee_usd":1.2,"balance_before_usd":10044.674562672995,"balance_after_usd":10042.874422642988,"decision":"ALLOW_CAPPED","cert_hash":"50943a729839429d8b539d4a563f15d04b96cba91727812b1cdb966b27aceb8c","prev_hash":"ffc45dc53fcc4e7e7670e0cacac72dc9703de9064aed927b6fbd2696b4607f5e","record_hash":"90f404ae9ea5874c2dbee19e1ce59c23e68bbd14f7742cc78794e48a30de3af7","signature_hex":"e6d0023cdb3cd09b0dd8a70b5cd5379a26e389f462777b0aabde20294db58feeba87c1766dbd64201b42474e365b11785279b5ed3a276311e38b3df70182830a","public_key_hex":"c2f8243b0d573587f285c830a868acd19249d17d59ecbf9329e796dfed6fb630"}
{"seq":15,"ts":1777860000000,"agent_id":"regime","symbol":"RAAPLUSDT","side":"sell","price":279.30618858779997,"quantity":7.160600379505374,"notional_usd":2000.0,"fee_usd":1.2,"balance_before_usd":10037.692313327938,"balance_after_usd":10035.89217329793,"decision":"ALLOW_CAPPED","cert_hash":"43e791b7a41578eba6d4e3957224750304f63ed10debe48c44eb6cb424ecf084","prev_hash":"90f404ae9ea5874c2dbee19e1ce59c23e68bbd14f7742cc78794e48a30de3af7","record_hash":"4e472a36f869a3ea24aa9811f2a9799661397782e9dbbd27f74a970e422cfebb","signature_hex":"0c695e6f918b8e70097b64d2cba8022d5969405ad96847d53d2f887552f31f22679629c6013c444359d1cfcbbd854726fae69c6002f6f5a90a84c138aaf91507","public_key_hex":"c2f8243b0d573587f285c830a868acd19249d17d59ecbf9329e796dfed6fb630"}
{"seq":16,"ts":1777899600000,"agent_id":"regime","symbol":"RAAPLUSDT","side":"buy","price":275.54264350919993,"quantity":7.258404632142622,"notional_usd":2000.0,"fee_usd":1.2,"balance_before_usd":10035.349262918748,"balance_after_usd":10033.549402888755,"decision":"ALLOW_CAPPED","cert_hash":"1956a470fb6ae06fe795ca87f92a4005b7c27c94c6dfce3449cf60929b7c2829","prev_hash":"4e472a36f869a3ea24aa9811f2a9799661397782e9dbbd27f74a970e422cfebb","record_hash":"a9acbd3cb0286dcad02c1a7c489bee7877539b1f725bab607a03d84ea1f5a156","signature_hex":"7e509e7d2dd35124d2af26a296657805f47c842bce9db2c5acc8f53ce6c4014fe61a92b65f56dac02d073e823a2256a76006212011bcd0cfdce9d4b950b3910f","public_key_hex":"c2f8243b0d573587f285c830a868acd19249d17d59ecbf9329e796dfed6fb630"}
{"seq":17,"ts":1777903200000,"agent_id":"regime","symbol":"RAAPLUSDT","side":"sell","price":277.23680954639997,"quantity":7.214049257284027,"notional_usd":2000.0,"fee_usd":1.2,"balance_before_usd":10047.306985454992,"balance_after_usd":10045.506845424985,"decision":"ALLOW_CAPPED","cert_hash":"fa7b34f06c59e919618ac3e3c0179be5687fa25c3c6f02d41afb15ed64a96718","prev_hash":"a9acbd3cb0286dcad02c1a7c489bee7877539b1f725bab607a03d84ea1f5a156","record_hash":"9521da708f0da5a08beb1265bf2e9b243d43f58307881ccea0a3636fef6860e6","signature_hex":"a5ec1fc0a34895c46f61081805dd85da78122e1678ca98e79c5a41af926842cbba05caeac99df5df3b95f1a6aae917ae9dc1c61b0eb7cf6614dbfe81ce977100","public_key_hex":"c2f8243b0d573587f285c830a868acd19249d17d59ecbf9329e796dfed6fb630"}
{"seq":18,"ts":1777906800000,"agent_id":"regime","symbol":"RAAPLUSDT","side":"buy","price":276.94306353720003,"quantity":7.221701004009268,"notional_usd":2000.0,"fee_usd":1.2,"balance_before_usd":10045.42289519061,"balance_after_usd":10043.623035160617,"decision":"ALLOW_CAPPED","cert_hash":"8c8d6174a6f5501c722b44d12957c73811a381dcf6f96a435ebd9cef3cae6de1","prev_hash":"9521da708f0da5a08beb1265bf2e9b243d43f58307881ccea0a3636fef6860e6","record_hash":"97f1c9ca79f20496d48578d5c0e728636adbd76ba198933717ec3e4a5cf0b580","signature_hex":"b934556a5a90b05d32470d59c7e83bfecd37da877c68a0964d5b68f5ccdaf7a7d84e2641e60cd08a2f6cb31f020a9f5207c831c64fbd5f81d8fac2a0b7425500","public_key_hex":"c2f8243b0d573587f285c830a868acd19249d17d59ecbf9329e796dfed6fb630"}
{"seq":19,"ts":1777910400000,"agent_id":"regime","symbol":"RAAPLUSDT","side":"sell","price":276.7569535368,"quantity":7.226557361761329,"notional_usd":2000.0,"fee_usd":1.2,"balance_before_usd":10043.474951130345,"balance_after_usd":10041.674811100338,"decision":"ALLOW_CAPPED","cert_hash":"f94fcb123e070ad80be213b83d9b51b508a4327b30e4c160f8c5a36fafd939e2","prev_hash":"97f1c9ca79f20496d48578d5c0e728636adbd76ba198933717ec3e4a5cf0b580","record_hash":"ad16fd65e4f593aea24d7daa0a5991b0180fab789b52d4c8616c0036ab95ac09","signature_hex":"4a9077a004c04693c58729ab9d0ab111cdc97e775bb0cd38b31ec01fab5294aefebab40bbce122a7c65c15c1b497b14a19cc7420b07ef17252debe90f39a3008","public_key_hex":"c2f8243b0d573587f285c830a868acd19249d17d59ecbf9329e796dfed6fb630"}
{"seq":20,"ts":1777978800000,"agent_id":"regime","symbol":"RAAPLUSDT","side":"buy","price":275.7927185142,"quantity":7.25182307486129,"notional_usd":2000.0,"fee_usd":1.2,"balance_before_usd":10041.47407320885,"balance_after_usd":10039.674213178858,"decision":"ALLOW_CAPPED","cert_hash":"3cea99276a9850ef076c4d6f0a50c4d863eded393417d340e5cee5bc59479a89","prev_hash":"ad16fd65e4f593aea24d7daa0a5991b0180fab789b52d4c8616c0036ab95ac09","record_hash":"01854320ceb748dc9818671a5cd279286ac4d1de57716dc46ac645c8e1efda41","signature_hex":"f0d2ec21c9bab962a7a5c9487e77c61194058886083eca6dcafc9b0489620ff5b9d309db23940744ae1fad204675355d524b9535ffb8e37a2ffb1682b090480e","public_key_hex":"c2f8243b0d573587f285c830a868acd19249d17d59ecbf9329e796dfed6fb630"}
{"seq":21,"ts":1777982400000,"agent_id":"regime","symbol":"RAAPLUSDT","side":"sell","price":276.037969282416,"quantity":7.245380065645204,"notional_usd":2000.0,"fee_usd":1.2,"balance_before_usd":10042.726238315552,"balance_after_usd":10040.926098285545,"decision":"ALLOW_CAPPED","cert_hash":"4c6ca598b5d6bf19d0acf5040927fe1ac08980b7dd675672415333a01d1aeb0f","prev_hash":"01854320ceb748dc9818671a5cd279286ac4d1de57716dc46ac645c8e1efda41","record_hash":"40d7ae291dabc34e5963025946d380e218a77ea779384924a2aea1dbb03a735b","signature_hex":"27bdb88e9b4b10592648a56f94e4d14f4c937a76901034f397fbef032b6b4fb4fca674412317ee42113fafd8deb555a6cf555dfba0f0cf78e262b58410dd0c06","public_key_hex":"c2f8243b0d573587f285c830a868acd19249d17d59ecbf9329e796dfed6fb630"}
{"seq":22,"ts":1778094000000,"agent_id":"regime","symbol":"RAAPLUSDT","side":"buy","price":287.536240749,"quantity":6.955644946842951,"notional_usd":2000.0,"fee_usd":1.2,"balance_before_usd":10043.011658549656,"balance_after_usd":10041.211798519664,"decision":"ALLOW_CAPPED","cert_hash":"34b767e6f39a8d669619daec10be0349e4ad05e462b9661582233c04c2691982","prev_hash":"40d7ae291dabc34e5963025946d380e218a77ea779384924a2aea1dbb03a735b","record_hash":"46282f4b0d8689b43f966401a48ceb4e5fc6176cb901ff9e6372a210e933c248","signature_hex":"7a944b629e3b9dc40bfde40f505da5f38c02a476b1f72fe39dc27ba5508df1606422448ff94662a8fa84616de6d5d6815eae526ff070bf32b942b301b800b808","public_key_hex":"c2f8243b0d573587f285c830a868acd19249d17d59ecbf9329e796dfed6fb630"}
{"seq":23,"ts":1778097600000,"agent_id":"regime","symbol":"RAAPLUSDT","side":"buy","price":287.5962587502,"quantity":6.954193384473606,"notional_usd":2000.0,"fee_usd":1.2,"balance_before_usd":10041.640182446132,"balance_after_usd":10039.84032241614,"decision":"ALLOW_CAPPED","cert_hash":"f1f86e41bc5f4714039763d3e80b1dc35406edb1f39aaf65f0dd5ee202156071","prev_hash":"46282f4b0d8689b43f966401a48ceb4e5fc6176cb901ff9e6372a210e933c248","record_hash":"e55a0bbec24a9c303d9c1182f62d271bb679ce0628b594c6fe297209a159e210","signature_hex":"9c7abd9e09ddda58c449a13fa5f38947726dc80619215e5c4ff25630d71aced2da1ec1dae0a65724f8c7153836b3f6de9b29c2dbd89a4efe01233efcc93c2c0a","public_key_hex":"c2f8243b0d573587f285c830a868acd19249d17d59ecbf9329e796dfed6fb630"}
{"seq":24,"ts":1778101200000,"agent_id":"regime","symbol":"RAAPLUSDT","side":"buy","price":287.38580704144323,"quantity":6.865139184189031,"notional_usd":1972.9435649,"fee_usd":1.18376613894,"balance_before_usd":10036.880598062759,"balance_after_usd":10035.107754641327,"decision":"ALLOW","cert_hash":"34aaf9e1a3ca19ed7cfa1f7ca2d75756d5c7c468fdc0b4c447646c295ab7fce0","prev_hash":"e55a0bbec24a9c303d9c1182f62d271bb679ce0628b594c6fe297209a159e210","record_hash":"8129ec7bf112d748b2d85544d78fd5914c33b5db70faf6a133def7b1c474179b","signature_hex":"3ebe89f219032dc96f28ddb59588b4655ad79a6f0cc58ffb11a646a243f05fb8d3b812d643c233ebd75cb251b28e75d01e2af0ea4cea2eb0de5405bd342b8d00","public_key_hex":"c2f8243b0d573587f285c830a868acd19249d17d59ecbf9329e796dfed6fb630"}
{"seq":25,"ts":1778122800000,"agent_id":"regime","symbol":"RAAPLUSDT","side":"sell","price":287.26380074700006,"quantity":6.962241656620866,"notional_usd":2000.0,"fee_usd":1.2,"balance_before_usd":10036.15570787515,"balance_after_usd":10034.355567845145,"decision":"ALLOW_CAPPED","cert_hash":"fde7da5f1a31cab65228d6f28fe40b6d1bf5171be4530ce6bd5b09efb7b9178e","prev_hash":"8129ec7bf112d748b2d85544d78fd5914c33b5db70faf6a133def7b1c474179b","record_hash":"b156d85d17ad30141081f93375cd1335f01b9e2f06bd7f5feebd6115aebfcb31","signature_hex":"e44f6ebb9ac155c71fe0d6f9a2764834d3b643299382474df23b8bf72acc482864891b506a53acc0efb7695c84da5d72abec51b79762fe06f3610661944edf04","public_key_hex":"c2f8243b0d573587f285c830a868acd19249d17d59ecbf9329e796dfed6fb630"}
{"seq":26,"ts":1778126400000,"agent_id":"regime","symbol":"RAAPLUSDT","side":"sell","price":287.3937617496,"quantity":6.959093293550877,"notional_usd":2000.0,"fee_usd":1.2,"balance_before_usd":10036.175154837727,"balance_after_usd":10034.375014807722,"decision":"ALLOW_CAPPED","cert_hash":"589bed876d77e29058f49b6be779efef9b621d4532de252d21d746d30e9ce1cf","prev_hash":"b156d85d17ad30141081f93375cd1335f01b9e2f06bd7f5feebd6115aebfcb31","record_hash":"7108f19ec9f5a93a534fb5c0852a4a33a5a37698427f693e30985cb71102e02e","signature_hex":"6c3bf69b5f5d753ee1910e8986cdb9ba33c15794cccf4d1058fdf9e08f6d1bfd8b2ff5474e6fbbfb33e2b88da49e99f3b7578b469c77d08ab33bea82e8166e0c","public_key_hex":"c2f8243b0d573587f285c830a868acd19249d17d59ecbf9329e796dfed6fb630"}
{"seq":27,"ts":1778130000000,"agent_id":"regime","symbol":"RAAPLUSDT","side":"sell","price":287.3337797484,"quantity":6.960546030304107,"notional_usd":2000.0,"fee_usd":1.2,"balance_before_usd":10033.952751024142,"balance_after_usd":10032.152610994135,"decision":"ALLOW_CAPPED","cert_hash":"54f8e0db9b8003ec36959011a91998ecff5b7ea38de42171dfc3a633e46ef53e","prev_hash":"7108f19ec9f5a93a534fb5c0852a4a33a5a37698427f693e30985cb71102e02e","record_hash":"29fab62c50702af66775d817c6ecbde2f138da9a1bbe9d2bbfb3cabfbd253f1b","signature_hex":"8b610587f1fb39986eba7cf57f83d4ab7c74bc51048878d71a0be38ce69cb5d9f0817a27707d4cb419f40acf1a0a90640a09c9da097623953f1e2e04796a640f","public_key_hex":"c2f8243b0d573587f285c830a868acd19249d17d59ecbf9329e796dfed6fb630"}
{"seq":28,"ts":1778832000000,"agent_id":"regime","symbol":"RAAPLUSDT","side":"buy","price":295.52863790879996,"quantity":6.767533644631757,"notional_usd":2000.0,"fee_usd":1.2,"balance_before_usd":10032.771624236088,"balance_after_usd":10030.971764206095,"decision":"ALLOW_CAPPED","cert_hash":"ae1ae46e29f555cd93168bdcd6ec7db4c57505cf024be6559c6043ed6783ae13","prev_hash":"29fab62c50702af66775d817c6ecbde2f138da9a1bbe9d2bbfb3cabfbd253f1b","record_hash":"264d23f422a201fa76c98aa2d743e2bf21794664825fd835b3221bf4b933d282","signature_hex":"3dfc6e56f6686ffafac8dccf55993d1f9fb300d61befa1157ba561346fc2cd52ff15c5b0dacb5b62fa530fdc45eeb6ffc72d4c32f32f0e5fc09c30f5cbc62806","public_key_hex":"c2f8243b0d573587f285c830a868acd19249d17d59ecbf9329e796dfed6fb630"}
{"seq":29,"ts":1778835600000,"agent_id":"regime","symbol":"RAAPLUSDT","side":"buy","price":296.08880592,"quantity":6.754730202601372,"notional_usd":2000.0,"fee_usd":1.2,"balance_before_usd":10034.80480591685,"balance_after_usd":10033.004945886856,"decision":"ALLOW_CAPPED","cert_hash":"f9fb1b53a3a34fba1cf57cb8496d488a478d255112b9e1db081e789e4d82136f","prev_hash":"264d23f422a201fa76c98aa2d743e2bf21794664825fd835b3221bf4b933d282","record_hash":"90dd51d6167f4a4cc579cee694c9a8c6ea984893993ee0d4f34536bf570e8f34","signature_hex":"2f6f17774ae28aecf226e4fa6d07372762af81ae40e265e8e3d28619d6e2ea6039f4c05cb10cf714de562124c4b5f52d3d835d72ee776497174f9e6ecf08c30d","public_key_hex":"c2f8243b0d573587f285c830a868acd19249d17d59ecbf9329e796dfed6fb630"}
{"seq":30,"ts":1778839200000,"agent_id":"regime","symbol":"RAAPLUSDT","side":"sell","price":296.0011789218,"quantity":6.75672984575638,"notional_usd":2000.0,"fee_usd":1.2,"balance_before_usd":10034.228896165749,"balance_after_usd":10032.428756135741,"decision":"ALLOW_CAPPED","cert_hash":"e8d614af6844402e126029d69a2803ebf7ac7f84d845b239d89ff5deaf38aba7","prev_hash":"90dd51d6167f4a4cc579cee694c9a8c6ea984893993ee0d4f34536bf570e8f34","record_hash":"7005dc1ec606b115cc091fdb70c2870861d95f511132d7509727e5441931eb70","signature_hex":"17806ca3ddfcd48271a1ee92eb80e90e5ddd66f95c05aabee2305fc6dc961ea0a158514ce7abded690dbbf87ebc3e3ef6f121a9a9f79564a19483aa8d36fab01","public_key_hex":"c2f8243b0d573587f285c830a868acd19249d17d59ecbf9329e796dfed6fb630"}
{"seq":31,"ts":1778842800000,"agent_id":"regime","symbol":"RAAPLUSDT","side":"buy","price":294.838430895,"quantity":6.783376217031404,"notional_usd":2000.0,"fee_usd":1.2,"balance_before_usd":10023.259514421117,"balance_after_usd":10021.459654391125,"decision":"ALLOW_CAPPED","cert_hash":"2278a1e87e4d25cd6314ac340535cbcfbd55801c26a52e6b973d46137d048237","prev_hash":"7005dc1ec606b115cc091fdb70c2870861d95f511132d7509727e5441931eb70","record_hash":"a2166d6f1015b7e4aea2ee40448b7f95c6f77fd3aa0eddd9e962ebee2ce06d18","signature_hex":"c0a27a996056809e2b7c8339f0ae0a20f1472162af7b1f5669ea96df917e15b8d7d1731f7dfaf44a492a669cf47dc358aeeec1f85e950977a620a24277f82f09","public_key_hex":"c2f8243b0d573587f285c830a868acd19249d17d59ecbf9329e796dfed6fb630"}
{"seq":32,"ts":1778846400000,"agent_id":"regime","symbol":"RAAPLUSDT","side":"buy","price":295.2284661252107,"quantity":6.755645777850301,"notional_usd":1994.45894068,"fee_usd":1.196675364408,"balance_before_usd":10026.773831017785,"balance_after_usd":10024.979509848114,"decision":"ALLOW","cert_hash":"d852adfee7bed459cfed33d0ed1bd480ce040107014e9132c6583f1c2099d63b","prev_hash":"a2166d6f1015b7e4aea2ee40448b7f95c6f77fd3aa0eddd9e962ebee2ce06d18","record_hash":"7182cc2aa55249765796e588e47a3500ddab8a693a6655da70ebf1920368c822","signature_hex":"631aa6422148e690b9fa0703c0074e00ee984b21e70aa1fabea4b3dd6ca118094f3d89bc1220bc4c34768d5512bfb68935e54634713973df2bd30322e50ac502","public_key_hex":"c2f8243b0d573587f285c830a868acd19249d17d59ecbf9329e796dfed6fb630"}
{"seq":33,"ts":1778850000000,"agent_id":"regime","symbol":"RAAPLUSDT","side":"sell","price":298.02057296220005,"quantity":6.710946093824447,"notional_usd":2000.0,"fee_usd":1.2,"balance_before_usd":10085.513276734431,"balance_after_usd":10083.713136704426,"decision":"ALLOW_CAPPED","cert_hash":"397dcf1c365bfcf02a8ed9e13d1e5b4a02009afc9b6310d75196f9147e6f99f3","prev_hash":"7182cc2aa55249765796e588e47a3500ddab8a693a6655da70ebf1920368c822","record_hash":"6f4cc3d559d4da8ed174aa07f55e95b42698964faa295aa0dc42857ec9c4697e","signature_hex":"4512564c3c663178a60bb6a578d6c7b5f58c86bdc1db85c19ba800d875f1a70db47dab9b3da6e94538b7504e41a2fcc04af0a6f9a8b1400b3253ba7527ec7202","public_key_hex":"c2f8243b0d573587f285c830a868acd19249d17d59ecbf9329e796dfed6fb630"}
{"seq":34,"ts":1778853600000,"agent_id":"regime","symbol":"RAAPLUSDT","side":"sell","price":300.859721019,"quantity":6.647616348330308,"notional_usd":2000.0,"fee_usd":1.2,"balance_before_usd":10122.538190524272,"balance_after_usd":10120.738050494267,"decision":"ALLOW_CAPPED","cert_hash":"affec6b45d1c1b1b109eb0ac33258715dcdd5f07871bcda757a08d805bd7bcb8","prev_hash":"6f4cc3d559d4da8ed174aa07f55e95b42698964faa295aa0dc42857ec9c4697e","record_hash":"1afbf30e3823a2b51db52f14036d6576cc4e3e77797bcaf545f7df96e42fa64c","signature_hex":"2a2d1f56d8292fca769164b71b4b40f7158d8dd4181540ab5643ffb031a0ee923e4f9326c20a9dd559223a2dd6ceaca05c1c40ebed6dc7ca09f3125b28d25106","public_key_hex":"c2f8243b0d573587f285c830a868acd19249d17d59ecbf9329e796dfed6fb630"}
{"seq":35,"ts":1778857200000,"agent_id":"regime","symbol":"RAAPLUSDT","side":"sell","price":300.9147045201,"quantity":6.646401687779294,"notional_usd":2000.0,"fee_usd":1.2,"balance_before_usd":10121.124325243029,"balance_after_usd":10119.324185213023,"decision":"ALLOW_CAPPED","cert_hash":"e564083df0ef31299d742f37a59a60d0c05910025faba78052d4f8e0632b694d","prev_hash":"1afbf30e3823a2b51db52f14036d6576cc4e3e77797bcaf545f7df96e42fa64c","record_hash":"9729f138b503ccec097bf737b8b6e54da12b668de232516c6133863ece7b002c","signature_hex":"dfcc7e9a4ddce144193690b745fb0c4f9ed49d13563daa98bb90148a0ed7f117694882159c66453c5aa79fc89dd9658fa68c95a7af3cc749d11605c2fe5e0300","public_key_hex":"c2f8243b0d573587f285c830a868acd19249d17d59ecbf9329e796dfed6fb630"}
{"seq":36,"ts":1779116400000,"agent_id":"regime","symbol":"RAAPLUSDT","side":"buy","price":295.9187549166,"quantity":6.758611837778475,"notional_usd":2000.0,"fee_usd":1.2,"balance_before_usd":10117.374371677455,"balance_after_usd":10115.57451164746,"decision":"ALLOW_CAPPED","cert_hash":"bf81ab09118142ef09011406109b67566d81b583913aa179d0802d588977deb3","prev_hash":"9729f138b503ccec097bf737b8b6e54da12b668de232516c6133863ece7b002c","record_hash":"b048a9e86a717c68ae31229367f35508cd041398596ae8f2a2eb409600d9fbf2","signature_hex":"9786218453d20af79237be9e217e1207537480a4c675d5e927b57731f77dc790b77e523a1e254f4116be7fe30601108ed99d2ead092e954e929027bc1526d705","public_key_hex":"c2f8243b0d573587f285c830a868acd19249d17d59ecbf9329e796dfed6fb630"}
{"seq":37,"ts":1779120000000,"agent_id":"regime","symbol":"RAAPLUSDT","side":"sell","price":295.811235918,"quantity":6.761068401588395,"notional_usd":2000.0,"fee_usd":1.2,"balance_before_usd":10116.073988765474,"balance_after_usd":10114.273848735469,"decision":"ALLOW_CAPPED","cert_hash":"a6a0b49eb2beb5fea9b8ae6f565ec7668d20572d5dcc3c2640da082981484150","prev_hash":"b048a9e86a717c68ae31229367f35508cd041398596ae8f2a2eb409600d9fbf2","record_hash":"ed56eace53f212717965045853f8a58eef1995dac6241086cf6d58e9c64984e1","signature_hex":"59ea640e7c3affc52eeb5888bc2485c622a9061d11569cd491d82f16016be474d6b91444870771a9f5afcf4e82fa7cdfa46c16c8c8f86a4bffe3cefebde9650c","public_key_hex":"c2f8243b0d573587f285c830a868acd19249d17d59ecbf9329e796dfed6fb630"}
{"seq":38,"ts":1779184800000,"agent_id":"regime","symbol":"RAAPLUSDT","side":"buy","price":295.67868291179997,"quantity":6.764099394330006,"notional_usd":2000.0,"fee_usd":1.2,"balance_before_usd":10114.157809845898,"balance_after_usd":10112.357949815905,"decision":"ALLOW_CAPPED","cert_hash":"9961a273a215024deacc81e8c3cb22b59b5d2a8735f8346df6d13e790f16f7b8","prev_hash":"ed56eace53f212717965045853f8a58eef1995dac6241086cf6d58e9c64984e1","record_hash":"0ef226a000fa92cec5b8a3c0d8e9aed570da3624158417efc71daa1707d782df","signature_hex":"018017cf63a0518b00d3ade7ec03916bc2f412e53c9f42d678a0c573665955313440c0244ded926987eb5c5b0366561f0302754814cc3f0ce957b4f1416f0505","public_key_hex":"c2f8243b0d573587f285c830a868acd19249d17d59ecbf9329e796dfed6fb630"}
{"seq":39,"ts":1779188400000,"agent_id":"regime","symbol":"RAAPLUSDT","side":"buy","price":295.5786529098,"quantity":6.766388507123782,"notional_usd":2000.0,"fee_usd":1.2,"balance_before_usd":10111.64410797661,"balance_after_usd":10109.844247946616,"decision":"ALLOW_CAPPED","cert_hash":"46461f6601bd7f8b99d6847ef971102a888cd720b50eacec651bc291ca34ed50","prev_hash":"0ef226a000fa92cec5b8a3c0d8e9aed570da3624158417efc71daa1707d782df","record_hash":"85f1352102936153ccc35e838b725510faa172a5c7ebc5d6526abb8957242576","signature_hex":"607e692e70fdb7c56d14b343ea21e49bf3f23b8ed71a6b46d6be9b8fe9a09491faead0dc803434a8688653e5aae90759856a66e89e0c87864f81520a6619620b","public_key_hex":"c2f8243b0d573587f285c830a868acd19249d17d59ecbf9329e796dfed6fb630"}
{"seq":40,"ts":1779192000000,"agent_id":"regime","symbol":"RAAPLUSDT","side":"sell","price":295.9511939208,"quantity":6.757871031043123,"notional_usd":2000.0,"fee_usd":1.2,"balance_before_usd":10117.491891741656,"balance_after_usd":10115.691751711649,"decision":"ALLOW_CAPPED","cert_hash":"e2378b09d11deeff94889cf0025a4bc2b4e0e030995a9868865b543f1c213591","prev_hash":"85f1352102936153ccc35e838b725510faa172a5c7ebc5d6526abb8957242576","record_hash":"117fe3b915f9c525b7cc524e4b1c780c6415e8b50af6b0920119099077333e57","signature_hex":"521c51a3963332cd5d6b231b32824412815e74f1a79694f7f705023dd3ecb1b4cac1d9f3e4fe325b1dc81eabc812febba46b7f5654281325c4f3ca392a71710b","public_key_hex":"c2f8243b0d573587f285c830a868acd19249d17d59ecbf9329e796dfed6fb630"}
{"seq":41,"ts":1779195600000,"agent_id":"regime","symbol":"RAAPLUSDT","side":"sell","price":299.01027598200005,"quantity":6.688733333433654,"notional_usd":2000.0,"fee_usd":1.2,"balance_before_usd":10137.56137547088,"balance_after_usd":10135.761235440872,"decision":"ALLOW_CAPPED","cert_hash":"db0763771e8c3620dbddb1911d8e88cc48a7aea6e943eac8d7444c87b22a6b63","prev_hash":"117fe3b915f9c525b7cc524e4b1c780c6415e8b50af6b0920119099077333e57","record_hash":"78a79db0608ca7041d66e35ed51f551127512995b872a34323ffe5109b7576da","signature_hex":"72d2f50261f8dce204135429eb17e448d7b4736a88808c3d45847d3eebcacc8824d8eab04d6cb8c7923ee2e7537167b516bff5a27c13e2ef80ad768868feaf02","public_key_hex":"c2f8243b0d573587f285c830a868acd19249d17d59ecbf9329e796dfed6fb630"}
{"seq":42,"ts":1779969600000,"agent_id":"regime","symbol":"RAAPLUSDT","side":"buy","price":310.0529941992,"quantity":6.450510194767087,"notional_usd":2000.0,"fee_usd":1.2,"balance_before_usd":10140.737314977441,"balance_after_usd":10138.937454947449,"decision":"ALLOW_CAPPED","cert_hash":"d7620790e10b243d543346527e9c4ae275155476f5b0491bf1c2431fa411f3c4","prev_hash":"78a79db0608ca7041d66e35ed51f551127512995b872a34323ffe5109b7576da","record_hash":"6ff1eb20099492067a925775418cde140444efb1db78946da7d4a1032e23f585","signature_hex":"090e316e90061ebb0ca29b5aa7b7c1d6295dd35cc175802565d3033f8cdbd6133687a2e5a55affebae092f8c0a94bda25e919b5dbafeb2befec4399369a53308","public_key_hex":"c2f8243b0d573587f285c830a868acd19249d17d59ecbf9329e796dfed6fb630"}
{"seq":43,"ts":1779973200000,"agent_id":"regime","symbol":"RAAPLUSDT","side":"sell","price":310.98668222159995,"quantity":6.431143564452895,"notional_usd":2000.0,"fee_usd":1.2,"balance_before_usd":10146.675213205453,"balance_after_usd":10144.875073175446,"decision":"ALLOW_CAPPED","cert_hash":"67c598eb554762d50d98badc45b6595e6ccdd9a2b5679fabbfe265e09adb0d0a","prev_hash":"6ff1eb20099492067a925775418cde140444efb1db78946da7d4a1032e23f585","record_hash":"217d12562192fa57490091620c114a8a3fd2da205447beaf0c373eaab2fd4860","signature_hex":"3a03869a1373cb1ca796c29a86aa896f1902335430b4e6ede926aa8bb0080e5f21ce4387346950d2182785230c26ef553021d3bc67a35b7198ed0792f365190c","public_key_hex":"c2f8243b0d573587f285c830a868acd19249d17d59ecbf9329e796dfed6fb630"}
{"seq":44,"ts":1780308000000,"agent_id":"regime","symbol":"RAAPLUSDT","side":"buy","price":309.37279018559997,"quantity":6.464692640875603,"notional_usd":2000.0,"fee_usd":1.2,"balance_before_usd":10144.015448676808,"balance_after_usd":10142.215588646814,"decision":"ALLOW_CAPPED","cert_hash":"c664c537c48028d363464ba1b2a97e58bdde527daa557364c9858214917c55dd","prev_hash":"217d12562192fa57490091620c114a8a3fd2da205447beaf0c373eaab2fd4860","record_hash":"c7ce3d0ce6044ebd138376b7d8f7bf17948f531f10188c98dbb3f3d4783c351e","signature_hex":"b95f788246d48ee7f187ee5cc255c14bd48c1e16d05e27e7b9935599e62b78251ebbd2c3252a2b80d6c17722f346185ed61b4b5964d4f742327916b8fb623e0b","public_key_hex":"c2f8243b0d573587f285c830a868acd19249d17d59ecbf9329e796dfed6fb630"}
{"seq":45,"ts":1780311600000,"agent_id":"regime","symbol":"RAAPLUSDT","side":"sell","price":309.50712619200004,"quantity":6.461886757202861,"notional_usd":2000.0,"fee_usd":1.2,"balance_before_usd":10144.437112424986,"balance_after_usd":10142.63697239498,"decision":"ALLOW_CAPPED","cert_hash":"6809f71031782db9cbfcd9c8e6a8eaf0ae82bb239db13c4d3a7b371bf8235c70","prev_hash":"c7ce3d0ce6044ebd138376b7d8f7bf17948f531f10188c98dbb3f3d4783c351e","record_hash":"8932c1cf8b88f713cfe532960468be2a0a1c4f8ae80b30ee1818cc4b0d1a2530","signature_hex":"f70fbca19ba8e8eab40cc657483e0459e5b6f8552321bc43c05d65bb8135a6ff08a617392241970ff9df206acc51716f3c48a9f24ac46a95e01c8ecb34375d0c","public_key_hex":"c2f8243b0d573587f285c830a868acd19249d17d59ecbf9329e796dfed6fb630"}
{"seq":46,"ts":1780322400000,"agent_id":"regime","symbol":"RAAPLUSDT","side":"buy","price":307.01308243842,"quantity":6.514380377914859,"notional_usd":2000.0,"fee_usd":1.2,"balance_before_usd":10141.350047637146,"balance_after_usd":10139.550187607154,"decision":"ALLOW_CAPPED","cert_hash":"b554c9c6a8c66c0c80ee0bc617532b29a9f531285aca62fc507b80b62f38fb51","prev_hash":"8932c1cf8b88f713cfe532960468be2a0a1c4f8ae80b30ee1818cc4b0d1a2530","record_hash":"c7811075b55c53646bbc311938af3c0f30ea0ad06f405c80d5846c69462c14bb","signature_hex":"53c42aab8a09453739860b25589f22e0e7a7cf270c9303eb5a652d2a60cb9c8b569ac308bee7dd90751b414eeab4494864d418096c00adfcfe25cc3199554909","public_key_hex":"c2f8243b0d573587f285c830a868acd19249d17d59ecbf9329e796dfed6fb630"}
{"seq":47,"ts":1780326000000,"agent_id":"regime","symbol":"RAAPLUSDT","side":"buy","price":306.9320581368,"quantity":6.51610005204669,"notional_usd":2000.0,"fee_usd":1.2,"balance_before_usd":10138.983612417525,"balance_after_usd":10137.183752387533,"decision":"ALLOW_CAPPED","cert_hash":"4ac86441559be5904646a5458ea91dd106dc119e2f77775f14d3413b1582b48b","prev_hash":"c7811075b55c53646bbc311938af3c0f30ea0ad06f405c80d5846c69462c14bb","record_hash":"dec2885400bd02b0774e07b76cffdd9653c08aa02926160f1970717acc2d9a30","signature_hex":"2f13259026f7b321dd751840362e45a24760d7833443a745aef4de705d3cd7b30cdc6619f7d0d6b5fcaef2117499d4a71c08cb4b8863a9aeeefe5496b704020f","public_key_hex":"c2f8243b0d573587f285c830a868acd19249d17d59ecbf9329e796dfed6fb630"}
{"seq":48,"ts":1780329600000,"agent_id":"regime","symbol":"RAAPLUSDT","side":"sell","price":306.108146124,"quantity":6.533638602318767,"notional_usd":2000.0,"fee_usd":1.2,"balance_before_usd":10128.536804880623,"balance_after_usd":10126.736664850618,"decision":"ALLOW_CAPPED","cert_hash":"2d6db3fc36d3934422a3adcf4e684a7bc72d7d8dfdac98556fa524c140d725ee","prev_hash":"dec2885400bd02b0774e07b76cffdd9653c08aa02926160f1970717acc2d9a30","record_hash":"3b3a9cbcd20725a877b69f1dded818ad9f65e5f1b7508a74a88c83489fadb926","signature_hex":"2639f2a4a6f18547d9a8232169e37b8e9db85cc5c2ac4ccf9d56dfba6e0c1cfafacd32561b3f0cc9c8e669e1152c8cd413af6c2db35baa9628a3960222d53700","public_key_hex":"c2f8243b0d573587f285c830a868acd19249d17d59ecbf9329e796dfed6fb630"}
{"seq":49,"ts":1780333200000,"agent_id":"regime","symbol":"RAAPLUSDT","side":"sell","price":307.67567575536,"quantity":6.50035136866083,"notional_usd":2000.0,"fee_usd":1.2,"balance_before_usd":10137.676940914107,"balance_after_usd":10135.876800884102,"decision":"ALLOW_CAPPED","cert_hash":"b48ef805c7e398d5feac2b0c41ae4880a7e125d0c4c0c089b86a930723feac9f","prev_hash":"3b3a9cbcd20725a877b69f1dded818ad9f65e5f1b7508a74a88c83489fadb926","record_hash":"abfae54eb39c64a52ce5a0f4ece86b31a41403ba486072ff5a33366b2a69823f","signature_hex":"b56c7d6272451bd05ea9c9a9fa1dbc5696f289a5811eb03d1a8ba7a98a7dfea5ec79dbc9fb6d8ba63492f945be121b43612ea69cbe9ba88fb620d28fcad1bd0a","public_key_hex":"c2f8243b0d573587f285c830a868acd19249d17d59ecbf9329e796dfed6fb630"}
{"seq":50,"ts":1780502400000,"agent_id":"regime","symbol":"RAAPLUSDT","side":"buy","price":310.3830932058,"quantity":6.443649940281692,"notional_usd":2000.0,"fee_usd":1.2,"balance_before_usd":10137.079455696701,"balance_after_usd":10135.279595666707,"decision":"ALLOW_CAPPED","cert_hash":"0e43dced380ccd400672fa61d645722ac1d4d96b934c6433e4d7a09cea6c22d7","prev_hash":"abfae54eb39c64a52ce5a0f4ece86b31a41403ba486072ff5a33366b2a69823f","record_hash":"0beaf3ba7f4dfab4a2976faf3bfc1a6f344df89ea518316d5a0603f926f6058a","signature_hex":"8e0eabba3c2018c741a3e4308ecbaceb3aacf4046c248a59d7450aa5703e97abb8071365bdfbe039eee6ca5afe2e0c88709da57a508b96325e93cf7fed1dc401","public_key_hex":"c2f8243b0d573587f285c830a868acd19249d17d59ecbf9329e796dfed6fb630"}
{"seq":51,"ts":1780506000000,"agent_id":"regime","symbol":"RAAPLUSDT","side":"buy","price":309.43080758676,"quantity":6.463480529291604,"notional_usd":2000.0,"fee_usd":1.2,"balance_before_usd":10128.691264959407,"balance_after_usd":10126.891404929413,"decision":"ALLOW_CAPPED","cert_hash":"541065c478664cabd055032473328a079c29c36b320a0fa21cf22c0747c29aaa","prev_hash":"0beaf3ba7f4dfab4a2976faf3bfc1a6f344df89ea518316d5a0603f926f6058a","record_hash":"c3912404b0e406183231fc3c4670b34a81f5950ee0dfc4a4ff009c41142e562d","signature_hex":"a2aeb8e50a901d8c3221c40495aba2e479748e44b386254b6a2ca4fc6a5c3bba76c5eb9b2977fb7edd74c8536942f5ec005abb82da232995bee7f36c2bc92404","public_key_hex":"c2f8243b0d573587f285c830a868acd19249d17d59ecbf9329e796dfed6fb630"}
{"seq":52,"ts":1780509600000,"agent_id":"regime","symbol":"RAAPLUSDT","side":"buy","price":309.89491638486373,"quantity":6.239104837133872,"notional_usd":1933.46687182,"fee_usd":1.160080123092,"balance_before_usd":10133.114963059246,"balance_after_usd":10131.381406974739,"decision":"ALLOW","cert_hash":"87e676469e0d2650890e48742d7be1ecd9d20a422df07426bfc3fa92e6a58b03","prev_hash":"c3912404b0e406183231fc3c4670b34a81f5950ee0dfc4a4ff009c41142e562d","record_hash":"ca3da5fc2f1cd17d14e44239c860376210fdf9a3448467871d316fd4182cb2ac","signature_hex":"e91f2531af4ecfc0a83785fd25d3aaff4d3c7e1a54b718d8dfe10ab4e2e1f4a5d9e8da1b86487cb1a132c800990914be28825c256013927159f09d9f9d6c6e0d","public_key_hex":"c2f8243b0d573587f285c830a868acd19249d17d59ecbf9329e796dfed6fb630"}
{"seq":53,"ts":1780513200000,"agent_id":"regime","symbol":"RAAPLUSDT","side":"sell","price":310.11694320419997,"quantity":6.449180039424927,"notional_usd":2000.0,"fee_usd":1.2,"balance_before_usd":10139.368009006554,"balance_after_usd":10137.567868976548,"decision":"ALLOW_CAPPED","cert_hash":"698a5f646cf27105fb1d2002615728439fee7b9de64c7d81382c23c862c12d73","prev_hash":"ca3da5fc2f1cd17d14e44239c860376210fdf9a3448467871d316fd4182cb2ac","record_hash":"43d25ed2b793a81ec0c86a58d453668918f18d8dbe0dcf2652520ccecb1fbdfc","signature_hex":"6ebf524026fe38d71376964b30bc9ec442509c9766c3dde831a516780c3784a53b119d0d0582ecfb90bfa01c6804ab6f4040f6526fb1a686d32d9a3737462905","public_key_hex":"c2f8243b0d573587f285c830a868acd19249d17d59ecbf9329e796dfed6fb630"}
{"seq":54,"ts":1780516800000,"agent_id":"regime","symbol":"RAAPLUSDT","side":"sell","price":311.27059702728,"quantity":6.425277617290393,"notional_usd":2000.0,"fee_usd":1.2,"balance_before_usd":10152.770573551876,"balance_after_usd":10150.97043352187,"decision":"ALLOW_CAPPED","cert_hash":"a173a00c611f96f3d115175d13fd4eb447bc107cff44c9d2e5746770b36e4d2f","prev_hash":"43d25ed2b793a81ec0c86a58d453668918f18d8dbe0dcf2652520ccecb1fbdfc","record_hash":"247c529614a111266cb7a1127e09311455643a0bb34637a9316c2219de30eae7","signature_hex":"2de7ccea832e2b7fd59512c965dcdda35fb9d94311d596e97ecab825b51322de963357350aa12d0dc62d15c5258b45cca781f2f4751b91623cb2adff40836d02","public_key_hex":"c2f8243b0d573587f285c830a868acd19249d17d59ecbf9329e796dfed6fb630"}
{"seq":55,"ts":1780520400000,"agent_id":"regime","symbol":"RAAPLUSDT","side":"sell","price":311.85642123900004,"quantity":6.41320769363682,"notional_usd":2000.0,"fee_usd":1.2,"balance_before_usd":10154.925138412784,"balance_after_usd":10153.124998382777,"decision":"ALLOW_CAPPED","cert_hash":"d7b79eb5cdb2bda2511c956416f46c8b993fc2c9928330861ecfb7725cd26977","prev_hash":"247c529614a111266cb7a1127e09311455643a0bb34637a9316c2219de30eae7","record_hash":"2576fc0008d5ccfee01ff0b1d4f18301eeeba5e8628a3fff1d0a79488d439272","signature_hex":"b4eca1addd590cc01cffb31c9b57f5db04d0c31da4b1b08be8412661c017b89e2dff871f47c0d3d68ce68676464765102906b04594e54a5410f3c73580a33e06","public_key_hex":"c2f8243b0d573587f285c830a868acd19249d17d59ecbf9329e796dfed6fb630"}
{"seq":56,"ts":1780581600000,"agent_id":"regime","symbol":"RAAPLUSDT","side":"buy","price":310.45911600731995,"quantity":6.442072069653269,"notional_usd":2000.0,"fee_usd":1.2,"balance_before_usd":10152.593668606345,"balance_after_usd":10150.79380857635,"decision":"ALLOW_CAPPED","cert_hash":"7863259b0fc0cab44520594ff9b498ff5cdb168a84ab63e569ecaa755e98a28f","prev_hash":"2576fc0008d5ccfee01ff0b1d4f18301eeeba5e8628a3fff1d0a79488d439272","record_hash":"06a82e785fbcb09f48a4676227f1010778943feb3f48eba8930d213a2d6407cf","signature_hex":"161c47144bbeeeebb84437e2e3ce8f0d9998132ac4da93cdae4ddd8cdab641394c61a2429aa3f2976829b9cec45516658211b0dd9b45c756786559ec6bd09f05","public_key_hex":"c2f8243b0d573587f285c830a868acd19249d17d59ecbf9329e796dfed6fb630"}
{"seq":57,"ts":1780585200000,"agent_id":"regime","symbol":"RAAPLUSDT","side":"buy","price":310.42710640668,"quantity":6.442736342037953,"notional_usd":2000.0,"fee_usd":1.2,"balance_before_usd":10150.576928335246,"balance_after_usd":10148.777068305251,"decision":"ALLOW_CAPPED","cert_hash":"1002a98f53eac4248f43056b3e581dc0aa5388036eb720e6432c5e0dc6c584e4","prev_hash":"06a82e785fbcb09f48a4676227f1010778943feb3f48eba8930d213a2d6407cf","record_hash":"98a68a5558c2de3f15fd392450ea295f181f6f387bc3bc911eb7bc64bdd22176","signature_hex":"539c1a19e82e6963d6a5ed2ccdcc406eeacb80b22463c54871b03fd020594877781aa3e4e9050d982e92b4cfe0cd01862e1b4956f6a7e37f14ec81f34bc0e102","public_key_hex":"c2f8243b0d573587f285c830a868acd19249d17d59ecbf9329e796dfed6fb630"}
{"seq":58,"ts":1780588800000,"agent_id":"regime","symbol":"RAAPLUSDT","side":"sell","price":311.32258142832,"quantity":6.424204729461576,"notional_usd":2000.0,"fee_usd":1.2,"balance_before_usd":10163.081372179746,"balance_after_usd":10161.281232149739,"decision":"ALLOW_CAPPED","cert_hash":"9c33f9d4baa4753fc512715cf891684e487958ead6ce7b7c71459761528e32af","prev_hash":"98a68a5558c2de3f15fd392450ea295f181f6f387bc3bc911eb7bc64bdd22176","record_hash":"0838f3baba7a6ebdfe83f715acaf542c752445f40639cb941a966d31788e5294","signature_hex":"7ceaca6a3deac58490fd7ec71475fe36e847df940aca051a2b0e3bc37d428d9e0c9b8aa6e161608e0e187813a6db8e862ac2c8e5f71ccd60c38283f1d28cf00a","public_key_hex":"c2f8243b0d573587f285c830a868acd19249d17d59ecbf9329e796dfed6fb630"}
{"seq":59,"ts":1780592400000,"agent_id":"regime","symbol":"RAAPLUSDT","side":"sell","price":311.15063302488005,"quantity":6.427754880511772,"notional_usd":2000.0,"fee_usd":1.2,"balance_before_usd":10160.11231341643,"balance_after_usd":10158.312173386423,"decision":"ALLOW_CAPPED","cert_hash":"83bf7cc2b0704c88a8777b17314a56b0c58e89fd2bf49223f79dea7a2fd61545","prev_hash":"0838f3baba7a6ebdfe83f715acaf542c752445f40639cb941a966d31788e5294","record_hash":"1c44d9383a7c0c4bf53a0293ede862e56115f324160bd9e132a8a0a6a3dc1bc1","signature_hex":"f674fc396a50b613d27806ee6326e47bb815cc2ffe6aac61be3db422807abbde2dcde8e99a8a76010b56881f828ee518566f2db81bcc0d4710b8d8d5ad6ec30e","public_key_hex":"c2f8243b0d573587f285c830a868acd19249d17d59ecbf9329e796dfed6fb630"}
{"seq":60,"ts":1781269200000,"agent_id":"regime","symbol":"RAAPLUSDT","side":"buy","price":291.16532922156,"quantity":6.868949697228943,"notional_usd":2000.0,"fee_usd":1.2,"balance_before_usd":10150.88535286541,"balance_after_usd":10149.085492835417,"decision":"ALLOW_CAPPED","cert_hash":"6b8c957d39198c9c90313460b16f2d75adf09fb1a6fddd097c91e935cb3a60af","prev_hash":"1c44d9383a7c0c4bf53a0293ede862e56115f324160bd9e132a8a0a6a3dc1bc1","record_hash":"6070e0fbac83c961d467f681e93779e7e8a24f8a66aba72c502427a901c491f7","signature_hex":"67b6dffbe4e3540b54f7d02b3695d040082e4585ea2bf07d2fd15541cc2e60f08472eb8a013bec19dd456f49995ce1a838dc0153618929682ec40c79d37f8901","public_key_hex":"c2f8243b0d573587f285c830a868acd19249d17d59ecbf9329e796dfed6fb630"}
{"seq":61,"ts":1781272800000,"agent_id":"regime","symbol":"RAAPLUSDT","side":"buy","price":291.81552423456,"quantity":6.853644970554785,"notional_usd":2000.0,"fee_usd":1.2,"balance_before_usd":10153.789694911931,"balance_after_usd":10151.989834881937,"decision":"ALLOW_CAPPED","cert_hash":"0a07d57a50fa9f6e805eb300a83947e9cb13915a29c9b45ee55539d471df78cc","prev_hash":"6070e0fbac83c961d467f681e93779e7e8a24f8a66aba72c502427a901c491f7","record_hash":"e7d38981751044609030bdd19d16b4e865716add038c50179f3c7ab7baa9b852","signature_hex":"0cc687328a0520fef5a0adecd9169c3217818a87f4e43e45edc40259ef973100d822d33ea53dc43d4522646067c698a01a8ce7ee7ce2a11e749aac784bdf9f03","public_key_hex":"c2f8243b0d573587f285c830a868acd19249d17d59ecbf9329e796dfed6fb630"}
{"seq":62,"ts":1781276400000,"agent_id":"regime","symbol":"RAAPLUSDT","side":"buy","price":291.4271554556116,"quantity":6.803336059950628,"notional_usd":1982.67687556,"fee_usd":1.189606125336,"balance_before_usd":10146.522573855382,"balance_after_usd":10144.74001987606,"decision":"ALLOW","cert_hash":"ed8a460ad0452fdd5454815cfb58f341cf89145deda930151eb1ce2bfe90d3c5","prev_hash":"e7d38981751044609030bdd19d16b4e865716add038c50179f3c7ab7baa9b852","record_hash":"29bd7be4e47ba4f903fab948999fbc5cc653d11c56cf0fecf341d08584822d45","signature_hex":"b9952d063b9eb100e87cd62734d37813f0af30aa22e65a9584820304d4382d5937ba51bac3cf3a9ab37bdb23296f99eef36d428b3ddeb9286a04aa93f8dcb80b","public_key_hex":"c2f8243b0d573587f285c830a868acd19249d17d59ecbf9329e796dfed6fb630"}
{"seq":63,"ts":1781287200000,"agent_id":"regime","symbol":"RAAPLUSDT","side":"sell","price":290.3828648094,"quantity":6.88745873938791,"notional_usd":2000.0,"fee_usd":1.2,"balance_before_usd":10126.56205283096,"balance_after_usd":10124.761912800952,"decision":"ALLOW_CAPPED","cert_hash":"08d0e2ca72a03f8e895516c314cd1db93fd630d18a0d9a4586f54d2c3e73f0e9","prev_hash":"29bd7be4e47ba4f903fab948999fbc5cc653d11c56cf0fecf341d08584822d45","record_hash":"9b9e068db221c22a0cf6caf7ac968740408fd802638590f4efdf1d68d4dc8ff4","signature_hex":"0890a6cad443865ae3cae8e1077ee107cd58de48ddc923f5d8d7815392bb00f7994f380ec06529122a14b444032f14cdc49de9ef04bfcc5a06f38f318fd95c00","public_key_hex":"c2f8243b0d573587f285c830a868acd19249d17d59ecbf9329e796dfed6fb630"}
{"seq":64,"ts":1781290800000,"agent_id":"regime","symbol":"RAAPLUSDT","side":"sell","price":291.0076773219,"quantity":6.872670915096467,"notional_usd":2000.0,"fee_usd":1.2,"balance_before_usd":10133.516135460317,"balance_after_usd":10131.715995430312,"decision":"ALLOW_CAPPED","cert_hash":"de121eea397e76705b9bd2d41a012b8d1b2f1d46a3c99c68ec1834341f347d5e","prev_hash":"9b9e068db221c22a0cf6caf7ac968740408fd802638590f4efdf1d68d4dc8ff4","record_hash":"b0bfbcbf03acba55bed6ebf91a289a6eb1840669bb9c74a7ec6cb63d647ca7a5","signature_hex":"ef1decb5ad123f12b335170d6ff65de0297f0901bd60a96b998938e88c5e5322ddebd410602f87af3a2de20fc5dbd70c6c737403512bc2a785f30c03c7e49e0c","public_key_hex":"c2f8243b0d573587f285c830a868acd19249d17d59ecbf9329e796dfed6fb630"}
{"seq":65,"ts":1781294400000,"agent_id":"regime","symbol":"RAAPLUSDT","side":"sell","price":291.19762032570003,"quantity":6.868187994678772,"notional_usd":2000.0,"fee_usd":1.2,"balance_before_usd":10133.07147164489,"balance_after_usd":10131.271331614882,"decision":"ALLOW_CAPPED","cert_hash":"3ccc92fbc42a25ee1793bbe932a8c25e3e7aacea2a0cc936ca16332229234682","prev_hash":"b0bfbcbf03acba55bed6ebf91a289a6eb1840669bb9c74a7ec6cb63d647ca7a5","record_hash":"c75372889601855c6b8781bdfa95ec7b1c2ceafffdbc35779ba92b46f6a4dbd3","signature_hex":"d6c3647f93620755e934c43337a97c0c939c4389cf4418e069e2ee0c561350776ecaf016cfdc55e572497f68a726d1660b722acadd90afad39599a250f820208","public_key_hex":"c2f8243b0d573587f285c830a868acd19249d17d59ecbf9329e796dfed6fb630"}
{"seq":66,"ts":1781715600000,"agent_id":"regime","symbol":"RAAPLUSDT","side":"buy","price":297.6292679508,"quantity":6.719769241009633,"notional_usd":2000.0,"fee_usd":1.2,"balance_before_usd":10132.934519509163,"balance_after_usd":10131.13465947917,"decision":"ALLOW_CAPPED","cert_hash":"e08f3d2f3002dd5d061d0274379d70acaebf6ea776eae823ea598a50d8328956","prev_hash":"c75372889601855c6b8781bdfa95ec7b1c2ceafffdbc35779ba92b46f6a4dbd3","record_hash":"6f10ce3f97e48435cb7975de4bfdd8a205c897533aedacbe5523d20acefb14fa","signature_hex":"bae6d38fafcf0d91ac15d18dd8e34dcc57799b8b843f7acd1ef27638bd716ccb7218366b91afe46f456e77c2106df14b7154011461ea32ed154074abb4d56c01","public_key_hex":"c2f8243b0d573587f285c830a868acd19249d17d59ecbf9329e796dfed6fb630"}
{"seq":67,"ts":1781719200000,"agent_id":"regime","symbol":"RAAPLUSDT","side":"buy","price":294.70439069232,"quantity":6.786461495539979,"notional_usd":2000.0,"fee_usd":1.2,"balance_before_usd":10110.708570381066,"balance_after_usd":10108.908710351074,"decision":"ALLOW_CAPPED","cert_hash":"450a3cc47a941960b9c2122b54fa23d4090aa1424aa6afa6bbfc0d39a13b4d77","prev_hash":"6f10ce3f97e48435cb7975de4bfdd8a205c897533aedacbe5523d20acefb14fa","record_hash":"21dfa626f0fab14f63b552ea6e64835373680714d4fc22e6c7be900feea1991a","signature_hex":"c16c4921fe979a0f302aba788415239afb65668661fe490b9af962f1fb3424a612ebea01cf3c4f410d13881ea3b1c7d69fe80b547276a6732a89170265b7c70b","public_key_hex":"c2f8243b0d573587f285c830a868acd19249d17d59ecbf9329e796dfed6fb630"}
{"seq":68,"ts":1781722800000,"agent_id":"regime","symbol":"RAAPLUSDT","side":"buy","price":295.9787729178,"quantity":6.757241339585678,"notional_usd":2000.0,"fee_usd":1.2,"balance_before_usd":10126.454401527233,"balance_after_usd":10124.65454149724,"decision":"ALLOW_CAPPED","cert_hash":"cf5f6ed33ce8baebc73dbd3969de846cbee7ec710ad52b852f9b8e8a7203ebc7","prev_hash":"21dfa626f0fab14f63b552ea6e64835373680714d4fc22e6c7be900feea1991a","record_hash":"1944dfff4342bf10978c8c958b276caf8e104bcae7d5a17ba9532ce03c0d69a6","signature_hex":"36d9fa33d4d2f62311717d5add10b8a8c70d80ced4e76a83f5067ca98ab5134a49bb86cf14a9f193ed119a90b6e7fb5782995fc313541fc8c5383f0cc3a4c003","public_key_hex":"c2f8243b0d573587f285c830a868acd19249d17d59ecbf9329e796dfed6fb630"}
{"seq":69,"ts":1781730000000,"agent_id":"regime","symbol":"RAAPLUSDT","side":"sell","price":297.3857634495,"quantity":6.725271501907744,"notional_usd":2000.0,"fee_usd":1.2,"balance_before_usd":10157.193592030071,"balance_after_usd":10155.393452000066,"decision":"ALLOW_CAPPED","cert_hash":"ec2b4bf243167b673fa0c35ab6109e2e5384ab16cf2dd0386e392b5662138d16","prev_hash":"1944dfff4342bf10978c8c958b276caf8e104bcae7d5a17ba9532ce03c0d69a6","record_hash":"96d19bfa71da299a66a180e28e8216cdad912eb1d27dab1ec66923677fe8af2f","signature_hex":"92cddcf58e80f98b1296a617c60527331da64eef790ac9ecddb7069b43397276d6c2f4b9c97be6d12280023470197719edc87831cb71cd24e4b202ff459de90b","public_key_hex":"c2f8243b0d573587f285c830a868acd19249d17d59ecbf9329e796dfed6fb630"}
{"seq":70,"ts":1781733600000,"agent_id":"regime","symbol":"RAAPLUSDT","side":"sell","price":296.9558924409,"quantity":6.735006951909664,"notional_usd":2000.0,"fee_usd":1.2,"balance_before_usd":10149.457689894709,"balance_after_usd":10147.657549864702,"decision":"ALLOW_CAPPED","cert_hash":"67aec6954bdd383d7151143fc7d629f56c347b304ab26e94e832cfcfcfff0861","prev_hash":"96d19bfa71da299a66a180e28e8216cdad912eb1d27dab1ec66923677fe8af2f","record_hash":"9c56fe22199b6e4d081ae2f2053f7cc1d200ab0e8b9666390776e1ff5dfffb06","signature_hex":"8a1889f1855b12e1fc417cf2a1bc4a75559fa169977e815b2bc9881e0af9eab3d017906157547ffa68e48966c0d40adfab4bf63f7fa6435d014997250f0eaa0b","public_key_hex":"c2f8243b0d573587f285c830a868acd19249d17d59ecbf9329e796dfed6fb630"}
{"seq":71,"ts":1781737200000,"agent_id":"regime","symbol":"RAAPLUSDT","side":"sell","price":296.9808849414,"quantity":6.734440165718539,"notional_usd":2000.0,"fee_usd":1.2,"balance_before_usd":10147.834277138889,"balance_after_usd":10146.034137108883,"decision":"ALLOW_CAPPED","cert_hash":"a3f96e264bc0ff7951321c9da5d1a8cb831526df08e4e4db443d12acd42fdbe8","prev_hash":"9c56fe22199b6e4d081ae2f2053f7cc1d200ab0e8b9666390776e1ff5dfffb06","record_hash":"3fa90424dc4e8665cb4a6a69d886ce2ffe9819c68a2d570abf796df94f06e943","signature_hex":"3e889fe995617b89b6ffd55290fb4071910c442bfe2b94b6daa8b5ce55c374193543c6baed615e2bfd4f9e4ce43f5c16b4bfb1df4620f17bb3ccc63b350ae90b","public_key_hex":"c2f8243b0d573587f285c830a868acd19249d17d59ecbf9329e796dfed6fb630"}
