{"seq":0,"ts":1781813040000,"agent_id":"rl-qlearn","symbol":"RAAPLUSDT","side":"buy","price":298.7996189742,"quantity":6.693448963777598,"notional_usd":2000.0,"fee_usd":1.2,"balance_before_usd":10000.0,"balance_after_usd":9998.200139970006,"decision":"ALLOW_CAPPED","cert_hash":"7350ccf571510a488502ad1aa529ae98f48f172ea831bec7c7c757721ccb4f5c","prev_hash":"0000000000000000000000000000000000000000000000000000000000000000","record_hash":"44b58c35a6baca07ce1aa4d05eb6d6d7def74a24d2aef4184b4f681dc6331b6e","signature_hex":"8a1284bed11dbc268fa75545b0d263f62414a5809cbda44e5f6de36ec9604a3403a3de049284424073d55d70416a5c4715b7e19b4ca6a44c5837d15cfb742907","public_key_hex":"c2f8243b0d573587f285c830a868acd19249d17d59ecbf9329e796dfed6fb630"}
{"seq":1,"ts":1781813100000,"agent_id":"rl-qlearn","symbol":"RAAPLUSDT","side":"sell","price":298.56042592591007,"quantity":6.695457131770257,"notional_usd":1998.99853303,"fee_usd":1.199399119818,"balance_before_usd":9997.798533032179,"balance_after_usd":9995.999394539174,"decision":"ALLOW","cert_hash":"5c48fa23a1ec92262b968fcae2a6d7983b9e064abff15b1a68ac14865d674ba5","prev_hash":"44b58c35a6baca07ce1aa4d05eb6d6d7def74a24d2aef4184b4f681dc6331b6e","record_hash":"a2ded25141b446bd254bb0e12781296c741d1768181bcf5fcd21d1be5fb798eb","signature_hex":"98096e233956eb2f5d65022bc7bc55389618835eef7a350c75964aaa20bcea47d7abfda333533c6f84d49c0a02a34058ab91ef799bee4773f6f8101820bacb00","public_key_hex":"c2f8243b0d573587f285c830a868acd19249d17d59ecbf9329e796dfed6fb630"}
{"seq":2,"ts":1781813460000,"agent_id":"rl-qlearn","symbol":"RAAPLUSDT","side":"buy","price":298.4345094669,"quantity":6.701637835291378,"notional_usd":2000.0,"fee_usd":1.2,"balance_before_usd":9996.000007030412,"balance_after_usd":9994.200147000418,"decision":"ALLOW_CAPPED","cert_hash":"5601020cf48b56c017e950cebf7a1a3104f6abdf23b96c96675d0a195e9b1e83","prev_hash":"a2ded25141b446bd254bb0e12781296c741d1768181bcf5fcd21d1be5fb798eb","record_hash":"997f19752c3d1c350fc3ba0ebb63d7ac4da070157f764355ef45dad158ab6edf","signature_hex":"ae44bf17f0a065e6b2d162dca74f2a3234c96a52e42eb7e21773eac83aebc82239903612f8760862202f2dbac6bdb30a2b6cbc0d09cb3045148432d303f49703","public_key_hex":"c2f8243b0d573587f285c830a868acd19249d17d59ecbf9329e796dfed6fb630"}
{"seq":3,"ts":1781813520000,"agent_id":"rl-qlearn","symbol":"RAAPLUSDT","side":"sell","price":298.3194947589197,"quantity":6.701639767141713,"notional_usd":1999.22978939,"fee_usd":1.199537873634,"balance_before_usd":9994.628923299126,"balance_after_usd":9992.8295535425,"decision":"ALLOW","cert_hash":"afd1763b2db623ffa6e8f2e897cbfc69396e343a4bbb7fc6be26cf3207eb4c91","prev_hash":"997f19752c3d1c350fc3ba0ebb63d7ac4da070157f764355ef45dad158ab6edf","record_hash":"4704c7be29d187811c656984b82af10632117a4db98eec8e2a0dad4cbc78e6bd","signature_hex":"26e4f666c8dac75a354edb80906f8d240c5d7f51d316428e056e437b782a1f12c2180970d913684188258abd65966b71a2a2594c6ce88e4253950f278b959d08","public_key_hex":"c2f8243b0d573587f285c830a868acd19249d17d59ecbf9329e796dfed6fb630"}
{"seq":4,"ts":1781813640000,"agent_id":"rl-qlearn","symbol":"RAAPLUSDT","side":"buy","price":298.49952896819997,"quantity":6.7001780770416755,"notional_usd":2000.0,"fee_usd":1.2,"balance_before_usd":9992.8295515324,"balance_after_usd":9991.029691502408,"decision":"ALLOW_CAPPED","cert_hash":"1eb17387d0fd030dc793185268a909181184c4d0d802bb333ad8f91a56539074","prev_hash":"4704c7be29d187811c656984b82af10632117a4db98eec8e2a0dad4cbc78e6bd","record_hash":"8e020bd9da71bc2da66ccce65eebac121b920d25797526927bb521167b7318ce","signature_hex":"b50f97a78ee2c815c61f337bfcc4ea15c1bb84e52f7f4c0b4aa7c5a31a09db3f157a9eed3f34f9ad6250fa8e40b763aa80c78b10a7ab556d7b37f3e5a032b70d","public_key_hex":"c2f8243b0d573587f285c830a868acd19249d17d59ecbf9329e796dfed6fb630"}
{"seq":5,"ts":1781813700000,"agent_id":"rl-qlearn","symbol":"RAAPLUSDT","side":"buy","price":298.39049626601997,"quantity":6.702626340407865,"notional_usd":2000.0,"fee_usd":1.2,"balance_before_usd":9990.299591192892,"balance_after_usd":9988.4997311629,"decision":"ALLOW_CAPPED","cert_hash":"36bbc083683ca8a08a5a4b6bcf7519899ef95f082741fbdbab712e91b635989c","prev_hash":"8e020bd9da71bc2da66ccce65eebac121b920d25797526927bb521167b7318ce","record_hash":"0b8ecc45925b786301a20232810ef01cb31690e1b26def9fd692a8cee3139572","signature_hex":"e191d39d256cbef48590119254c238875af1a10657f816e36a5dd82310b67c75e930fa714e847a12c362354c54a50f128b088a6378b88d554d2283949eea820d","public_key_hex":"c2f8243b0d573587f285c830a868acd19249d17d59ecbf9329e796dfed6fb630"}
{"seq":6,"ts":1781813760000,"agent_id":"rl-qlearn","symbol":"RAAPLUSDT","side":"buy","price":298.37453153618156,"quantity":3.3407215257550478,"notional_usd":996.78622024,"fee_usd":0.598071732144,"balance_before_usd":9988.486330368582,"balance_after_usd":9987.639269529169,"decision":"ALLOW","cert_hash":"dd3d9ae6cab8cd7ff45bdb07487786e740f63fa29c403f21470ba197faf71501","prev_hash":"0b8ecc45925b786301a20232810ef01cb31690e1b26def9fd692a8cee3139572","record_hash":"1d6ba9254e66621727120fd6befe20cea1d56e9f121ecb14ccbc18dd25f603ba","signature_hex":"fc095572c005d839ee869d0ced8c2e5334abeade7530e55a36d7897a58cb03a019eb20e756dae82c734b77f8fd29178b85709d603cc8040a31b3b889c67bae09","public_key_hex":"c2f8243b0d573587f285c830a868acd19249d17d59ecbf9329e796dfed6fb630"}
{"seq":7,"ts":1781813820000,"agent_id":"rl-qlearn","symbol":"RAAPLUSDT","side":"sell","price":298.06356006306004,"quantity":6.709978232753002,"notional_usd":2000.0,"fee_usd":1.2,"balance_before_usd":9985.178266700195,"balance_after_usd":9983.378126670188,"decision":"ALLOW_CAPPED","cert_hash":"3d9b5a68a12e4aa6511388b629c80b18067dd79a589c3f3416e027d5e9eea7ce","prev_hash":"1d6ba9254e66621727120fd6befe20cea1d56e9f121ecb14ccbc18dd25f603ba","record_hash":"ecaf2ad6bc32b48d8d8ea90a9411bc95de6d89e251d3230fa515444c299e66df","signature_hex":"c5f7fe266fcee92202cd6de7f6622929fb9a5b6a2421b7ac3aeb35e6134f6e08df08266b1dd54dbd07553a00c3074b76417c1a093f98532bf020c9c115884104","public_key_hex":"c2f8243b0d573587f285c830a868acd19249d17d59ecbf9329e796dfed6fb630"}
{"seq":8,"ts":1781813880000,"agent_id":"rl-qlearn","symbol":"RAAPLUSDT","side":"sell","price":297.9955804617,"quantity":6.711508932116699,"notional_usd":2000.0,"fee_usd":1.2,"balance_before_usd":9982.695982112667,"balance_after_usd":9980.89584208266,"decision":"ALLOW_CAPPED","cert_hash":"faadb3c270d06e5ba1ccb8eb5208ae146fe59aa60a0016740a9dabd1f2fdc388","prev_hash":"ecaf2ad6bc32b48d8d8ea90a9411bc95de6d89e251d3230fa515444c299e66df","record_hash":"093c4713bed96a4e78b3bb9a8f604129f8f50037cbad5caf1e6105d5fec5bdb7","signature_hex":"80210eac1dd90fccb731f0a87769c66c0f875bc82d29335158942ea6f0556f1a8902938c46ff2897c33e2851ebc09ab8439edc624a5df7afc2ec591b186b780d","public_key_hex":"c2f8243b0d573587f285c830a868acd19249d17d59ecbf9329e796dfed6fb630"}
{"seq":9,"ts":1781813940000,"agent_id":"rl-qlearn","symbol":"RAAPLUSDT","side":"sell","price":298.031631175758,"quantity":3.320857136289446,"notional_usd":989.72046923,"fee_usd":0.593832281538,"balance_before_usd":9980.965562684909,"balance_after_usd":9980.12476216267,"decision":"ALLOW","cert_hash":"b0ffe198402686a2913ae1b40476902da041ce96a8a86525a2eff87036f4d849","prev_hash":"093c4713bed96a4e78b3bb9a8f604129f8f50037cbad5caf1e6105d5fec5bdb7","record_hash":"3d53702b162940f7f6b0c3b7033eb8af7d2f619868fcb706ae67aec3fcc7f4b4","signature_hex":"f193169ab615a575efc1d75680ff93cbb593af5465efd54be3336a3e531419b9cd2864c51b7858002547fdf38a9171222e543b873c19b4383e69db33124aa409","public_key_hex":"c2f8243b0d573587f285c830a868acd19249d17d59ecbf9329e796dfed6fb630"}
{"seq":10,"ts":1781816940000,"agent_id":"rl-qlearn","symbol":"RAAPLUSDT","side":"buy","price":298.08940596,"quantity":6.709396442852369,"notional_usd":2000.0,"fee_usd":1.2,"balance_before_usd":9980.124849979196,"balance_after_usd":9978.324989949202,"decision":"ALLOW_CAPPED","cert_hash":"e2325fa405489242895eae8b357902927d68e7a0d593b671a9b6187b8e728578","prev_hash":"3d53702b162940f7f6b0c3b7033eb8af7d2f619868fcb706ae67aec3fcc7f4b4","record_hash":"cb20b87f86b350f5bbee73042081f5ccd3830440fbcffbd4eec5c04afb001b79","signature_hex":"c17d8d0d2a6bf6537733f8b58d1492084371fbade1c51df3c0aa5a3abc64e325c47a2aa54c8ae1bba30078f597edf8b4f99e52fa999aa96c8e34b37d83b7b304","public_key_hex":"c2f8243b0d573587f285c830a868acd19249d17d59ecbf9329e796dfed6fb630"}
{"seq":11,"ts":1781817000000,"agent_id":"rl-qlearn","symbol":"RAAPLUSDT","side":"sell","price":297.91061857517104,"quantity":6.710580741000203,"notional_usd":1999.15325955,"fee_usd":1.19949195573,"balance_before_usd":9978.324989949202,"balance_after_usd":9976.525696725412,"decision":"ALLOW","cert_hash":"00c5f216467e17ecb4c5a7dbd04d9ba1987c1a4220971c215fc634ccea8f9167","prev_hash":"cb20b87f86b350f5bbee73042081f5ccd3830440fbcffbd4eec5c04afb001b79","record_hash":"a985e72af0df9ddd56ead0e220f35f7089ff034d779a08f485fa8e79bd945a29","signature_hex":"f583b360f5e0ea0a0ec8e01f2743ce761d99fd8ca941ea75360dcd4ac92fc435ac624149a0f14a02a96665c5374f2d4e10ca3418648d718ce2c446a9f0215a05","public_key_hex":"c2f8243b0d573587f285c830a868acd19249d17d59ecbf9329e796dfed6fb630"}
{"seq":12,"ts":1781818620000,"agent_id":"rl-qlearn","symbol":"RAAPLUSDT","side":"buy","price":298.2094419624,"quantity":6.706695759995996,"notional_usd":2000.0,"fee_usd":1.2,"balance_before_usd":9976.5254551947,"balance_after_usd":9974.725595164706,"decision":"ALLOW_CAPPED","cert_hash":"e7b7863789cfdfd90e8232d07360101f5591b3e55ec3f8e739afbe04277cbcec","prev_hash":"a985e72af0df9ddd56ead0e220f35f7089ff034d779a08f485fa8e79bd945a29","record_hash":"b590145d1715bd0c49e0e81be1f98d4b3fb850bc9b7a097f5460be5ee6056149","signature_hex":"122542dde188093ef787cd63e60d674b8e1bab388a97577a4d6460b946ee906853418fc06ea3b212a229211f3bb509adf31eab0492b27e79a59d696b7ebe2304","public_key_hex":"c2f8243b0d573587f285c830a868acd19249d17d59ecbf9329e796dfed6fb630"}
{"seq":13,"ts":1781818680000,"agent_id":"rl-qlearn","symbol":"RAAPLUSDT","side":"buy","price":298.2094419624,"quantity":6.706695759995996,"notional_usd":2000.0,"fee_usd":1.2,"balance_before_usd":9974.725595164706,"balance_after_usd":9972.925735134711,"decision":"ALLOW_CAPPED","cert_hash":"c39faf6ee43b52f6c8ebbe4739421e53e1d8bcec3e84f130fe63ed661bb68f8e","prev_hash":"b590145d1715bd0c49e0e81be1f98d4b3fb850bc9b7a097f5460be5ee6056149","record_hash":"c13065926944401ec8c7a3a4b832a6b201fca89a4417a30ec733d6de2ebf9b1e","signature_hex":"dbae61e3b0904e159fbacbae7b328f2d7d12355e36cec38b8d747369e043fdc7f1c63313fe23fd703b0a30495be069a23c82f622fc1c58b33894450dbcb9910a","public_key_hex":"c2f8243b0d573587f285c830a868acd19249d17d59ecbf9329e796dfed6fb630"}
{"seq":14,"ts":1781818740000,"agent_id":"rl-qlearn","symbol":"RAAPLUSDT","side":"sell","price":298.0305699624,"quantity":6.710720984938971,"notional_usd":2000.0,"fee_usd":1.2,"balance_before_usd":9972.925735134711,"balance_after_usd":9971.125595104706,"decision":"ALLOW_CAPPED","cert_hash":"82ae231d2446d1545a0c2f3d05d44d0be2e7c3e245c20ce991ed8a0497619bdf","prev_hash":"c13065926944401ec8c7a3a4b832a6b201fca89a4417a30ec733d6de2ebf9b1e","record_hash":"f1cfea7b5bec724e104866d09e838b7fbfff26b9f298561b3a5f4f52cc7c5abd","signature_hex":"8d6c80adb302cd775a856a9c009b994b64405ce8188fca8571708d63409d5dc6aa09bbb6d59be965071ba10d2674be6d9770edbe5794e7e4cfca3b33b22b720b","public_key_hex":"c2f8243b0d573587f285c830a868acd19249d17d59ecbf9329e796dfed6fb630"}
{"seq":15,"ts":1781818800000,"agent_id":"rl-qlearn","symbol":"RAAPLUSDT","side":"sell","price":298.0306057317752,"quantity":6.70266764114764,"notional_usd":1997.60009711,"fee_usd":1.1985600582659999,"balance_before_usd":9971.125595104706,"balance_after_usd":9969.327854977504,"decision":"ALLOW","cert_hash":"118c09d8eeae5445ef92e3557b450bcd4d57d5e779efe6f14367774e0090e1e7","prev_hash":"f1cfea7b5bec724e104866d09e838b7fbfff26b9f298561b3a5f4f52cc7c5abd","record_hash":"18253fcc6bb66dd50fb8f46b493b1d14a51f5c8488c2073a2c0ec2400df83a5e","signature_hex":"78786b910627e9297a8831036711ca809335b9e7ff043a6d91b827cdac62e0d4135181cabf56e8f26b9f0fa4c00692b158c6a7abeb671984bc972c31e8543f09","public_key_hex":"c2f8243b0d573587f285c830a868acd19249d17d59ecbf9329e796dfed6fb630"}
{"seq":16,"ts":1781819280000,"agent_id":"rl-qlearn","symbol":"RAAPLUSDT","side":"buy","price":298.339480965,"quantity":6.703772472657187,"notional_usd":2000.0,"fee_usd":1.2,"balance_before_usd":9969.32759369544,"balance_after_usd":9967.527733665445,"decision":"ALLOW_CAPPED","cert_hash":"172a23e435171a46ef928eb8af12121cb547bad677ba8727964b52059e38b968","prev_hash":"18253fcc6bb66dd50fb8f46b493b1d14a51f5c8488c2073a2c0ec2400df83a5e","record_hash":"0b20f664c010b16905e423f8289f7b8459e8dd6366067ac2db9f4c913f1d5fc6","signature_hex":"92cdfd786583d777986fdb7b4fc1638870c74d4fef02f9e210daf34a7a84862b90b825ac3d6379b5d2f0c283cbeae32e0963c0143827b06d50a840ae53f1c508","public_key_hex":"c2f8243b0d573587f285c830a868acd19249d17d59ecbf9329e796dfed6fb630"}
{"seq":17,"ts":1781819340000,"agent_id":"rl-qlearn","symbol":"RAAPLUSDT","side":"sell","price":298.0166064192575,"quantity":6.703772883009723,"notional_usd":1997.8356448,"fee_usd":1.19870138688,"balance_before_usd":9966.562679849516,"balance_after_usd":9964.76470420014,"decision":"ALLOW","cert_hash":"31d919295dafe6eae2f803f0f1e1cc47718ee60d27813525369700859ec9a060","prev_hash":"0b20f664c010b16905e423f8289f7b8459e8dd6366067ac2db9f4c913f1d5fc6","record_hash":"fec013eeff198cb049c98d9c97da18bb7ab35fb218b7a684eeaf7948bdfd4446","signature_hex":"90d0f8c40c92dc4a2334a0589aa1f2c73139c88e2561b3a0758d682627489b35e20df8e59ceda116d289fb4dee98f00dd91f67ffe8889b64217669127f186a08","public_key_hex":"c2f8243b0d573587f285c830a868acd19249d17d59ecbf9329e796dfed6fb630"}
{"seq":18,"ts":1781821320000,"agent_id":"rl-qlearn","symbol":"RAAPLUSDT","side":"buy","price":297.2791629438,"quantity":6.727683098253664,"notional_usd":2000.0,"fee_usd":1.2,"balance_before_usd":9964.766545609651,"balance_after_usd":9962.966685579659,"decision":"ALLOW_CAPPED","cert_hash":"a5cc4c8ec7610cfded3fb2e567a6ea94a2af22fc3def7fc215a5f9d13de3a34f","prev_hash":"fec013eeff198cb049c98d9c97da18bb7ab35fb218b7a684eeaf7948bdfd4446","record_hash":"d63612317241bc4fc06dc8d5626dc7e8ee9de654d9046d4d4ca39521327fb827","signature_hex":"5277f7e00fc8f6d0738c4985c5a7f8f00743c1fbbdc7102def695ce669223563a04e95f93c6b707029bd3246617d4d01c0104f512dd5f5c16917ae06f926d708","public_key_hex":"c2f8243b0d573587f285c830a868acd19249d17d59ecbf9329e796dfed6fb630"}
{"seq":19,"ts":1781821380000,"agent_id":"rl-qlearn","symbol":"RAAPLUSDT","side":"sell","price":297.10086673319444,"quantity":6.727690595783368,"notional_usd":1998.80270712,"fee_usd":1.1992816242720001,"balance_before_usd":9962.966685579659,"balance_after_usd":9961.167742914527,"decision":"ALLOW","cert_hash":"d44fea83486ac7819f8986f49474b44c2a8137bce800df73302829230e1354cd","prev_hash":"d63612317241bc4fc06dc8d5626dc7e8ee9de654d9046d4d4ca39521327fb827","record_hash":"ad74f722c711deee0b797b9f805a73e95f0fe2add9fcef3acf096e3565daf271","signature_hex":"5f64a78f18a3fdc9a89c8bfa2dee05c0d35edca7b5d88b27b4d6e2e81d6166f32f5b45faa8e7f63c679ae5adac7473ccb6dde3cf9bb0f7a77498d68ff7bb3203","public_key_hex":"c2f8243b0d573587f285c830a868acd19249d17d59ecbf9329e796dfed6fb630"}
{"seq":20,"ts":1781822100000,"agent_id":"rl-qlearn","symbol":"RAAPLUSDT","side":"buy","price":297.1541254413,"quantity":6.730513995152597,"notional_usd":2000.0,"fee_usd":1.2,"balance_before_usd":9961.167995135767,"balance_after_usd":9959.368135105773,"decision":"ALLOW_CAPPED","cert_hash":"3184f05e3757d07f765973b8a33a2c22f689ba33e3cd2b85d99caa24945ca878","prev_hash":"ad74f722c711deee0b797b9f805a73e95f0fe2add9fcef3acf096e3565daf271","record_hash":"045e4ee158bd5ea3d3251ca6f66b07b637959f368006b0f5f6d7a6b8a28169a9","signature_hex":"728d7f12dec397b91c4faa12eb6c3d9bc9fc41507670a6347f705f3fc6a3c1820554d3a78d289cc705ab6b748c18e92ad3a5c7e6d55330d61732370453571100","public_key_hex":"c2f8243b0d573587f285c830a868acd19249d17d59ecbf9329e796dfed6fb630"}
{"seq":21,"ts":1781822160000,"agent_id":"rl-qlearn","symbol":"RAAPLUSDT","side":"sell","price":296.97590425255873,"quantity":6.730514841534584,"notional_usd":1998.80073115,"fee_usd":1.19928043869,"balance_before_usd":9959.368135105773,"balance_after_usd":9957.569194416612,"decision":"ALLOW","cert_hash":"79ecb48747e52fac6688ca9305ef96d6c74b37d94f6e85360372ca1a77b47cfc","prev_hash":"045e4ee158bd5ea3d3251ca6f66b07b637959f368006b0f5f6d7a6b8a28169a9","record_hash":"b88a2e775487a02639d7448fbccf725111eb40d0a5054f943be6603ebfc14c78","signature_hex":"553fea0cae932fc6ffb95a9bccf076e3fe02969c64e72a9dd2b09757627aa354a9f6cd89345dcf9bd28eea4fb20b8f9ef34d5ed7a79cf5dcbbf4d88cd9dd6b03","public_key_hex":"c2f8243b0d573587f285c830a868acd19249d17d59ecbf9329e796dfed6fb630"}
{"seq":22,"ts":1781822340000,"agent_id":"rl-qlearn","symbol":"RAAPLUSDT","side":"buy","price":297.1541254413,"quantity":6.730513995152597,"notional_usd":2000.0,"fee_usd":1.2,"balance_before_usd":9957.569194416612,"balance_after_usd":9955.769334386618,"decision":"ALLOW_CAPPED","cert_hash":"273310091a3dcd8db49136915bce5747403c2d6141a9b5fc37eb6a7c3321de23","prev_hash":"b88a2e775487a02639d7448fbccf725111eb40d0a5054f943be6603ebfc14c78","record_hash":"86ae2b9bfdcdb0dac6e0273128a08d5f57f34248b8a6caa4168ccddda137bfc6","signature_hex":"0028c3bf6ed92446ca74f577a770411fc1dc6144f19744ca1d70d0a500c7aa71aea2413b18b807ff4c1834da76132cb8b7dc4c4a38d7ff6287a2c4603d0a170a","public_key_hex":"c2f8243b0d573587f285c830a868acd19249d17d59ecbf9329e796dfed6fb630"}
{"seq":23,"ts":1781822400000,"agent_id":"rl-qlearn","symbol":"RAAPLUSDT","side":"sell","price":296.9619098541279,"quantity":6.730513963093093,"notional_usd":1998.70628078,"fee_usd":1.199223768468,"balance_before_usd":9955.675135451314,"balance_after_usd":9953.87628921208,"decision":"ALLOW","cert_hash":"c42b5e138fd498d204276a6abde5eae845a03449e8d41808753e9cf630f13a73","prev_hash":"86ae2b9bfdcdb0dac6e0273128a08d5f57f34248b8a6caa4168ccddda137bfc6","record_hash":"305e6176470f7a813a659b0d8f0bb9ef58709757e8b0af6d758e0c9066b93ccd","signature_hex":"9515e57c1d081a77756d045fbac1a63fcf1e515d2a5dc2ab20aeda7a336ce7b4d39c5a4344abb0014fc8ff0ae6cd6a4e23b47502a5ca66ccaac20733fee8b20e","public_key_hex":"c2f8243b0d573587f285c830a868acd19249d17d59ecbf9329e796dfed6fb630"}
{"seq":24,"ts":1781822880000,"agent_id":"rl-qlearn","symbol":"RAAPLUSDT","side":"buy","price":297.30717134436003,"quantity":6.727049303777046,"notional_usd":2000.0,"fee_usd":1.2,"balance_before_usd":9953.875952108512,"balance_after_usd":9952.076092078518,"decision":"ALLOW_CAPPED","cert_hash":"31739d5a2a018ee3a04788d3a88c09974128c3253e4d69c5e773dd027e82ec9e","prev_hash":"305e6176470f7a813a659b0d8f0bb9ef58709757e8b0af6d758e0c9066b93ccd","record_hash":"7d6fbd28f24f12f3ae46f38556d26ea02ee1061a8a727cfe2c16861cd128b910","signature_hex":"2f4c883959f5527513fa0c7a0a44e491d1237e7c89db2397e0194066f35bcc3e86e223d571b908cb6e219e405a040c38cf1665ed7a3bdfbca3021c9e182b7d0c","public_key_hex":"c2f8243b0d573587f285c830a868acd19249d17d59ecbf9329e796dfed6fb630"}
{"seq":25,"ts":1781822940000,"agent_id":"rl-qlearn","symbol":"RAAPLUSDT","side":"sell","price":297.16084557743085,"quantity":6.727048368352818,"notional_usd":1999.01538138,"fee_usd":1.199409228828,"balance_before_usd":9952.291293061542,"balance_after_usd":9950.492137719839,"decision":"ALLOW","cert_hash":"f6671e3e81876f459eb66e37e1d338d53694a9915afa966460ebb3839b4bab66","prev_hash":"7d6fbd28f24f12f3ae46f38556d26ea02ee1061a8a727cfe2c16861cd128b910","record_hash":"26c30560ac1bf5b67447f5b182d710680b2ab9ee5f8b14e81d59a1c7ec48d675","signature_hex":"9c0b5cb2f48841c6907ea20079c0aa64a79ab4e4bfc84c553814deb29994e1a47248ff75f6f9d2d1551aa80a874f459a61392d09bcc0f95582a5afab24c9410b","public_key_hex":"c2f8243b0d573587f285c830a868acd19249d17d59ecbf9329e796dfed6fb630"}
{"seq":26,"ts":1781824380000,"agent_id":"rl-qlearn","symbol":"RAAPLUSDT","side":"buy","price":297.14912394119995,"quantity":6.730627280583069,"notional_usd":2000.0,"fee_usd":1.2,"balance_before_usd":9950.492521073116,"balance_after_usd":9948.692661043122,"decision":"ALLOW_CAPPED","cert_hash":"952f4b9f6892f8f75817c935605c7ded29ae4a343eec316983eee7fb8888e552","prev_hash":"26c30560ac1bf5b67447f5b182d710680b2ab9ee5f8b14e81d59a1c7ec48d675","record_hash":"57bbe08b5baac25d11fe563c0be76fe606f2c6458a6b01af71e093639a03998b","signature_hex":"c130b103574b5e7934eed28b141d09b28896b2c8e40e8574756ef3669a1f4f9f5bd8112eceda682b07c159bdfab58ecbdfab4f4960ac1a6b68c69f4692eb2704","public_key_hex":"c2f8243b0d573587f285c830a868acd19249d17d59ecbf9329e796dfed6fb630"}
{"seq":27,"ts":1781824440000,"agent_id":"rl-qlearn","symbol":"RAAPLUSDT","side":"buy","price":297.21314314248,"quantity":6.729177515010588,"notional_usd":2000.0,"fee_usd":1.2,"balance_before_usd":9949.123292059556,"balance_after_usd":9947.323432029561,"decision":"ALLOW_CAPPED","cert_hash":"cdf98c3813395057e97c6f9bdfb91d4a3941fde1e1f3144c182452e59b712917","prev_hash":"57bbe08b5baac25d11fe563c0be76fe606f2c6458a6b01af71e093639a03998b","record_hash":"a936b0daa2ec8aceb010bdbbb6c75aef19c945043b917f0062f76417261a0151","signature_hex":"0c096089118bdbd5e88a63f71e2f1da323f8c7688a77ba8e5e40d5660553b20033848773a8b7d41f357a2f06accd7e8eea40b403709889976c83045b988c0b03","public_key_hex":"c2f8243b0d573587f285c830a868acd19249d17d59ecbf9329e796dfed6fb630"}
{"seq":28,"ts":1781824500000,"agent_id":"rl-qlearn","symbol":"RAAPLUSDT","side":"sell","price":297.0358684425,"quantity":6.73319357183006,"notional_usd":2000.0,"fee_usd":1.2,"balance_before_usd":9947.336889816706,"balance_after_usd":9945.536749786701,"decision":"ALLOW_CAPPED","cert_hash":"362d38a08c6abe03083e26e5808e99f1c16466be0d166e0a9e676fd3daa280b2","prev_hash":"a936b0daa2ec8aceb010bdbbb6c75aef19c945043b917f0062f76417261a0151","record_hash":"ec81a231574daa2dc999cb9faa70d536f81796da37b5e5114a54ac243d08c04d","signature_hex":"5a2931b2d146b54846d65049002ae57c825034ab29a668deb2943bf7140c34e432fc2c9c660504d50311afef45a2792a4b7e99eeba02d0f1348485b2969dba0b","public_key_hex":"c2f8243b0d573587f285c830a868acd19249d17d59ecbf9329e796dfed6fb630"}
{"seq":29,"ts":1781824560000,"agent_id":"rl-qlearn","symbol":"RAAPLUSDT","side":"buy","price":297.25015424322,"quantity":6.7283396541605605,"notional_usd":2000.0,"fee_usd":1.2,"balance_before_usd":9945.778835155399,"balance_after_usd":9943.978975125405,"decision":"ALLOW_CAPPED","cert_hash":"70687cfce61f046475201fd044df1bebc15a0b74613d595124c45936001671b2","prev_hash":"ec81a231574daa2dc999cb9faa70d536f81796da37b5e5114a54ac243d08c04d","record_hash":"00734a60af8f20e45c795e1c8e1e786b442f38ac10109d7679fcb2e8faa5c069","signature_hex":"6a77f81e6b36aa38f2f3e72673fed9f8cdea737a7398cca377cd52276b42190d30dde2e1ca3832e2a4c3dc0c13b52491060c29619014a644c5a9780b696f5404","public_key_hex":"c2f8243b0d573587f285c830a868acd19249d17d59ecbf9329e796dfed6fb630"}
{"seq":30,"ts":1781824620000,"agent_id":"rl-qlearn","symbol":"RAAPLUSDT","side":"sell","price":297.05986124298,"quantity":6.73264974820715,"notional_usd":2000.0,"fee_usd":1.2,"balance_before_usd":9943.817539926657,"balance_after_usd":9942.01739989665,"decision":"ALLOW_CAPPED","cert_hash":"6994a0901404988e7dfb4e644b311da45613e2c99ee7abdf00cdb74b11a7349d","prev_hash":"00734a60af8f20e45c795e1c8e1e786b442f38ac10109d7679fcb2e8faa5c069","record_hash":"01b7dd35cf6fe5d2e7619098852bb2f8a4c7410a459d7ab468cca2d7d32e5d34","signature_hex":"f62ac930c382e0259489f4ac58bab9ab5c22dbfe13c9faf28a1819c91c96df737a9d22835dce226b71c1f0d96bbb43911c9ff757298a5c0012ae063b3edb980b","public_key_hex":"c2f8243b0d573587f285c830a868acd19249d17d59ecbf9329e796dfed6fb630"}
{"seq":31,"ts":1781824680000,"agent_id":"rl-qlearn","symbol":"RAAPLUSDT","side":"sell","price":297.0609065177405,"quantity":6.722299005139349,"notional_usd":1996.93223635,"fee_usd":1.19815934181,"balance_before_usd":9942.024120180131,"balance_after_usd":9940.227047811164,"decision":"ALLOW","cert_hash":"1a8b4da4f55fb8ef304f59ae50f64c1a9af845565d8b1dca42a51c084ff2c256","prev_hash":"01b7dd35cf6fe5d2e7619098852bb2f8a4c7410a459d7ab468cca2d7d32e5d34","record_hash":"f093c0f01d2c80918ec0b480486abbc92bbc13a3fc78d0d4b1a30d0a094073d4","signature_hex":"fbfc25064bcefbe9c27c77a1579aa8b2b6f22c73fed0add36e38ccfd436ba1e8fb345b932bb39fab4073a07be3f24326f60f31421fbd8de4555d98d0bb096b02","public_key_hex":"c2f8243b0d573587f285c830a868acd19249d17d59ecbf9329e796dfed6fb630"}
{"seq":32,"ts":1781825580000,"agent_id":"rl-qlearn","symbol":"RAAPLUSDT","side":"buy","price":297.23615004294,"quantity":6.728656658051423,"notional_usd":2000.0,"fee_usd":1.2,"balance_before_usd":9940.227053857738,"balance_after_usd":9938.427193827743,"decision":"ALLOW_CAPPED","cert_hash":"365a6b8c67e82000f9e77e59fd6e0fdb924964afff9585b3f544e4e79f199a55","prev_hash":"f093c0f01d2c80918ec0b480486abbc92bbc13a3fc78d0d4b1a30d0a094073d4","record_hash":"4eaacae0a0141af07266d7fc5d6f97570c5ac630004fedbc59b00bd8bb8a7f2a","signature_hex":"4b9997fdf9be0e1c28969f3ffd1951edc8112dd5f509d4ae248c1b6bf9d5e68e3787984570f72940a95a19860cd8190f37a7b6d753279e469ba93cb2f7842803","public_key_hex":"c2f8243b0d573587f285c830a868acd19249d17d59ecbf9329e796dfed6fb630"}
{"seq":33,"ts":1781825640000,"agent_id":"rl-qlearn","symbol":"RAAPLUSDT","side":"buy","price":297.19213684206,"quantity":6.729653150489918,"notional_usd":2000.0,"fee_usd":1.2,"balance_before_usd":9938.131221617856,"balance_after_usd":9936.331361587861,"decision":"ALLOW_CAPPED","cert_hash":"099d9a69eacb08ea897c24e8452ba31889b049d1601f8e3001f1d9e99468fda8","prev_hash":"4eaacae0a0141af07266d7fc5d6f97570c5ac630004fedbc59b00bd8bb8a7f2a","record_hash":"d65b121f0d416f08020656647e1d6849d691d99d0eb8eae929e7802fe35dfcd1","signature_hex":"74d5b5d15e56c1500cb50d9283470b16af571c178b0fbe7f8dcf329c83b8f70af1216bb6e5964bed8d933b4e1f4463649692d1b7f5db7826d34572165784cf0e","public_key_hex":"c2f8243b0d573587f285c830a868acd19249d17d59ecbf9329e796dfed6fb630"}
{"seq":34,"ts":1781825700000,"agent_id":"rl-qlearn","symbol":"RAAPLUSDT","side":"sell","price":297.010875942,"quantity":6.733760148199281,"notional_usd":2000.0,"fee_usd":1.2,"balance_before_usd":9936.29099270501,"balance_after_usd":9934.490852675004,"decision":"ALLOW_CAPPED","cert_hash":"0d6609443eabaf5dcf07353f18ac9e1f5bb963412f241b476f1e476aae56f833","prev_hash":"d65b121f0d416f08020656647e1d6849d691d99d0eb8eae929e7802fe35dfcd1","record_hash":"52366fa3847973e24fab8e35334881731453e3f00578e5e29c140ca2923b0d46","signature_hex":"e7dcb1b6d3c99bfc85990e754040ee6e53082ead1cb4094440a22ef8c4ec71ff0bd6e432b065222dee88816f680397d0616bb1f174ef9f2e6fa976ab271d8504","public_key_hex":"c2f8243b0d573587f285c830a868acd19249d17d59ecbf9329e796dfed6fb630"}
{"seq":35,"ts":1781825760000,"agent_id":"rl-qlearn","symbol":"RAAPLUSDT","side":"sell","price":297.0109165679687,"quantity":6.724550447232269,"notional_usd":1997.26489184,"fee_usd":1.198358935104,"balance_before_usd":9934.490852675004,"balance_after_usd":9932.693447707192,"decision":"ALLOW","cert_hash":"f09dac0896d7c3eec001c3e7a36f33430c2fa4d90bc2b5a6cd5e991d9ea6cdd3","prev_hash":"52366fa3847973e24fab8e35334881731453e3f00578e5e29c140ca2923b0d46","record_hash":"4352c40240202883d3e4c5f5844de8fe9a52e2b2f86832842a26ddf820ce4aaf","signature_hex":"6206ecc10cda69aa60db04c48dfc8f40d4c78579e90c86cb283c9f68ab1df1a6af0f4cfa78f76c8f46ecffd0ebd613cba0ce58adf79ffe6ab3e510985feac509","public_key_hex":"c2f8243b0d573587f285c830a868acd19249d17d59ecbf9329e796dfed6fb630"}
{"seq":36,"ts":1781826840000,"agent_id":"rl-qlearn","symbol":"RAAPLUSDT","side":"buy","price":297.5792529498,"quantity":6.720898651954709,"notional_usd":2000.0,"fee_usd":1.2,"balance_before_usd":9932.69266134585,"balance_after_usd":9930.892801315857,"decision":"ALLOW_CAPPED","cert_hash":"87c4c2e2cb75664fd04fa59ba824ba149ffae3bfc65cf9ea7d0eabc91ba294c1","prev_hash":"4352c40240202883d3e4c5f5844de8fe9a52e2b2f86832842a26ddf820ce4aaf","record_hash":"6654c6865bfd39a39dac2f28c51f62d604629c7a0493e5a1e5548cc425e726ba","signature_hex":"1e2314c6b5c78658a285f69fb18b11c1a699df3c1860e4ce97bda7dab49286594aa0f62d465f2fa6e503a6538ecdec75717d340da0058a019e46b2e6d89f0b08","public_key_hex":"c2f8243b0d573587f285c830a868acd19249d17d59ecbf9329e796dfed6fb630"}
{"seq":37,"ts":1781826900000,"agent_id":"rl-qlearn","symbol":"RAAPLUSDT","side":"sell","price":297.19285994711663,"quantity":6.720897602975468,"notional_usd":1997.40278004,"fee_usd":1.198441668024,"balance_before_usd":9929.495273788965,"balance_after_usd":9927.69773095319,"decision":"ALLOW","cert_hash":"b656c36840ef95cfad483ca03830f9246564d6cf2bcc0a951b92e591c2c02db7","prev_hash":"6654c6865bfd39a39dac2f28c51f62d604629c7a0493e5a1e5548cc425e726ba","record_hash":"c7550f86395353095d2acc03cfbcda9586904ffe69c2880b64c7b1f4e48bdece","signature_hex":"7ba7b7fda1f61b2d1579946a298595f5493b11c5414ef0a22d4cd77fa9b3f60aa83a7289a21c1093a27cdaf11dea47ca66896df8de10a4b5fc8247668586cd0f","public_key_hex":"c2f8243b0d573587f285c830a868acd19249d17d59ecbf9329e796dfed6fb630"}
{"seq":38,"ts":1781830380000,"agent_id":"rl-qlearn","symbol":"RAAPLUSDT","side":"buy","price":297.05909693940004,"quantity":6.732667070646887,"notional_usd":2000.0,"fee_usd":1.2,"balance_before_usd":9927.698359714981,"balance_after_usd":9925.898499684987,"decision":"ALLOW_CAPPED","cert_hash":"91e19b1f292889f9aecc9f6fb09ac181e663145d9161dac88d278a24c0755d9f","prev_hash":"c7550f86395353095d2acc03cfbcda9586904ffe69c2880b64c7b1f4e48bdece","record_hash":"7759c7fab1bb59316c2115958039bb72b1a417a8ef8bdc12a09722d118efa254","signature_hex":"48e94286de4968c4b54c1eca4c058a145fd46a2700fd544d7d21e1ae60455d7843e67b5dc75011159941ce9084fd4a84562f34d7cdfe1b069e834c9610ee560c","public_key_hex":"c2f8243b0d573587f285c830a868acd19249d17d59ecbf9329e796dfed6fb630"}
{"seq":39,"ts":1781831220000,"agent_id":"rl-qlearn","symbol":"RAAPLUSDT","side":"sell","price":297.0308727459617,"quantity":6.732671411736909,"notional_usd":1999.81126534,"fee_usd":1.1998867592040001,"balance_before_usd":9926.908097456262,"balance_after_usd":9925.108146181787,"decision":"ALLOW","cert_hash":"e5610bf795587f7b4d3da4ae3f391ce56fb38c6dd10d5dcc771bc27c122135a0","prev_hash":"7759c7fab1bb59316c2115958039bb72b1a417a8ef8bdc12a09722d118efa254","record_hash":"508a6863808cbbb02e972b1724329744efcbb661d377a0fb1dd80afb7d79adce","signature_hex":"a065141598d11a0c20c38a880bd2516eeae62e938f0b2d801dba735aa54a1499566a6820b28bd1cb8aaa00860ed84e10456c9f6be1fc98f852f5fd2b940fc70c","public_key_hex":"c2f8243b0d573587f285c830a868acd19249d17d59ecbf9329e796dfed6fb630"}
{"seq":40,"ts":1777032000000,"agent_id":"rl-qlearn","symbol":"RAAPLUSDT","side":"buy","price":272.58175545,"quantity":7.337248220073417,"notional_usd":2000.0,"fee_usd":1.2,"balance_before_usd":10000.0,"balance_after_usd":9998.200139970006,"decision":"ALLOW_CAPPED","cert_hash":"d787f3779f454204f0f0f8c9c6a5d55696ec3f68df0ebe036393cc811e3448cb","prev_hash":"508a6863808cbbb02e972b1724329744efcbb661d377a0fb1dd80afb7d79adce","record_hash":"1d53069c210b274a84afae6a8ddc7940f0de359b3c640256a9d729d0c7281171","signature_hex":"834b75e879aba676f1b704c2e0f0233613ab5ddc435c8fc4c3da210e21eb6e036390e804dcf07e7a1d92ba74103c71dadd94dcc365fd1fe92c73b8198297fe02","public_key_hex":"c2f8243b0d573587f285c830a868acd19249d17d59ecbf9329e796dfed6fb630"}
{"seq":41,"ts":1777035600000,"agent_id":"rl-qlearn","symbol":"RAAPLUSDT","side":"sell","price":271.53861525902335,"quantity":7.339447318161035,"notional_usd":1992.94336154,"fee_usd":1.195766016924,"balance_before_usd":9991.743361536342,"balance_after_usd":9989.950276500516,"decision":"ALLOW","cert_hash":"3258e14e0300279b9c0b43c3d3a66e75b5c671df36312c51327f2236f02d4a80","prev_hash":"1d53069c210b274a84afae6a8ddc7940f0de359b3c640256a9d729d0c7281171","record_hash":"5ba42d9e618fa90d28672fbd25cb0f875d813ad1a12bdddb2421fdd773f5e67e","signature_hex":"e360a23d814dada9e153a04430f8af937345813460b546badcee7d9d9d8f1577f2258ed3f5fd4aa32228c3d37a9675a9031d7a0cad44b7dfca49711b76e5ad09","public_key_hex":"c2f8243b0d573587f285c830a868acd19249d17d59ecbf9329e796dfed6fb630"}
{"seq":42,"ts":1777068000000,"agent_id":"rl-qlearn","symbol":"RAAPLUSDT","side":"buy","price":270.98127541799994,"quantity":7.380583757733506,"notional_usd":2000.0,"fee_usd":1.2,"balance_before_usd":9989.95185985114,"balance_after_usd":9988.151999821146,"decision":"ALLOW_CAPPED","cert_hash":"f868f8c3719d3ce14e9e25de51937a6eb2a21b84160a939ba5f93feb3c68e501","prev_hash":"5ba42d9e618fa90d28672fbd25cb0f875d813ad1a12bdddb2421fdd773f5e67e","record_hash":"1093a834a634e01791c38ccb3b1a8746c6ce0ae146209f58289fbf6a60453321","signature_hex":"d11adaf1a79fc5c1b5e68291aa2e2e37df4d1c41263b6dbe74eeca8bc80783d4b1b268a54b2f57eebd4acfb3523f405ad4756180ee3740bc21c686690ca76e09","public_key_hex":"c2f8243b0d573587f285c830a868acd19249d17d59ecbf9329e796dfed6fb630"}
{"seq":43,"ts":1777071600000,"agent_id":"rl-qlearn","symbol":"RAAPLUSDT","side":"buy","price":270.98127541799994,"quantity":7.380583757733506,"notional_usd":2000.0,"fee_usd":1.2,"balance_before_usd":9988.151999821146,"balance_after_usd":9986.352139791154,"decision":"ALLOW_CAPPED","cert_hash":"7eec9e954ea096018539fc072ba7c242f68875017e1d29659bf4e3b2f5264a2c","prev_hash":"1093a834a634e01791c38ccb3b1a8746c6ce0ae146209f58289fbf6a60453321","record_hash":"636a33121453a1fe03e2c3262e3d284e37313f6e551e975f89dcb8a1be4e4f4e","signature_hex":"94c372075cf346d3d742c4aac2d53b11679a8dcae921f274d258617e7ce3a8eecc14569a780a8cabefb90bac53546a85f2ec2513ee85392247babcf3b410e803","public_key_hex":"c2f8243b0d573587f285c830a868acd19249d17d59ecbf9329e796dfed6fb630"}
{"seq":44,"ts":1777248000000,"agent_id":"rl-qlearn","symbol":"RAAPLUSDT","side":"buy","price":270.42757994724127,"quantity":3.693988783595557,"notional_usd":998.9564471,"fee_usd":0.59937386826,"balance_before_usd":9978.382296845768,"balance_after_usd":9977.533283410405,"decision":"ALLOW","cert_hash":"4ea244d3febd021a30af3e157f640062e212f415bde79870be810237d199130e","prev_hash":"636a33121453a1fe03e2c3262e3d284e37313f6e551e975f89dcb8a1be4e4f4e","record_hash":"402e6b0ced06e4a05ec70296f8505a113b755e3c9dcd319ef5fd07e2f749b0c6","signature_hex":"8e9503469bc88096f63c58a2b7f0eafca1fd17ef783f946016fa7d9c735673d789824513c4853483303303478acf0a06e0b728ac333a5dcac9c43437adbc4201","public_key_hex":"c2f8243b0d573587f285c830a868acd19249d17d59ecbf9329e796dfed6fb630"}
{"seq":45,"ts":1777255200000,"agent_id":"rl-qlearn","symbol":"RAAPLUSDT","side":"sell","price":270.0289724022,"quantity":7.406612639406191,"notional_usd":2000.0,"fee_usd":1.2,"balance_before_usd":9972.92004411016,"balance_after_usd":9971.119904080155,"decision":"ALLOW_CAPPED","cert_hash":"570ce113f9ebc0ae919dd8c34b365f08ab54116309cbd2bea7f20275010ffe17","prev_hash":"402e6b0ced06e4a05ec70296f8505a113b755e3c9dcd319ef5fd07e2f749b0c6","record_hash":"59f2e353a32cb238607927d3a9c5d56c67e3eb302ffa8163e5bfd6c495c52ea4","signature_hex":"bbe052397f81952abce49b2a473e141eb5a26483645ba3c8db30566d22d510e0c143e1fef16e21b5a2b9240a695480387d0cfa795737f1897ad829cb44638d0b","public_key_hex":"c2f8243b0d573587f285c830a868acd19249d17d59ecbf9329e796dfed6fb630"}
{"seq":46,"ts":1777258800000,"agent_id":"rl-qlearn","symbol":"RAAPLUSDT","side":"sell","price":269.869020399,"quantity":7.4110025561400485,"notional_usd":2000.0,"fee_usd":1.2,"balance_before_usd":9969.352488950302,"balance_after_usd":9967.552348920297,"decision":"ALLOW_CAPPED","cert_hash":"552da646a77beb10f3a3c8cbe90c3b1602cac9c8c9dcd20e319072501736deae","prev_hash":"59f2e353a32cb238607927d3a9c5d56c67e3eb302ffa8163e5bfd6c495c52ea4","record_hash":"f6e0de6ac39e55f38669bf0af1e450249d5b885ebe9168d31086c1f05aa700e5","signature_hex":"46cb03748ca2af28ad539322f742c11d8c7929bb78a0a128ed0a7635b50aee8679c38126451a2aadc3ff4baf82d6871a7afc5bb2250c1f20e6d6bc463c7d220c","public_key_hex":"c2f8243b0d573587f285c830a868acd19249d17d59ecbf9329e796dfed6fb630"}
{"seq":47,"ts":1777262400000,"agent_id":"rl-qlearn","symbol":"RAAPLUSDT","side":"sell","price":269.8827681097389,"quantity":3.636247624268335,"notional_usd":981.36057437,"fee_usd":0.5888163446219999,"balance_before_usd":9967.552348920297,"balance_after_usd":9966.719060774438,"decision":"ALLOW","cert_hash":"d66c89ee8d0c55d7b5e08071ad7d0de2e4eb3a911f9f9d9c4cd69118b14d3664","prev_hash":"f6e0de6ac39e55f38669bf0af1e450249d5b885ebe9168d31086c1f05aa700e5","record_hash":"e2eda32ff97b62193eb7692ca4baa187f4fa5cae8fa5dbd8ae10e01e563cf40e","signature_hex":"87bb9b5fe7455dd9f76eb8b06dabeb01a83fd602c0d06cbd498ba6dc6532e015ecafd57f03ef00b2b44a5353c90425004ebc01d53ce40ad04173b0c883f51206","public_key_hex":"c2f8243b0d573587f285c830a868acd19249d17d59ecbf9329e796dfed6fb630"}
{"seq":48,"ts":1777366800000,"agent_id":"rl-qlearn","symbol":"RAAPLUSDT","side":"buy","price":268.8706423758,"quantity":7.438521299043886,"notional_usd":2000.0,"fee_usd":1.2,"balance_before_usd":9966.72011129229,"balance_after_usd":9964.920251262298,"decision":"ALLOW_CAPPED","cert_hash":"dc839c042650f67024b2c92b5b6a85e5dc6b473c7efa8338d2e72a2686fd6f92","prev_hash":"e2eda32ff97b62193eb7692ca4baa187f4fa5cae8fa5dbd8ae10e01e563cf40e","record_hash":"5673dbdd43cdd9a075a994a909864e513983617c8ab5eaf7fb5534494e306672","signature_hex":"bf9edfc6381830b1615ae9c6a2e4ff6bac1671eb2c1f2b686ebbc646df48c99fd0819964b0320d759a5399068d7f025fa311ae97ce682cc8ee891206742b1505","public_key_hex":"c2f8243b0d573587f285c830a868acd19249d17d59ecbf9329e796dfed6fb630"}
{"seq":49,"ts":1777370400000,"agent_id":"rl-qlearn","symbol":"RAAPLUSDT","side":"sell","price":268.69938370676545,"quantity":7.439847144240645,"notional_usd":1999.08234253,"fee_usd":1.1994494055179998,"balance_before_usd":9964.845875105495,"balance_after_usd":9963.046652800977,"decision":"ALLOW","cert_hash":"a10adfe0a14d40da0d218676f7dbdd5bcddf3efd66cf4a1ec77b07ed3a2d12fc","prev_hash":"5673dbdd43cdd9a075a994a909864e513983617c8ab5eaf7fb5534494e306672","record_hash":"1b6b259e0b32f6954fa8b465f2a979a8fe4859db84cab0907ff5006c3daa2397","signature_hex":"c323c248ee94c7f3ad4de545a122ebb61bc53ddc279c68dc1f482064d40f7ce0c71ef83d0dbff67e7f9f0254d6f4ac4e57d7d1809ae5676ccaaa1133d6d80f0a","public_key_hex":"c2f8243b0d573587f285c830a868acd19249d17d59ecbf9329e796dfed6fb630"}
{"seq":50,"ts":1777438800000,"agent_id":"rl-qlearn","symbol":"RAAPLUSDT","side":"buy","price":269.980975398,"quantity":7.407929381141186,"notional_usd":2000.0,"fee_usd":1.2,"balance_before_usd":9963.044153561255,"balance_after_usd":9961.244293531261,"decision":"ALLOW_CAPPED","cert_hash":"455f8d8854b5d62dc03a4dbb1065f77b9b0753abee5a2cd85665a5b5842f9d8f","prev_hash":"1b6b259e0b32f6954fa8b465f2a979a8fe4859db84cab0907ff5006c3daa2397","record_hash":"cbf05cefcbf1ed1bf328b57f13ae4d77fa5f7270337b5bbfec423971ada1493a","signature_hex":"13026e171c6d2ec217066dd5d1d24b13fcc965b030071fcc3ee68196e0857cf49c6b688fd5545f4ab214db9436bbfc4942cf2e3c35d921c178fc6ec413401d07","public_key_hex":"c2f8243b0d573587f285c830a868acd19249d17d59ecbf9329e796dfed6fb630"}
{"seq":51,"ts":1777442400000,"agent_id":"rl-qlearn","symbol":"RAAPLUSDT","side":"sell","price":269.70909559814925,"quantity":7.4079193978570075,"notional_usd":1997.98324106,"fee_usd":1.198789944636,"balance_before_usd":9960.429666760381,"balance_after_usd":9958.631543527903,"decision":"ALLOW","cert_hash":"ae9ca69abe42828357bf8613e1c6a21e25f9eeaef896d00096445f73d8714646","prev_hash":"cbf05cefcbf1ed1bf328b57f13ae4d77fa5f7270337b5bbfec423971ada1493a","record_hash":"38ff2e7a81ef2add59bf1142554fda5c6d295f5ddf2c10a48f51c4a9dcd17e8b","signature_hex":"96524a60fd21545fb44dc6494b0c823703995f730272ac02cabdc5406f83f3e217c80694972f3111de4eb00740a26245c4929cbb32ec899747b9b6f9f7c3db06","public_key_hex":"c2f8243b0d573587f285c830a868acd19249d17d59ecbf9329e796dfed6fb630"}
{"seq":52,"ts":1777539600000,"agent_id":"rl-qlearn","symbol":"RAAPLUSDT","side":"buy","price":271.381395426,"quantity":7.369701953446393,"notional_usd":2000.0,"fee_usd":1.2,"balance_before_usd":9958.628189091967,"balance_after_usd":9956.828329061973,"decision":"ALLOW_CAPPED","cert_hash":"278790635f00a8aba27fd114181b241f09a02744b14338f634b8860b25fb4ee1","prev_hash":"38ff2e7a81ef2add59bf1142554fda5c6d295f5ddf2c10a48f51c4a9dcd17e8b","record_hash":"9db425e7a284243f6131f13d49b43513763a4cdab5ef4f6e0228d71f6f767ea5","signature_hex":"353c432f1283b9b59fc671720b26d846b20b02e6b72bd5d51deea00245b5b7a2bc883fe8f31dd37b2235fa6f45c1f26774af0c78d2d337977d0e201795605009","public_key_hex":"c2f8243b0d573587f285c830a868acd19249d17d59ecbf9329e796dfed6fb630"}
{"seq":53,"ts":1777543200000,"agent_id":"rl-qlearn","symbol":"RAAPLUSDT","side":"buy","price":270.9512664174,"quantity":7.381401188651405,"notional_usd":2000.0,"fee_usd":1.2,"balance_before_usd":9953.660312458715,"balance_after_usd":9951.860452428722,"decision":"ALLOW_CAPPED","cert_hash":"e7845628df69356e24e50f51badbe11a770aa67bae6a70b8f90f29140bc2f537","prev_hash":"9db425e7a284243f6131f13d49b43513763a4cdab5ef4f6e0228d71f6f767ea5","record_hash":"7c4e49e4184b1e8a14403343649c0fd90a748bfcd43a52d6865704b07655adca","signature_hex":"98d57068b22bc9679bff1f1e8b35336a7d90d6619390f05ea2f87ac4430ca3b482017cdd939374386b4de7e60ecc315daac4aede91ac78f5ca3acc93d3a06408","public_key_hex":"c2f8243b0d573587f285c830a868acd19249d17d59ecbf9329e796dfed6fb630"}
{"seq":54,"ts":1777546800000,"agent_id":"rl-qlearn","symbol":"RAAPLUSDT","side":"buy","price":271.5175492621356,"quantity":3.596907373295133,"notional_usd":976.62347492,"fee_usd":0.585974084952,"balance_before_usd":9960.414803792302,"balance_after_usd":9959.585861268313,"decision":"ALLOW","cert_hash":"b1385f32ba9e2ebf94853a7a3b96fe5d11ba61a45457c82fecc5417f1c4b1572","prev_hash":"7c4e49e4184b1e8a14403343649c0fd90a748bfcd43a52d6865704b07655adca","record_hash":"9563ae8fad79f16c28642ad267f6168349e9efeb83cbf4685e0aeda122e0312d","signature_hex":"adda56f2efe40fbfaf119ec127d0bb3c6d07f9ac62800630341b58393b695a2afff78b9142f8838ec16d5dd266a7365e5ee09ece2909dc9cd3ed93ee81a65004","public_key_hex":"c2f8243b0d573587f285c830a868acd19249d17d59ecbf9329e796dfed6fb630"}
{"seq":55,"ts":1777550400000,"agent_id":"rl-qlearn","symbol":"RAAPLUSDT","side":"sell","price":271.5085284318,"quantity":7.366251113921742,"notional_usd":2000.0,"fee_usd":1.2,"balance_before_usd":9962.154271733163,"balance_after_usd":9960.354131703158,"decision":"ALLOW_CAPPED","cert_hash":"3a44695f5715b8317b012b64d78fe5dccaef9268bcaa154da39e005df2826c05","prev_hash":"9563ae8fad79f16c28642ad267f6168349e9efeb83cbf4685e0aeda122e0312d","record_hash":"7ffd02013a6b0092d1dfb94119c29d10ba95498412212383972eee299cca8675","signature_hex":"61297e5987c357ab5fef55597e51ed6d5069911f15f725cbd043192c676987de0cf29b088183278feb5302bd78ec36c7eeb0fe0f0a8394c6fad98441f7e06a0f","public_key_hex":"c2f8243b0d573587f285c830a868acd19249d17d59ecbf9329e796dfed6fb630"}
{"seq":56,"ts":1777554000000,"agent_id":"rl-qlearn","symbol":"RAAPLUSDT","side":"sell","price":270.49883141159995,"quantity":7.393747283723877,"notional_usd":2000.0,"fee_usd":1.2,"balance_before_usd":9949.264798403232,"balance_after_usd":9947.464658373225,"decision":"ALLOW_CAPPED","cert_hash":"82990cf36ac929d37a544d03ff0e921814235ba0221eb244689a968fff98c37a","prev_hash":"7ffd02013a6b0092d1dfb94119c29d10ba95498412212383972eee299cca8675","record_hash":"60e9ccda904ad0daf05181af0f6bddcd2ef192bf06e3160ce4ce35531a586d61","signature_hex":"bfd083d5776d25687d42b3e3f90e6e15988e59d4b2aa8694fa6ff6242baa637a7e9ddd98899b5fddb273aa1e7f5f726a8b6dabf9bedbb63f0c9735a47bc82a0d","public_key_hex":"c2f8243b0d573587f285c830a868acd19249d17d59ecbf9329e796dfed6fb630"}
{"seq":57,"ts":1777557600000,"agent_id":"rl-qlearn","symbol":"RAAPLUSDT","side":"sell","price":270.8126724802552,"quantity":3.5866821107524736,"notional_usd":971.31896775,"fee_usd":0.58279138065,"balance_before_usd":9948.540395564323,"balance_after_usd":9947.716121773043,"decision":"ALLOW","cert_hash":"60ec37ac4fe5e34b6801c0a0193158ee3f89ca34788b687743cdd570a0d9026b","prev_hash":"60e9ccda904ad0daf05181af0f6bddcd2ef192bf06e3160ce4ce35531a586d61","record_hash":"c81566dc03d0e739bf66a72fcdc3056e6b8b013dee335d76fedee1b6f65e732b","signature_hex":"d57d4d8f1e9f2515da031a47a0e66dfbbf3b831af4820348f18e435dfbf3ffeafac29adb1e0ffb23eba8f14f2a18050af3ff0127e0d7ea8939bd42dfc3d36e06","public_key_hex":"c2f8243b0d573587f285c830a868acd19249d17d59ecbf9329e796dfed6fb630"}
{"seq":58,"ts":1777579200000,"agent_id":"rl-qlearn","symbol":"RAAPLUSDT","side":"buy","price":268.3904983662,"quantity":7.451828630949298,"notional_usd":2000.0,"fee_usd":1.2,"balance_before_usd":9947.718412860599,"balance_after_usd":9945.918552830606,"decision":"ALLOW_CAPPED","cert_hash":"871ebe6183fe00188600096a539d38f5f04e0e035fc1e2c7769404446dc38621","prev_hash":"c81566dc03d0e739bf66a72fcdc3056e6b8b013dee335d76fedee1b6f65e732b","record_hash":"bcf96fca3eb5ba6a56da951039487791558123a43fec3a54cb018aba7dfc156c","signature_hex":"1985b75b04e32ef60888eafede060b1ac74aa4dbac9c41dbde4b31da0817a47887781c663b2c000eb745fb08bd65d5940c1e227245a617c51aaaaa344df7bf05","public_key_hex":"c2f8243b0d573587f285c830a868acd19249d17d59ecbf9329e796dfed6fb630"}
{"seq":59,"ts":1777582800000,"agent_id":"rl-qlearn","symbol":"RAAPLUSDT","side":"sell","price":281.204718895782,"quantity":7.112256180669661,"notional_usd":2000.0,"fee_usd":1.2,"balance_before_usd":10042.625011287515,"balance_after_usd":10040.824871257508,"decision":"ALLOW_CAPPED","cert_hash":"7b449dbb737ff9d42a6b3fc7984449d2a718bde0a227fb81f4a4eca67afeeabd","prev_hash":"bcf96fca3eb5ba6a56da951039487791558123a43fec3a54cb018aba7dfc156c","record_hash":"cdfc776d43f1dc61f48d8580b1830cc9b65eb1095336f67a33cc39200170b3db","signature_hex":"86c8254d5ad5c39c91cc4d8dc1cbf965c8657d34c27c69750ff1d979606170a53090340b505089b853b3305cbaaadd8ecd7f6e43f631c088ff5e3a5be1566400","public_key_hex":"c2f8243b0d573587f285c830a868acd19249d17d59ecbf9329e796dfed6fb630"}
{"seq":60,"ts":1777874400000,"agent_id":"rl-qlearn","symbol":"RAAPLUSDT","side":"buy","price":279.6138645906,"quantity":7.152721138947542,"notional_usd":2000.0,"fee_usd":1.2,"balance_before_usd":10040.229097551706,"balance_after_usd":10038.429237521714,"decision":"ALLOW_CAPPED","cert_hash":"af2be946880b82e86af1a49893112a7b760d5abd4b1c820f7ca6814a10b6d61f","prev_hash":"cdfc776d43f1dc61f48d8580b1830cc9b65eb1095336f67a33cc39200170b3db","record_hash":"f09531ddf276fffc0511ffa9601f36e4a3b0db4800922f499918ff30407c336a","signature_hex":"f112f07758d6efd323b926e722066fa9ea5088303f05287cec269267d227abc0de1e502c3693b5f8c7053783118c340bbad9e0d4eb96c0d46354663420395c05","public_key_hex":"c2f8243b0d573587f285c830a868acd19249d17d59ecbf9329e796dfed6fb630"}
{"seq":61,"ts":1777878000000,"agent_id":"rl-qlearn","symbol":"RAAPLUSDT","side":"sell","price":279.66608059500004,"quantity":7.151385665880271,"notional_usd":2000.0,"fee_usd":1.2,"balance_before_usd":10040.077345987116,"balance_after_usd":10038.277205957109,"decision":"ALLOW_CAPPED","cert_hash":"973c7e189a913719bfc65215a406582cf445a5e929f7f7f11cad5ee9a39ed0c9","prev_hash":"f09531ddf276fffc0511ffa9601f36e4a3b0db4800922f499918ff30407c336a","record_hash":"1ed09c09ca35d1f9c42d111a396d5c5813eeddb188968f21dc6187b5ac7add9d","signature_hex":"669f7812c448fe4ffe5a769e4cbb3b454beed180ef6bda1cd7807bfc1036e4ea30c8cd0080830cc9936f2f1766b962a7f6c0897f0c030c47e7e312a7489bfa0b","public_key_hex":"c2f8243b0d573587f285c830a868acd19249d17d59ecbf9329e796dfed6fb630"}
{"seq":62,"ts":1777921200000,"agent_id":"rl-qlearn","symbol":"RAAPLUSDT","side":"buy","price":276.94306353720003,"quantity":7.221701004009268,"notional_usd":2000.0,"fee_usd":1.2,"balance_before_usd":10037.294558417796,"balance_after_usd":10035.494698387802,"decision":"ALLOW_CAPPED","cert_hash":"cfe56c80af158f5423a75db4c49b9a0ab4931585503e26ca116e70df577f9ca4","prev_hash":"1ed09c09ca35d1f9c42d111a396d5c5813eeddb188968f21dc6187b5ac7add9d","record_hash":"1df5b9bd8b317600444f101013cd4ab90c9634d8391d8b81b550b99e398fa727","signature_hex":"bf82e6f99b6080892832b923dfa570ef717a0164cc957dabbb87155e1283e8b7a9bd6e58fff36d3301a35ec11e6e9f959dae1c9ce6f71043b3c88281449bf804","public_key_hex":"c2f8243b0d573587f285c830a868acd19249d17d59ecbf9329e796dfed6fb630"}
{"seq":63,"ts":1777924800000,"agent_id":"rl-qlearn","symbol":"RAAPLUSDT","side":"sell","price":276.6069985338,"quantity":7.230475044381822,"notional_usd":2000.0,"fee_usd":1.2,"balance_before_usd":10034.20920642069,"balance_after_usd":10032.409066390683,"decision":"ALLOW_CAPPED","cert_hash":"50731425ef8cd0de29daf59398fb35b6a1793a7cdff346f79d53c8fe3dd874c8","prev_hash":"1df5b9bd8b317600444f101013cd4ab90c9634d8391d8b81b550b99e398fa727","record_hash":"cfe994e441c353d9e1fe03f90463fc335116176586930fe69f808ec29ed49792","signature_hex":"effb75ac59d1637283309db80ab55e8ac8856a12af103d0a31fc8979254cd5d01a7a0dece73564596c3d1962ee43191527d1e804367327ab3b2f267180e00209","public_key_hex":"c2f8243b0d573587f285c830a868acd19249d17d59ecbf9329e796dfed6fb630"}
{"seq":64,"ts":1777935600000,"agent_id":"rl-qlearn","symbol":"RAAPLUSDT","side":"buy","price":276.532940529,"quantity":7.2324114305299565,"notional_usd":2000.0,"fee_usd":1.2,"balance_before_usd":10032.32956821247,"balance_after_usd":10030.529708182476,"decision":"ALLOW_CAPPED","cert_hash":"ccce02c325df0f1ee59b1e482db0376612b8e6e8907b2a044fa0c7973998b030","prev_hash":"cfe994e441c353d9e1fe03f90463fc335116176586930fe69f808ec29ed49792","record_hash":"32d81c302e8b48ef2e45fb3ba4b21ee2a74fa928bc84925859a6fad015592c08","signature_hex":"bc9ab9b5406f543359e10610a24a4c8bce998f35d545b4a5037ccefec018c4de155f1125743ff02ed01a4c05bce3ba7ce8cca45aed29bd6a3c6d333917f2c90d","public_key_hex":"c2f8243b0d573587f285c830a868acd19249d17d59ecbf9329e796dfed6fb630"}
{"seq":65,"ts":1777939200000,"agent_id":"rl-qlearn","symbol":"RAAPLUSDT","side":"sell","price":276.7569535368,"quantity":7.226557361761329,"notional_usd":2000.0,"fee_usd":1.2,"balance_before_usd":10033.479533179978,"balance_after_usd":10031.67939314997,"decision":"ALLOW_CAPPED","cert_hash":"258745a2f469e50222e447b1fdc2b5f8883384baf1ee9268a3e44254de35dc8a","prev_hash":"32d81c302e8b48ef2e45fb3ba4b21ee2a74fa928bc84925859a6fad015592c08","record_hash":"7ce96e231c72a5c8f7c3f81060949cf0191b056d854741cf7f3f1e781ac7e862","signature_hex":"de844c8bbd3927f8622fe856d1e5ca2e0e60879b432829180e21459250627845b1d3617044e6decbf8705e517d2bc7b3fc67b95b99a9780dae75f7d937968b03","public_key_hex":"c2f8243b0d573587f285c830a868acd19249d17d59ecbf9329e796dfed6fb630"}
{"seq":66,"ts":1777950000000,"agent_id":"rl-qlearn","symbol":"RAAPLUSDT","side":"buy","price":277.04309353919996,"quantity":7.2190935152007745,"notional_usd":2000.0,"fee_usd":1.2,"balance_before_usd":10031.719844727328,"balance_after_usd":10029.919984697335,"decision":"ALLOW_CAPPED","cert_hash":"c0998b003e5072ba8ceaa2d484983075db0bf9b2d462cfc3cef638d481c21351","prev_hash":"7ce96e231c72a5c8f7c3f81060949cf0191b056d854741cf7f3f1e781ac7e862","record_hash":"42083ae5a9a653a8866233c0cf9925b70643940d450067e4a67ecf3eff75d425","signature_hex":"2992a28e32ed505675aa501d20dc55c671a14508c6b93ffd44108c4b5938bf39cb1408d189eb6f420cee95b5a105538e7c837480980cf83c28e6079dcad7ba07","public_key_hex":"c2f8243b0d573587f285c830a868acd19249d17d59ecbf9329e796dfed6fb630"}
{"seq":67,"ts":1777953600000,"agent_id":"rl-qlearn","symbol":"RAAPLUSDT","side":"sell","price":276.74695653659995,"quantity":7.226818408517887,"notional_usd":2000.0,"fee_usd":1.2,"balance_before_usd":10028.93767999822,"balance_after_usd":10027.137539968213,"decision":"ALLOW_CAPPED","cert_hash":"4cb85b4baba226b03006809d3f0ddf39914de21fe92bccbd64a46fde01b22c04","prev_hash":"42083ae5a9a653a8866233c0cf9925b70643940d450067e4a67ecf3eff75d425","record_hash":"ac9afb6991783c8f159646ce782690c237f99161245ccf60ce50cfd126976964","signature_hex":"9c96806984138e441cc40a973795933288f5fcb3be5abafa943d89a2075987f61e3f69ec25a259d238c8c73c07a2b3a01012144386a6bc63234967f284dbe10e","public_key_hex":"c2f8243b0d573587f285c830a868acd19249d17d59ecbf9329e796dfed6fb630"}
{"seq":68,"ts":1777968000000,"agent_id":"rl-qlearn","symbol":"RAAPLUSDT","side":"buy","price":276.58295553,"quantity":7.231103580361686,"notional_usd":2000.0,"fee_usd":1.2,"balance_before_usd":10027.028847345271,"balance_after_usd":10025.228987315279,"decision":"ALLOW_CAPPED","cert_hash":"f246997d7db62181dae5321909feecc5f51621e02c88d62d02854ebcf676cbea","prev_hash":"ac9afb6991783c8f159646ce782690c237f99161245ccf60ce50cfd126976964","record_hash":"dc78cb9154f30df3819327ad747185ba3340cf3ada269fd108c321294ca041af","signature_hex":"585ac44ec98d8d6d2411e8ad91937c3e9f6626c68f6274bd1bc72bfe1a29cd57af3e490b150727a5a230f181815fd7bca0d9caf49993bfc27f4ed96205ab7006","public_key_hex":"c2f8243b0d573587f285c830a868acd19249d17d59ecbf9329e796dfed6fb630"}
{"seq":69,"ts":1777971600000,"agent_id":"rl-qlearn","symbol":"RAAPLUSDT","side":"sell","price":276.182725845312,"quantity":7.241582520697496,"notional_usd":2000.0,"fee_usd":1.2,"balance_before_usd":10023.456811936594,"balance_after_usd":10021.656671906587,"decision":"ALLOW_CAPPED","cert_hash":"40df21d1aea9b8559708cf3d323cd604548c49c1b6ddb8df090f59302be3b4dc","prev_hash":"dc78cb9154f30df3819327ad747185ba3340cf3ada269fd108c321294ca041af","record_hash":"4a6786af4ab9665edcfdd24fb50c09455e9d1e68066b6393dd19acf68f963494","signature_hex":"192c9db58fb0af8b44b0a4ddc616579ded58a9973f263c210af5effb3ba09d1f4d27f5d1b8ab1981c06f187c2a448ea37d51fdb54c581f5253c36990501e3603","public_key_hex":"c2f8243b0d573587f285c830a868acd19249d17d59ecbf9329e796dfed6fb630"}
{"seq":70,"ts":1777986000000,"agent_id":"rl-qlearn","symbol":"RAAPLUSDT","side":"buy","price":279.7138945926,"quantity":7.150163215570597,"notional_usd":2000.0,"fee_usd":1.2,"balance_before_usd":10022.72955431918,"balance_after_usd":10020.929694289187,"decision":"ALLOW_CAPPED","cert_hash":"99deb8b278a7818c9fd7eb0f158de3b483b44eee1a2b88657f7e688619246364","prev_hash":"4a6786af4ab9665edcfdd24fb50c09455e9d1e68066b6393dd19acf68f963494","record_hash":"b23ef40a89769f754e204c1cbf2eca5d3a58d5f7347e44065a0f1c50c14a17d5","signature_hex":"1c3fc15195f7c51ae208d8f799acbd56311473f20ac29e375d02d420f560e54846d9ad8a80acbbde67abb3f83c5c5115a16f3497db8cbf706a721fd01e0cba0b","public_key_hex":"c2f8243b0d573587f285c830a868acd19249d17d59ecbf9329e796dfed6fb630"}
{"seq":71,"ts":1777989600000,"agent_id":"rl-qlearn","symbol":"RAAPLUSDT","side":"buy","price":280.60416161039996,"quantity":7.127478040674485,"notional_usd":2000.0,"fee_usd":1.2,"balance_before_usd":10027.5771540045,"balance_after_usd":10025.777293974506,"decision":"ALLOW_CAPPED","cert_hash":"f20156e1c0e5b273c3dd42409ea2ae9e1143ff754cdffda489829f0f739e7230","prev_hash":"b23ef40a89769f754e204c1cbf2eca5d3a58d5f7347e44065a0f1c50c14a17d5","record_hash":"a03b6519e52bdbd6c8154e72ceb134a9d419774b419234342ba4ff43d0a0b401","signature_hex":"2c111094927fc9107301591c5c10717c44789f9bab964464d3b0d973d536e74766bae63215852cf32dedb8ba0cb142c5078719608c03206a3bd36fc13d432a07","public_key_hex":"c2f8243b0d573587f285c830a868acd19249d17d59ecbf9329e796dfed6fb630"}
{"seq":72,"ts":1777993200000,"agent_id":"rl-qlearn","symbol":"RAAPLUSDT","side":"buy","price":280.2489388835839,"quantity":3.285473164066045,"notional_usd":920.75036796,"fee_usd":0.5524502207759999,"balance_before_usd":10020.81447244831,"balance_after_usd":10020.035525375559,"decision":"ALLOW","cert_hash":"df6deec0a771874e23cac4e05f3fa92bacbff42f61cd23cd979ab8cf8625ddf0","prev_hash":"a03b6519e52bdbd6c8154e72ceb134a9d419774b419234342ba4ff43d0a0b401","record_hash":"0d2b88d7aeb397289c7ba97432393b78ad238cb7033bbc9543277e5bc8907835","signature_hex":"a24063753282b2c07b8c6267dae49619fd720a69a3706b39ef561f9bab84b2085f0bf1bb623dc53f8cc77c7d35a8890cda881e7eb1513427c621109fb2748d00","public_key_hex":"c2f8243b0d573587f285c830a868acd19249d17d59ecbf9329e796dfed6fb630"}
{"seq":73,"ts":1778007600000,"agent_id":"rl-qlearn","symbol":"RAAPLUSDT","side":"sell","price":284.0947516836,"quantity":7.039904778767,"notional_usd":2000.0,"fee_usd":1.2,"balance_before_usd":10091.563553634136,"balance_after_usd":10089.763413604129,"decision":"ALLOW_CAPPED","cert_hash":"510800c68807a5e364f0072614e693973bb52916dcb7dff3b7865ae0251fae9c","prev_hash":"0d2b88d7aeb397289c7ba97432393b78ad238cb7033bbc9543277e5bc8907835","record_hash":"72bf04618f54dc2e39a01093f59492d8b8ee1c56fb71a604e128a0027a4c776e","signature_hex":"17615c60a004790b7a5dfd99487398214c83c57c58b3997d4ec100cff5624efa3ca1eeeec7135ab0373681c2210245a3eff0fc443cb2e715daf0724c2b46dd01","public_key_hex":"c2f8243b0d573587f285c830a868acd19249d17d59ecbf9329e796dfed6fb630"}
{"seq":74,"ts":1778011200000,"agent_id":"rl-qlearn","symbol":"RAAPLUSDT","side":"sell","price":283.1850246654,"quantity":7.062520351713934,"notional_usd":2000.0,"fee_usd":1.2,"balance_before_usd":10079.89710052398,"balance_after_usd":10078.096960493975,"decision":"ALLOW_CAPPED","cert_hash":"1d5327e1d1f00360ff288c8146efcf15fd7acc335bc867fbd572c87bfb77f6b5","prev_hash":"72bf04618f54dc2e39a01093f59492d8b8ee1c56fb71a604e128a0027a4c776e","record_hash":"3adaf9a434c253f61a5fb3fb9fd83135f0d6bbf754705e7d89007bbd8f64abea","signature_hex":"f49452d169d0a326a064d292f2caea0a2e85b3b496f0725eebd4d9fb53fe114ba1cbbda04edf6381f4bfb7cfaf2d39b85acac082b9707e4dcc151ca6b72e790b","public_key_hex":"c2f8243b0d573587f285c830a868acd19249d17d59ecbf9329e796dfed6fb630"}
{"seq":75,"ts":1778014800000,"agent_id":"rl-qlearn","symbol":"RAAPLUSDT","side":"sell","price":282.6083673985601,"quantity":3.780539942907025,"notional_usd":1068.41222115,"fee_usd":0.64104733269,"balance_before_usd":10075.867007152818,"balance_after_usd":10074.95514990917,"decision":"ALLOW","cert_hash":"b97523bf81c8e822a0324625a7f5f4d5138e780c09f70601df039c00f251c6cd","prev_hash":"3adaf9a434c253f61a5fb3fb9fd83135f0d6bbf754705e7d89007bbd8f64abea","record_hash":"eaf225933ff72a158c00860090c0d3a221ec71f952b5596368d725efeb20f78f","signature_hex":"8f692979d3c7afc74f4fe1bb955a9ffce34d23814febf0321c4acaab6bb23c7dfc66e6ec5e648ff2ea1cfcae7a3afc5e0c4afe1db15883c4efbb6e1fc2fd7f0c","public_key_hex":"c2f8243b0d573587f285c830a868acd19249d17d59ecbf9329e796dfed6fb630"}
{"seq":76,"ts":1778018400000,"agent_id":"rl-qlearn","symbol":"RAAPLUSDT","side":"buy","price":282.8248276548,"quantity":7.071514960635234,"notional_usd":2000.0,"fee_usd":1.2,"balance_before_usd":10074.955092428645,"balance_after_usd":10073.15523239865,"decision":"ALLOW_CAPPED","cert_hash":"8ec3f12bd7a59e303f72ac5985e07dd3257fcbdb77ad593012ddbc1c8fa757a5","prev_hash":"eaf225933ff72a158c00860090c0d3a221ec71f952b5596368d725efeb20f78f","record_hash":"0b39c766a216d641b563b5d48d7a940d298fa864decbffe6b9a3c744bdf4cfbf","signature_hex":"b82dab87e6041474aa3f66cf0173722b3fccbe6a8977a8b5531e79b2ec20dec8ef317206ac59fff942caa853a6b238d0ee71634254ebc7abd3668ad7b2d3400f","public_key_hex":"c2f8243b0d573587f285c830a868acd19249d17d59ecbf9329e796dfed6fb630"}
{"seq":77,"ts":1778022000000,"agent_id":"rl-qlearn","symbol":"RAAPLUSDT","side":"sell","price":282.31533188237717,"quantity":7.072677455724963,"notional_usd":1996.72528321,"fee_usd":1.198035169926,"balance_before_usd":10070.751243035009,"balance_after_usd":10068.954377578353,"decision":"ALLOW","cert_hash":"27e4deaadcbe5f9998151ff2e030a1cd002618fd6000a25e587ef92844ff686d","prev_hash":"0b39c766a216d641b563b5d48d7a940d298fa864decbffe6b9a3c744bdf4cfbf","record_hash":"0f5e0594d6d623ae33ba3018c66030a0f383ea83bbef714c454c547044783bfb","signature_hex":"ddca3eafd3d7cdcbf0c900d93f8607d9bfff03636d9b5fb7bced0e9e8e7a0897d560b3354ffd7d4d56116ea55448566722b5222966acb852773c8c599159ab0d","public_key_hex":"c2f8243b0d573587f285c830a868acd19249d17d59ecbf9329e796dfed6fb630"}
{"seq":78,"ts":1778025600000,"agent_id":"rl-qlearn","symbol":"RAAPLUSDT","side":"buy","price":281.99457863820004,"quantity":7.092334929481061,"notional_usd":2000.0,"fee_usd":1.2,"balance_before_usd":10068.955416625231,"balance_after_usd":10067.155556595237,"decision":"ALLOW_CAPPED","cert_hash":"f473a1970f7d2e8b9295a650964e0a6756e263a9111b978d77a026aaf95e0cee","prev_hash":"0f5e0594d6d623ae33ba3018c66030a0f383ea83bbef714c454c547044783bfb","record_hash":"aea46c56e78abceac1e9d9ff5e725c46791430f5e17587175efc1fe8eb0b6a18","signature_hex":"2312a86d48897945bdc30bf498b303a859c1cd75c5b37cd86cecdfd711d4c8a1b6220b12bae945bc484ce1a1a2d8db36f69cc5d729b373a6f29a584d2965260f","public_key_hex":"c2f8243b0d573587f285c830a868acd19249d17d59ecbf9329e796dfed6fb630"}
{"seq":79,"ts":1778029200000,"agent_id":"rl-qlearn","symbol":"RAAPLUSDT","side":"sell","price":281.96539353202303,"quantity":7.092341913664244,"notional_usd":1999.79497875,"fee_usd":1.19987698725,"balance_before_usd":10068.148186614828,"balance_after_usd":10066.348251628577,"decision":"ALLOW","cert_hash":"3be0bc1bb6b0d20ad22a07fbcf48b5b968af00d4726a2524678d810dca2c46d2","prev_hash":"aea46c56e78abceac1e9d9ff5e725c46791430f5e17587175efc1fe8eb0b6a18","record_hash":"414cc4b20e47da88da25868d76c89c55bd29a1565dc5e6aa1fb1458d31c29d3e","signature_hex":"2aaf91e243dc515c103efc6ebc8bf47a706489fe82b50baf2ae0e8a9ab43d81da49672f4919b678654eff2200e1c3ff7b5832fc4221f437f0a150f887c76a404","public_key_hex":"c2f8243b0d573587f285c830a868acd19249d17d59ecbf9329e796dfed6fb630"}
{"seq":80,"ts":1778032800000,"agent_id":"rl-qlearn","symbol":"RAAPLUSDT","side":"buy","price":282.18463564200005,"quantity":7.087558099858227,"notional_usd":2000.0,"fee_usd":1.2,"balance_before_usd":10066.348145254176,"balance_after_usd":10064.548285224182,"decision":"ALLOW_CAPPED","cert_hash":"e8d4e048bf996edd39fea1fff02274b301fda15443030c4f55c439d159bace7f","prev_hash":"414cc4b20e47da88da25868d76c89c55bd29a1565dc5e6aa1fb1458d31c29d3e","record_hash":"1a37d0e2c02c67b3fb05372c3452989e349bb53df213a2593fdbc9b7204726f1","signature_hex":"dddf9d3c75b85be98b324b9f9720912efe11931c34194f80bb5712b7325fb981c2efd582456b056f50248e6e4d71509b0259d13e994bdd11d822013489362f0a","public_key_hex":"c2f8243b0d573587f285c830a868acd19249d17d59ecbf9329e796dfed6fb630"}
{"seq":81,"ts":1778036400000,"agent_id":"rl-qlearn","symbol":"RAAPLUSDT","side":"sell","price":281.8254685253655,"quantity":7.087555834579303,"notional_usd":1997.45374378,"fee_usd":1.198472246268,"balance_before_usd":10063.202053407933,"balance_after_usd":10061.404459615414,"decision":"ALLOW","cert_hash":"2fc6edad5a5bcd1d291d2ea5025e3c243f89f08251f64e9e45c4cd8a3aad62a7","prev_hash":"1a37d0e2c02c67b3fb05372c3452989e349bb53df213a2593fdbc9b7204726f1","record_hash":"690c05dc0261a3de6971f05670e2dc303ab7ebb4c6e8577577ea5cc0d7a90fa7","signature_hex":"daddb47fe0a350f951615978f462d6f48dcd69786b471f3d79553bad715f51489f195b582283f3e74da46ab82053773ba2475c3efbb79e585ffab770da1a1e08","public_key_hex":"c2f8243b0d573587f285c830a868acd19249d17d59ecbf9329e796dfed6fb630"}
{"seq":82,"ts":1778040000000,"agent_id":"rl-qlearn","symbol":"RAAPLUSDT","side":"buy","price":281.9545666374,"quantity":7.0933413984106375,"notional_usd":2000.0,"fee_usd":1.2,"balance_before_usd":10061.404544624324,"balance_after_usd":10059.604684594331,"decision":"ALLOW_CAPPED","cert_hash":"905760fedf9a450dd1f7f3d765f13569573170f918d1c7c6cece8b40ccaa1f3b","prev_hash":"690c05dc0261a3de6971f05670e2dc303ab7ebb4c6e8577577ea5cc0d7a90fa7","record_hash":"c21f0b93ff72e97a2646bc44ee9aa20c30180615591d3c64c3f19372bd333b2d","signature_hex":"a02be549e9ab687af9a694176c4a517784cef3994bcb4caa229743d098b1cbaba98514d42389e8c78321efe777964cbcf9683152dfef853ffbdc755da67de80c","public_key_hex":"c2f8243b0d573587f285c830a868acd19249d17d59ecbf9329e796dfed6fb630"}
{"seq":83,"ts":1778043600000,"agent_id":"rl-qlearn","symbol":"RAAPLUSDT","side":"sell","price":282.4052586498,"quantity":7.082021098198189,"notional_usd":2000.0,"fee_usd":1.2,"balance_before_usd":10064.001238623247,"balance_after_usd":10062.20109859324,"decision":"ALLOW_CAPPED","cert_hash":"76c3c74886518b2ac7363a3d87881817b29098733bf8aa70ebdd579591cb4122","prev_hash":"c21f0b93ff72e97a2646bc44ee9aa20c30180615591d3c64c3f19372bd333b2d","record_hash":"c7f9a40c945f701fb26cc7b039fa326e224ceecf41600975db0c2663b656749b","signature_hex":"0083618b97ceae57d916728ece77e795b74c4cf623ea9034b5fd348a8efc40b39aa8d76e06f1782a96980ade8127e97b4ff6c6848a58b58414b9083e87651b00","public_key_hex":"c2f8243b0d573587f285c830a868acd19249d17d59ecbf9329e796dfed6fb630"}
{"seq":84,"ts":1778058000000,"agent_id":"rl-qlearn","symbol":"RAAPLUSDT","side":"buy","price":282.284665644,"quantity":7.085046562615189,"notional_usd":2000.0,"fee_usd":1.2,"balance_before_usd":10062.198432020772,"balance_after_usd":10060.398571990778,"decision":"ALLOW_CAPPED","cert_hash":"57a955ac988e77074448cf8659a8e0724e267c9003045cc514f41323d0b63976","prev_hash":"c7f9a40c945f701fb26cc7b039fa326e224ceecf41600975db0c2663b656749b","record_hash":"a1b97908e5604e4e8f6442b364cf357b12e172839e2c3e5cbf14d45095167480","signature_hex":"550cf41e5985378e4c1b1817c5eeb1d38e20870e677b2c6ab225d25d4768c29e859ee87a76d4cd1d33dfc66335a9ef1a475b24817b2c3ea8ffd4908de47aae07","public_key_hex":"c2f8243b0d573587f285c830a868acd19249d17d59ecbf9329e796dfed6fb630"}
{"seq":85,"ts":1778061600000,"agent_id":"rl-qlearn","symbol":"RAAPLUSDT","side":"sell","price":283.0850546634,"quantity":7.0650144437264055,"notional_usd":2000.0,"fee_usd":1.2,"balance_before_usd":10067.279986381665,"balance_after_usd":10065.479846351656,"decision":"ALLOW_CAPPED","cert_hash":"df13fa8e2c69ececfe4459f4e5c6e472d847e30cd46d11609f6a9e70a8ea1171","prev_hash":"a1b97908e5604e4e8f6442b364cf357b12e172839e2c3e5cbf14d45095167480","record_hash":"b2f770d192098bfec993147ea05720b60187c71047b0798b92b5456eefaa5257","signature_hex":"b733bca8afe67e22bedcbb90cdb06b854e8dc3010a8e95f5ab75c64c934709e3bbdb2560fcdcfb6c93ae05a7e4ec63d992f97443aec0cf5b5c0ea63807b47b07","public_key_hex":"c2f8243b0d573587f285c830a868acd19249d17d59ecbf9329e796dfed6fb630"}
{"seq":86,"ts":1778072400000,"agent_id":"rl-qlearn","symbol":"RAAPLUSDT","side":"buy","price":286.1958387222,"quantity":6.988221802698285,"notional_usd":2000.0,"fee_usd":1.2,"balance_before_usd":10065.565774308965,"balance_after_usd":10063.76591427897,"decision":"ALLOW_CAPPED","cert_hash":"3a1b3484820244e26a505cf2d04f7522c83679626510c1bd3e83ee51a803dcf2","prev_hash":"b2f770d192098bfec993147ea05720b60187c71047b0798b92b5456eefaa5257","record_hash":"5b16008781e596accfcdb462e691f0174521d427d74b2c533bd0c191de0e41e9","signature_hex":"0f6167548d5bd77da0ff2de5f102cbfa6b910920f17fc43156bf7ea063aaa9b763867fdf61afca486243be46d52050ec3d51b32304cc5553757db5fa26ea1200","public_key_hex":"c2f8243b0d573587f285c830a868acd19249d17d59ecbf9329e796dfed6fb630"}
{"seq":87,"ts":1778076000000,"agent_id":"rl-qlearn","symbol":"RAAPLUSDT","side":"buy","price":284.97047119769996,"quantity":7.018271021535028,"notional_usd":2000.0,"fee_usd":1.2,"balance_before_usd":10055.169539255121,"balance_after_usd":10053.369679225127,"decision":"ALLOW_CAPPED","cert_hash":"61af4c967b1c63248ada6ce2a85282b2533e07336b603b3f1285397a59d403d6","prev_hash":"5b16008781e596accfcdb462e691f0174521d427d74b2c533bd0c191de0e41e9","record_hash":"78b29e4c6e9ffcb5bb18d8f1846e300b4e0dbb8d107815b95e76e77d52113e53","signature_hex":"fa9a5ff0b4dddd170072003aaa73145f1850d38376c063e2c182f97fe8b2353cdef1266b78adbd3017c1472a57d854d01a15a72c84fc528d64b3253292ba7505","public_key_hex":"c2f8243b0d573587f285c830a868acd19249d17d59ecbf9329e796dfed6fb630"}
{"seq":88,"ts":1778079600000,"agent_id":"rl-qlearn","symbol":"RAAPLUSDT","side":"buy","price":285.6717341988632,"quantity":3.5813867777614776,"notional_usd":1023.10097164,"fee_usd":0.613860582984,"balance_before_usd":10063.405219039854,"balance_after_usd":10062.534450545547,"decision":"ALLOW","cert_hash":"ffd5c82b9215f9b411ce844c049b044bd52e332cb8959851c73c04c125b80a41","prev_hash":"78b29e4c6e9ffcb5bb18d8f1846e300b4e0dbb8d107815b95e76e77d52113e53","record_hash":"5b14b8ec20e962758085fae7d1a0a282b5a296f8107dd788b5591de1a7506667","signature_hex":"2a1cb32383338e29c0496c94541a76e84ef1f1c8b2f42a342464eb1445e77053ad7c61a1d4f88056e971834f187828893da46801e648084bd2ffe01852d38b02","public_key_hex":"c2f8243b0d573587f285c830a868acd19249d17d59ecbf9329e796dfed6fb630"}
{"seq":89,"ts":1778086800000,"agent_id":"rl-qlearn","symbol":"RAAPLUSDT","side":"sell","price":287.57370775320004,"quantity":6.954738719425731,"notional_usd":2000.0,"fee_usd":1.2,"balance_before_usd":10098.825690550166,"balance_after_usd":10097.02555052016,"decision":"ALLOW_CAPPED","cert_hash":"1c6595238a6f1d8b6625a8547eaf71e920684fd27330412fea3760963a46e9bb","prev_hash":"5b14b8ec20e962758085fae7d1a0a282b5a296f8107dd788b5591de1a7506667","record_hash":"3f01098e8ed6096d8ed9d62cca03547f2775bab9d44c81c30e5532888eeba037","signature_hex":"b5e120d9cd75bd66b980abd0d7802d8c6a7c07a190b022b9e64953b10015f307952d6ef2474654644a6033932369424304757404209de6ee5c046eec7b6a2604","public_key_hex":"c2f8243b0d573587f285c830a868acd19249d17d59ecbf9329e796dfed6fb630"}
{"seq":90,"ts":1778090400000,"agent_id":"rl-qlearn","symbol":"RAAPLUSDT","side":"sell","price":287.19382174559996,"quantity":6.963938109266244,"notional_usd":2000.0,"fee_usd":1.2,"balance_before_usd":10092.973850650164,"balance_after_usd":10091.173710620158,"decision":"ALLOW_CAPPED","cert_hash":"c28095eb49bdc4cbaa1c677a0daee66ddb778f5184b8abbb6198effafce894c9","prev_hash":"3f01098e8ed6096d8ed9d62cca03547f2775bab9d44c81c30e5532888eeba037","record_hash":"de2d77b9e84ede5fc364f8866ae31a7559b3bbd517f263a9c256d09436906f57","signature_hex":"237543f515c1d54f1d931e79569a52fd7ba8272fbe6d9956c304a05403cde6cd14bd30be3a5b92daf7c050dc873440ecbec0c20ed08455ff05662eb7b2675b05","public_key_hex":"c2f8243b0d573587f285c830a868acd19249d17d59ecbf9329e796dfed6fb630"}
{"seq":91,"ts":1778094000000,"agent_id":"rl-qlearn","symbol":"RAAPLUSDT","side":"sell","price":287.3772348008819,"quantity":3.6993664286477346,"notional_usd":1063.11369478,"fee_usd":0.637868216868,"balance_before_usd":10091.802443715002,"balance_after_usd":10090.895390363343,"decision":"ALLOW","cert_hash":"66d7f020bdc006ab5c932ae35534e773ad102d904b6180b537b69c4fec55600d","prev_hash":"de2d77b9e84ede5fc364f8866ae31a7559b3bbd517f263a9c256d09436906f57","record_hash":"afdbf69f411d4dc1a225c96451b49a80dcb4a4b359a24bf3381d289c9d9d846a","signature_hex":"103d6999fe46fcf349f97b62db2792a3079e065e78bec601d08635613bcdf6c4113f71bbea59c25b76a82223610c60451aa398def4cd12b63daf0e9996014508","public_key_hex":"c2f8243b0d573587f285c830a868acd19249d17d59ecbf9329e796dfed6fb630"}
{"seq":92,"ts":1778097600000,"agent_id":"rl-qlearn","symbol":"RAAPLUSDT","side":"buy","price":287.5962587502,"quantity":6.954193384473606,"notional_usd":2000.0,"fee_usd":1.2,"balance_before_usd":10090.895334175802,"balance_after_usd":10089.09547414581,"decision":"ALLOW_CAPPED","cert_hash":"13225e2448e3e83cdbcd252221ea860d3db061ad1d8dbbd37c545d25ae7be9d8","prev_hash":"afdbf69f411d4dc1a225c96451b49a80dcb4a4b359a24bf3381d289c9d9d846a","record_hash":"999471c50fa49b91020ee8e3df2ef9b5afee8f8a030e7d39172a3129b7ce34d5","signature_hex":"82aecf8872dbad312c0d2a7c1ba68d53d3fa8846e6f925c7e68fbd9b668767847e7e20f5bec34a521591d967828d70f2d4fcfc8711484ac3b24543640d04e70a","public_key_hex":"c2f8243b0d573587f285c830a868acd19249d17d59ecbf9329e796dfed6fb630"}
{"seq":93,"ts":1778101200000,"agent_id":"rl-qlearn","symbol":"RAAPLUSDT","side":"sell","price":287.2138492028375,"quantity":6.9553425791776355,"notional_usd":1997.67071469,"fee_usd":1.198602428814,"balance_before_usd":10087.635290191456,"balance_after_usd":10085.837479454907,"decision":"ALLOW","cert_hash":"bffd2c87656df148f9e25b5b6e6471c1716300e7db6b5a916727d9b274aa2fd7","prev_hash":"999471c50fa49b91020ee8e3df2ef9b5afee8f8a030e7d39172a3129b7ce34d5","record_hash":"f2e472b5f98269224f5d05e8e329bb72aaca82a8da6ad5e25fc16d9e20f09cce","signature_hex":"27087b3a9a5a6a27969dd6ab4c4dbc22c816463125f580b785ba48bde1123ced2eb88d24cb39f226b5cf8161299aff7ead7b03b3cbbc8264157fb5ea898bfb0c","public_key_hex":"c2f8243b0d573587f285c830a868acd19249d17d59ecbf9329e796dfed6fb630"}
{"seq":94,"ts":1778104800000,"agent_id":"rl-qlearn","symbol":"RAAPLUSDT","side":"buy","price":287.75630675340005,"quantity":6.950325511766976,"notional_usd":2000.0,"fee_usd":1.2,"balance_before_usd":10085.836707763043,"balance_after_usd":10084.03684773305,"decision":"ALLOW_CAPPED","cert_hash":"67b5b6a24a4ee471c4ef61805fb082d2c7f8dcc67109e80ab27cd99059661a8f","prev_hash":"f2e472b5f98269224f5d05e8e329bb72aaca82a8da6ad5e25fc16d9e20f09cce","record_hash":"fee22c25044d7f2485f2541e695228fdc1e566c7a09f3fed46aff5c8d7c54c81","signature_hex":"5d10686b936b8abbbfec0961531e5f56ff48c6fc0056f06705f8f34aaad13079d925a6523be030dec4f839850ea2851ce122413553feb054b438b66351ffd90e","public_key_hex":"c2f8243b0d573587f285c830a868acd19249d17d59ecbf9329e796dfed6fb630"}
{"seq":95,"ts":1778108400000,"agent_id":"rl-qlearn","symbol":"RAAPLUSDT","side":"sell","price":287.40379397132324,"quantity":6.950323964753621,"notional_usd":1997.5494768,"fee_usd":1.19852968608,"balance_before_usd":10082.786164558594,"balance_after_usd":10080.988475045497,"decision":"ALLOW","cert_hash":"5ce8f9a303e8b542eaf0dd86e408cbcb25b3f484d3a4f13ed1338b3ad4491688","prev_hash":"fee22c25044d7f2485f2541e695228fdc1e566c7a09f3fed46aff5c8d7c54c81","record_hash":"79742b3adc443ef6e9c6e9755af10f90e95ef3979e75c4792f71186c75e431a9","signature_hex":"5263db5978f5b2a06472624b6581a7d13aadb186542581ffc72e40c5158786578ec31cca3223e6e53fee13f80ccef0b3faf2a35f008d6eaab136b3969fc9b00c","public_key_hex":"c2f8243b0d573587f285c830a868acd19249d17d59ecbf9329e796dfed6fb630"}
{"seq":96,"ts":1778112000000,"agent_id":"rl-qlearn","symbol":"RAAPLUSDT","side":"buy","price":287.1561267414,"quantity":6.964852265893358,"notional_usd":2000.0,"fee_usd":1.2,"balance_before_usd":10080.989350370299,"balance_after_usd":10079.189490340304,"decision":"ALLOW_CAPPED","cert_hash":"9632a1aab1b73cb9c234929586dacb458bd6b1bbe41d1309344c8f8e2f470dc8","prev_hash":"79742b3adc443ef6e9c6e9755af10f90e95ef3979e75c4792f71186c75e431a9","record_hash":"8125bdef7600a776ea9993c61767f1f9408fc5fcd126319d290305ef41834ef0","signature_hex":"79d6644c2abf5253b7bd346970e549e028ad3e24e5429113950224f4f7f2ab2f604b3df6d349c2072454c584f54875f69fde5af36364ffef918f8a039f3cc60d","public_key_hex":"c2f8243b0d573587f285c830a868acd19249d17d59ecbf9329e796dfed6fb630"}
{"seq":97,"ts":1778115600000,"agent_id":"rl-qlearn","symbol":"RAAPLUSDT","side":"sell","price":287.3037887478,"quantity":6.9612726261526365,"notional_usd":2000.0,"fee_usd":1.2,"balance_before_usd":10081.417576151256,"balance_after_usd":10079.617436121247,"decision":"ALLOW_CAPPED","cert_hash":"8b91a6adb5bc8b3db8f7537447e26a1719ad8c3f7d808afb82dfcb7f3632ac6b","prev_hash":"8125bdef7600a776ea9993c61767f1f9408fc5fcd126319d290305ef41834ef0","record_hash":"012685f72fa34758db172a500c0bcc7a42b0a2aa2606700c0c2019fe62ca5d7e","signature_hex":"4948aa0ad4ae079a4c8a3a99d3110b4a5ec43e9d856fbf9822ea2cfbedfb24204fbd05672881450af0694d99f9d8a13693d94fbdd4addae441ce6138d751d40b","public_key_hex":"c2f8243b0d573587f285c830a868acd19249d17d59ecbf9329e796dfed6fb630"}
{"seq":98,"ts":1778119200000,"agent_id":"rl-qlearn","symbol":"RAAPLUSDT","side":"buy","price":287.3961987462,"quantity":6.959034283422109,"notional_usd":2000.0,"fee_usd":1.2,"balance_before_usd":10079.617316478601,"balance_after_usd":10077.817456448609,"decision":"ALLOW_CAPPED","cert_hash":"7a038dd65c3fdd45afad2d20f1d1efe3c68daa22e6a179803115b1b923277af5","prev_hash":"012685f72fa34758db172a500c0bcc7a42b0a2aa2606700c0c2019fe62ca5d7e","record_hash":"cbbebb37519d03bd45e69c45d18d5bae95d83029359a79cf7129d260cb840f0b","signature_hex":"5c5930e29bbe5540dcfe0a1e408d3e80497dafd8eb14ecae4da26ea9c6bceef14235231a03aa92d23a626594cc315ff3b635d25ae89e4119c4945a3660cab501","public_key_hex":"c2f8243b0d573587f285c830a868acd19249d17d59ecbf9329e796dfed6fb630"}
{"seq":99,"ts":1778122800000,"agent_id":"rl-qlearn","symbol":"RAAPLUSDT","side":"sell","price":287.26380074700006,"quantity":6.962241656620866,"notional_usd":2000.0,"fee_usd":1.2,"balance_before_usd":10078.095877641268,"balance_after_usd":10076.29573761126,"decision":"ALLOW_CAPPED","cert_hash":"21d21a9a70154c810ad90823f09d55368b97eab57e26acb37438fc47fa6ab45c","prev_hash":"cbbebb37519d03bd45e69c45d18d5bae95d83029359a79cf7129d260cb840f0b","record_hash":"1068922a00e3a3127a957e877a3fa21d7429b19d30df94a9b7cb843816238787","signature_hex":"ca54fff2617ea8b45da756de6795cb6c5f49c2aa1e20cacc45d2d0a013431b47a7f4480d7e71421995f1e9e55362e5db5600bd806813c5b2dfdf6c3e5b50400c","public_key_hex":"c2f8243b0d573587f285c830a868acd19249d17d59ecbf9329e796dfed6fb630"}
{"seq":100,"ts":1778126400000,"agent_id":"rl-qlearn","symbol":"RAAPLUSDT","side":"buy","price":287.56624974960005,"quantity":6.954919089919319,"notional_usd":2000.0,"fee_usd":1.2,"balance_before_usd":10076.295515072045,"balance_after_usd":10074.49565504205,"decision":"ALLOW_CAPPED","cert_hash":"6bc22060bc291b4592b04b4c09de712635f0d5785b00616d26e988005375f913","prev_hash":"1068922a00e3a3127a957e877a3fa21d7429b19d30df94a9b7cb843816238787","record_hash":"467ef9c575eaf115ca1518e346cb58ddc7f032d248075b6ae8de69f300e06ae7","signature_hex":"29f69a780edbd13e7a1a274065ee859cea32dcb9acbe461b0121391b1761fba77848da0d315e8efdfe877b6823530a8d0c4aaf1d0ad6f24d42f5527c6c18a009","public_key_hex":"c2f8243b0d573587f285c830a868acd19249d17d59ecbf9329e796dfed6fb630"}
{"seq":101,"ts":1778130000000,"agent_id":"rl-qlearn","symbol":"RAAPLUSDT","side":"buy","price":287.5062317484,"quantity":6.956370955291929,"notional_usd":2000.0,"fee_usd":1.2,"balance_before_usd":10074.078462607064,"balance_after_usd":10072.27860257707,"decision":"ALLOW_CAPPED","cert_hash":"32d1c1f352013b244e72b753b036c01128aeabaf108f5dc614bef490c1663e25","prev_hash":"467ef9c575eaf115ca1518e346cb58ddc7f032d248075b6ae8de69f300e06ae7","record_hash":"0f88531969a2a90b2986ce8b432cb4554c8396a1136ebbec20bdecca1c8ff076","signature_hex":"bed8f70cd029e2ff60a271b70eba89dea024faa45f59c582ea60ba7e8f3d6f31b6a46c0e1a081990182f21d476fd8b5f9503e848da6f50d34b36f77cfd2a640c","public_key_hex":"c2f8243b0d573587f285c830a868acd19249d17d59ecbf9329e796dfed6fb630"}
{"seq":102,"ts":1778133600000,"agent_id":"rl-qlearn","symbol":"RAAPLUSDT","side":"sell","price":287.46374075100005,"quantity":6.957399200243456,"notional_usd":2000.0,"fee_usd":1.2,"balance_before_usd":10074.086847743729,"balance_after_usd":10072.286707713723,"decision":"ALLOW_CAPPED","cert_hash":"d3c7be5c0fb0f7fcb026ae6a092e5f03fea95312430d23d982732b6d408177da","prev_hash":"0f88531969a2a90b2986ce8b432cb4554c8396a1136ebbec20bdecca1c8ff076","record_hash":"64de98c0d386ed1315adaacb4848f080775a84ffa50f5f9d9c95d7f10250ac7b","signature_hex":"41cf752ab50517cabe0729b8a144f82924eedb6c6ea0b3181758583a8bbea47d981678133ac30e651b8740ce3bdfcec9cd18810fb6f58ceb1e97b217dd050301","public_key_hex":"c2f8243b0d573587f285c830a868acd19249d17d59ecbf9329e796dfed6fb630"}
{"seq":103,"ts":1778137200000,"agent_id":"rl-qlearn","symbol":"RAAPLUSDT","side":"sell","price":287.5737097117885,"quantity":6.954265097926716,"notional_usd":1999.86381253,"fee_usd":1.199918287518,"balance_before_usd":10073.051447404256,"balance_after_usd":10071.251443577137,"decision":"ALLOW","cert_hash":"5d23b36570478af569470ac1d590edd05387388ae0af1c03197cd20ac357e8a0","prev_hash":"64de98c0d386ed1315adaacb4848f080775a84ffa50f5f9d9c95d7f10250ac7b","record_hash":"5ae6677ac9820da32498033a4fa3d3b7165f4f027d0588c08b599e9a8b009c77","signature_hex":"626b5b43d4dd36519b412afbe9279d50821de915caf660641576ee9768d5d4278df0d7824a325317ad6777acfbfa26c233db95744c9447e000d3133a80bdcc01","public_key_hex":"c2f8243b0d573587f285c830a868acd19249d17d59ecbf9329e796dfed6fb630"}
{"seq":104,"ts":1778140800000,"agent_id":"rl-qlearn","symbol":"RAAPLUSDT","side":"buy","price":287.286165744,"quantity":6.961699651706149,"notional_usd":2000.0,"fee_usd":1.2,"balance_before_usd":10071.252403179958,"balance_after_usd":10069.452543149964,"decision":"ALLOW_CAPPED","cert_hash":"e43a359911d5383b4a8dda00cbb13bf1403c1debe8c216eceacf8ff23a728869","prev_hash":"5ae6677ac9820da32498033a4fa3d3b7165f4f027d0588c08b599e9a8b009c77","record_hash":"df25e550bc265ebee7e7f3e4a43eab6de9964010e83bb8ebe76602dcd58af396","signature_hex":"f1569ea93ac959d40c532a23103715715d2b6f7e5722ff681c5da79840108d684d718530034dede6fa0626d825a1429711285965fd045bb741dc2ba152407107","public_key_hex":"c2f8243b0d573587f285c830a868acd19249d17d59ecbf9329e796dfed6fb630"}
{"seq":105,"ts":1778144400000,"agent_id":"rl-qlearn","symbol":"RAAPLUSDT","side":"sell","price":286.6740388264042,"quantity":6.961700446403247,"notional_usd":1995.73878407,"fee_usd":1.197443270442,"balance_before_usd":10066.390313184173,"balance_after_usd":10064.594433973136,"decision":"ALLOW","cert_hash":"e1ecc269c15b4bcd3f5f65db38be66eccdccb737de5905dab6398ebf34f751ec","prev_hash":"df25e550bc265ebee7e7f3e4a43eab6de9964010e83bb8ebe76602dcd58af396","record_hash":"5134c59351d13ce38f3cf3fe29410de2babb7bd917932e7fe5464bfd77f2b6f6","signature_hex":"20339d7eb357ad81c67c4a00017cb57b153d82c5b890f23e3afa3e303fc58d2d8d66e6d691f2a6a36ee1129c192203bdc1cd2267dca3002ab7c4e1cabaa2480a","public_key_hex":"c2f8243b0d573587f285c830a868acd19249d17d59ecbf9329e796dfed6fb630"}
{"seq":106,"ts":1778148000000,"agent_id":"rl-qlearn","symbol":"RAAPLUSDT","side":"buy","price":286.95606673739996,"quantity":6.969708020950279,"notional_usd":2000.0,"fee_usd":1.2,"balance_before_usd":10064.59420441548,"balance_after_usd":10062.794344385486,"decision":"ALLOW_CAPPED","cert_hash":"84b38b5453a3ae5b5b44e7d356d9bd235f11112baaa506fa6d0a2211479a186e","prev_hash":"5134c59351d13ce38f3cf3fe29410de2babb7bd917932e7fe5464bfd77f2b6f6","record_hash":"130ba034b20aca6c25e8088a4bfca251e66d97fcd0581fd123efbebe429ab410","signature_hex":"fa6660e2a7a04ae654e7e9200d9a4518b00b941df55144eab3244e07c5344137dd37eb7228b2f7cd272c67b155ed3f559714fc2520f6269c2944907dc28f2403","public_key_hex":"c2f8243b0d573587f285c830a868acd19249d17d59ecbf9329e796dfed6fb630"}
{"seq":107,"ts":1778151600000,"agent_id":"rl-qlearn","symbol":"RAAPLUSDT","side":"buy","price":288.5765527698,"quantity":6.930570002322459,"notional_usd":2000.0,"fee_usd":1.2,"balance_before_usd":10074.081890621212,"balance_after_usd":10072.282030591217,"decision":"ALLOW_CAPPED","cert_hash":"b5092223df2d90fe5af9ca2b09c1e669d8231e9ecc69ad287de30a784b92facd","prev_hash":"130ba034b20aca6c25e8088a4bfca251e66d97fcd0581fd123efbebe429ab410","record_hash":"be4866cd0103c6eb555085ee43ad2ef63b3bd25aa1f13c14aa93f5f65cb62ace","signature_hex":"e2ff1ebfa3febe3f4a7c709ce11e29763d95c7c161a0df3ae6f15735fea12f88ecb020bff4291c9106e030fa8a7da4f26f0632243760eae2146a1721427afc06","public_key_hex":"c2f8243b0d573587f285c830a868acd19249d17d59ecbf9329e796dfed6fb630"}
{"seq":108,"ts":1778155200000,"agent_id":"rl-qlearn","symbol":"RAAPLUSDT","side":"buy","price":288.772543021246,"quantity":3.5501732049177996,"notional_usd":1025.19254455,"fee_usd":0.61511552673,"balance_before_usd":10075.200650729668,"balance_after_usd":10074.327994912708,"decision":"ALLOW","cert_hash":"1980624a6b6d2e9bca578044890227ba9b32f431f5ed01668db4002f365f80cc","prev_hash":"be4866cd0103c6eb555085ee43ad2ef63b3bd25aa1f13c14aa93f5f65cb62ace","record_hash":"9c8651d46c2a1fa0646908cc995ecd804db055e467004172728ebd630f1a23c9","signature_hex":"25b5bc6370d2701a6b2ebd2153693257e42559ef458920f310a55b6860c95653a796909c09236c7d16ccb403a80217a5ed44f3ff7ccc1bc27e07e4cb4b78a106","public_key_hex":"c2f8243b0d573587f285c830a868acd19249d17d59ecbf9329e796dfed6fb630"}
{"seq":109,"ts":1778166000000,"agent_id":"rl-qlearn","symbol":"RAAPLUSDT","side":"sell","price":289.2082172859,"quantity":6.915432828185784,"notional_usd":2000.0,"fee_usd":1.2,"balance_before_usd":10084.709771695248,"balance_after_usd":10082.909631665243,"decision":"ALLOW_CAPPED","cert_hash":"438a1c3418e7774b67ff6140106cafd949e46f9504386bab9f134b0262de0c16","prev_hash":"9c8651d46c2a1fa0646908cc995ecd804db055e467004172728ebd630f1a23c9","record_hash":"b2ef88a0c5cb7e280819f9c4309d32edb200e606269ed6e39f4fae473075686e","signature_hex":"d38b5b2e2110a98519663eff2794c166efef3c5cd9e0f145fd436197f2b9f890b4682a4a5d0c5c6221a090d305e6d464cc84dfd78d07db7402e4d8a3b63f9009","public_key_hex":"c2f8243b0d573587f285c830a868acd19249d17d59ecbf9329e796dfed6fb630"}
{"seq":110,"ts":1778169600000,"agent_id":"rl-qlearn","symbol":"RAAPLUSDT","side":"sell","price":288.513425772,"quantity":6.932086417290389,"notional_usd":2000.0,"fee_usd":1.2,"balance_before_usd":10075.58924426425,"balance_after_usd":10073.789104234243,"decision":"ALLOW_CAPPED","cert_hash":"5d499db8514947fc8e383fcfd38f09b41649a0f45dee7bc394f534b9c5c6e91c","prev_hash":"b2ef88a0c5cb7e280819f9c4309d32edb200e606269ed6e39f4fae473075686e","record_hash":"3804b22d4cfa258f31ea8750f4d10bed9c722f99625547ec35facf255abcc26f","signature_hex":"0556f74ac59fc25080b97b5e6bdb7bdc355910c51b325dc6676d9d8e99d4d6a1d7393e18545433a5075e9c8fd75c98b44cf6600b13c1db34fff4ab5c1ad2b20a","public_key_hex":"c2f8243b0d573587f285c830a868acd19249d17d59ecbf9329e796dfed6fb630"}
{"seq":111,"ts":1778173200000,"agent_id":"rl-qlearn","symbol":"RAAPLUSDT","side":"sell","price":289.0371336375522,"quantity":3.6017528692193834,"notional_usd":1041.04032539,"fee_usd":0.6246241952339999,"balance_before_usd":10075.625535232657,"balance_after_usd":10074.738464407408,"decision":"ALLOW","cert_hash":"882d5eee4c68cefc2905f6aa6907c496febe723e04ed941957f0e6e199040b3f","prev_hash":"3804b22d4cfa258f31ea8750f4d10bed9c722f99625547ec35facf255abcc26f","record_hash":"f195d66bc8d4e801dceac384c0e8242e842c9d4aadc803b54e7c200126d975c1","signature_hex":"d6e71a83c8c46a0951d519d045b2f6fa30975c085407b2967fcd941cf8f32939db7f20aa270ab098dc5b800a6daef60748dcb113fd64d6c30707644136933406","public_key_hex":"c2f8243b0d573587f285c830a868acd19249d17d59ecbf9329e796dfed6fb630"}
{"seq":112,"ts":1778176800000,"agent_id":"rl-qlearn","symbol":"RAAPLUSDT","side":"buy","price":287.5762527498,"quantity":6.954677171275544,"notional_usd":2000.0,"fee_usd":1.2,"balance_before_usd":10074.73993500176,"balance_after_usd":10072.940074971766,"decision":"ALLOW_CAPPED","cert_hash":"1f05f13f7153e5f830bf72c337c0c5b2d9d08f46f1ac8eb94b5be4f333141098","prev_hash":"f195d66bc8d4e801dceac384c0e8242e842c9d4aadc803b54e7c200126d975c1","record_hash":"29fbf26e5ea79f4556f78fc4d098813ebce9ed14e410dcce2661480b21a9a818","signature_hex":"385a728b8edb7fbb88ba2e248d8ef17aff2df962e688d37ef98b62e052cad95fe2c6e538e3f9235c1c12c9f54c499302df5b7b2a40e7a61ae32eabbdfa21b503","public_key_hex":"c2f8243b0d573587f285c830a868acd19249d17d59ecbf9329e796dfed6fb630"}
{"seq":113,"ts":1778180400000,"agent_id":"rl-qlearn","symbol":"RAAPLUSDT","side":"sell","price":287.3038111075665,"quantity":6.955855473326049,"notional_usd":1998.443787,"fee_usd":1.1990662721999998,"balance_before_usd":10072.244698032067,"balance_after_usd":10070.446114280694,"decision":"ALLOW","cert_hash":"a04b1f2d47fee9b2e7810e7ecb9679d82845ef1160ccb72a0e5ca4c0860fb3e0","prev_hash":"29fbf26e5ea79f4556f78fc4d098813ebce9ed14e410dcce2661480b21a9a818","record_hash":"9e9ea00544a2d0bf08d42c164bcf6a9f0419a89b2aa3cbad9aceab761839b0cb","signature_hex":"6f7cd94845783feaac5f961ac4363a9a55748624c8d0d03ccd63026b2b35ca1070f29072b38491b5bb751aa54404675edd7557b664dcc8f435f653294bc15000","public_key_hex":"c2f8243b0d573587f285c830a868acd19249d17d59ecbf9329e796dfed6fb630"}
{"seq":114,"ts":1778184000000,"agent_id":"rl-qlearn","symbol":"RAAPLUSDT","side":"buy","price":287.74630375320004,"quantity":6.950567127755009,"notional_usd":2000.0,"fee_usd":1.2,"balance_before_usd":10070.445551040082,"balance_after_usd":10068.645691010088,"decision":"ALLOW_CAPPED","cert_hash":"20aa76584d98a1ed889411b7fea081dfc6dbadf13afd0b4f6c4562cc01d338d2","prev_hash":"9e9ea00544a2d0bf08d42c164bcf6a9f0419a89b2aa3cbad9aceab761839b0cb","record_hash":"3ed0a5348bdd119c07c633aa21da410e20ee817b6e52a7a35b59b4cde3dd47b1","signature_hex":"b85561c975dc00f40934aa5f0136bf90ee4f297a6a638beedcdabe9127215e6002eeb949b37a0eb9ca5c37dbc01cf678f51814cd14ea237589a61ff2eff4f406","public_key_hex":"c2f8243b0d573587f285c830a868acd19249d17d59ecbf9329e796dfed6fb630"}
{"seq":115,"ts":1778187600000,"agent_id":"rl-qlearn","symbol":"RAAPLUSDT","side":"sell","price":286.9139887599109,"quantity":6.950564071062964,"notional_usd":1994.21406176,"fee_usd":1.196528437056,"balance_before_usd":10064.059693516156,"balance_after_usd":10062.26533844403,"decision":"ALLOW","cert_hash":"522d39aa5a7c9f8be758be620e41253872c53855f12676c2d9aebb8fc7e073f1","prev_hash":"3ed0a5348bdd119c07c633aa21da410e20ee817b6e52a7a35b59b4cde3dd47b1","record_hash":"d43875ed83e400b34da212f19f131e278734d636bbd037de161b30726cce98be","signature_hex":"5fab5f444edc5aa555672da942f802038a8544f8e6bee8aa3bfdb845aa2dd31a72d84ce2d3008e51542f831229546c67021931c7d077fa08415fd444d172f900","public_key_hex":"c2f8243b0d573587f285c830a868acd19249d17d59ecbf9329e796dfed6fb630"}
{"seq":116,"ts":1778191200000,"agent_id":"rl-qlearn","symbol":"RAAPLUSDT","side":"buy","price":287.8063217544,"quantity":6.949117683755061,"notional_usd":2000.0,"fee_usd":1.2,"balance_before_usd":10062.26383866988,"balance_after_usd":10060.463978639888,"decision":"ALLOW_CAPPED","cert_hash":"a78624ee7ebc5f95666698ce4eac787eaa7693f4490328439728984044be0169","prev_hash":"d43875ed83e400b34da212f19f131e278734d636bbd037de161b30726cce98be","record_hash":"9a32bf68be9bc2e812e8b4abcdd4c5dffca9dba9832edd3185c5f87de7390dfb","signature_hex":"182c61bbbd4a1b5f0f5869c84e49a154958e841daff5bac1033d6b70da526f6666c7d9082d4249fc1c5d8acae6fdfe1c2952ebf40bcec5c1c6f90249e4192607","public_key_hex":"c2f8243b0d573587f285c830a868acd19249d17d59ecbf9329e796dfed6fb630"}
{"seq":117,"ts":1778194800000,"agent_id":"rl-qlearn","symbol":"RAAPLUSDT","side":"sell","price":287.89361175960005,"quantity":6.94701069529136,"notional_usd":2000.0,"fee_usd":1.2,"balance_before_usd":10062.270207652555,"balance_after_usd":10060.470067622548,"decision":"ALLOW_CAPPED","cert_hash":"6e4e83149cf9d982f405e212c4f84f0f325d7c0f0fe3003d16ca720f17194eae","prev_hash":"9a32bf68be9bc2e812e8b4abcdd4c5dffca9dba9832edd3185c5f87de7390dfb","record_hash":"efa3f8a99910ff8020916d2f5dff5baaea6b8155f1310e2a574e07cba74f7c7a","signature_hex":"e1af09bd40bc9ec15c13d001f891a615adc18a0df8b91018e74699db60288f0043417740f4a208b9c9152677a8f772abb488f31c8114d4492d2bf998c653b007","public_key_hex":"c2f8243b0d573587f285c830a868acd19249d17d59ecbf9329e796dfed6fb630"}
{"seq":118,"ts":1778202000000,"agent_id":"rl-qlearn","symbol":"RAAPLUSDT","side":"buy","price":288.13642076099995,"quantity":6.941156535219602,"notional_usd":2000.0,"fee_usd":1.2,"balance_before_usd":10060.470069300363,"balance_after_usd":10058.67020927037,"decision":"ALLOW_CAPPED","cert_hash":"6f23954e56099b06ad2487fd2dfb167d786219ddaa9ac32d1cdee85d6e53349e","prev_hash":"efa3f8a99910ff8020916d2f5dff5baaea6b8155f1310e2a574e07cba74f7c7a","record_hash":"50e62c3b0eb58c4bf03acd29954c9dfd9b922ae3609738209d6e5d28b1d7cbf8","signature_hex":"2e850c7847a8a06500de81c97840d304c338f4f5054c9278759d284e1615d8ca89396eb84c30667221d5aeb4d6f9da7e76d3c50da563a5c00d85ac9168331f0d","public_key_hex":"c2f8243b0d573587f285c830a868acd19249d17d59ecbf9329e796dfed6fb630"}
{"seq":119,"ts":1778205600000,"agent_id":"rl-qlearn","symbol":"RAAPLUSDT","side":"buy","price":288.0764027598,"quantity":6.9426026597104284,"notional_usd":2000.0,"fee_usd":1.2,"balance_before_usd":10058.25373844013,"balance_after_usd":10056.453878410135,"decision":"ALLOW_CAPPED","cert_hash":"61030f772814be0223118d0b743262fd0404043ba0675313de515014e44b46c0","prev_hash":"50e62c3b0eb58c4bf03acd29954c9dfd9b922ae3609738209d6e5d28b1d7cbf8","record_hash":"7dd9ef064137713bc5dd7915481cfb454dd71577f98428acc40f93d05c780d69","signature_hex":"2704b5d6ab845de4a761cb8f1685c7bb0e9e18d3a87065cf7e2a55bce6da606d195529638d114a3d748cde04826424809e6f1ff9c40fd8547a070cc5a9a8a702","public_key_hex":"c2f8243b0d573587f285c830a868acd19249d17d59ecbf9329e796dfed6fb630"}
{"seq":120,"ts":1778209200000,"agent_id":"rl-qlearn","symbol":"RAAPLUSDT","side":"sell","price":287.9335997604,"quantity":6.946045899694488,"notional_usd":2000.0,"fee_usd":1.2,"balance_before_usd":10056.870391905046,"balance_after_usd":10055.07025187504,"decision":"ALLOW_CAPPED","cert_hash":"e5c6618df3c036ba1524b47fd1e8aebc3420d15ac37fad0be5d0bd4de1eaeb97","prev_hash":"7dd9ef064137713bc5dd7915481cfb454dd71577f98428acc40f93d05c780d69","record_hash":"e50ede61600ddffda5e32598eb7e00965e935bb486100d78341a3d28229ee204","signature_hex":"36094269d0a901bb106bf878374de90333caf1f1958f0dc29a9a002dd4122ebd2c8b770f4f188559d30ae1e719a3a00ac6b8ddff2b0376f03a1c786d8142dc0b","public_key_hex":"c2f8243b0d573587f285c830a868acd19249d17d59ecbf9329e796dfed6fb630"}
{"seq":121,"ts":1778212800000,"agent_id":"rl-qlearn","symbol":"RAAPLUSDT","side":"sell","price":288.15353760681364,"quantity":6.939818978445589,"notional_usd":1999.73338899,"fee_usd":1.199840033394,"balance_before_usd":10056.596554073132,"balance_after_usd":10054.796680682583,"decision":"ALLOW","cert_hash":"3cfff3e8726a4f3f71ef2b6b112a1e6cb7f93069fe676c71f7d79ba9ad17ee12","prev_hash":"e50ede61600ddffda5e32598eb7e00965e935bb486100d78341a3d28229ee204","record_hash":"42af8c712c0fcf34c7098cd50452d00bcf1366fbc382115b2e6d37593a448bcd","signature_hex":"203241971f8d360b4cf2ed213e99bdca9bfe70ff5ac4cf5fdb6ba171e983b533be57feaf443c5af49c69dd7aef15dae7ff2dab9b5a0769d54c394de5d6edcc0d","public_key_hex":"c2f8243b0d573587f285c830a868acd19249d17d59ecbf9329e796dfed6fb630"}
{"seq":122,"ts":1778216400000,"agent_id":"rl-qlearn","symbol":"RAAPLUSDT","side":"buy","price":288.44651376720003,"quantity":6.9336944790193025,"notional_usd":2000.0,"fee_usd":1.2,"balance_before_usd":10054.796430876855,"balance_after_usd":10052.99657084686,"decision":"ALLOW_CAPPED","cert_hash":"ba1ee3045822aaacd830f32e06828a1312e7df6968e8b02cd1e7194545e31730","prev_hash":"42af8c712c0fcf34c7098cd50452d00bcf1366fbc382115b2e6d37593a448bcd","record_hash":"41e00d51547284f55a253aafcb1b6c410c46fd679000d7c884f80d1b9a81fd06","signature_hex":"47cde83cfb877c573c58155a902eae730e3a3eb866838add4d266cf044f202425d6279c4653ef1c818b9cf8dd69e92de029eaf24adacb3e4f1c5659a814f2309","public_key_hex":"c2f8243b0d573587f285c830a868acd19249d17d59ecbf9329e796dfed6fb630"}
{"seq":123,"ts":1778220000000,"agent_id":"rl-qlearn","symbol":"RAAPLUSDT","side":"sell","price":288.4034630827778,"quantity":6.933692630091768,"notional_usd":1999.70096647,"fee_usd":1.1998205798819999,"balance_before_usd":10053.897680506261,"balance_after_usd":10052.097839541206,"decision":"ALLOW","cert_hash":"a20e1da1f5832cb2b64e16caba701afca4c647c90971617d7b0ae43e5d13bc88","prev_hash":"41e00d51547284f55a253aafcb1b6c410c46fd679000d7c884f80d1b9a81fd06","record_hash":"9100fa475c43792778bf8949d04963e60c6155a0012e85a80bec8c0045a2b7cb","signature_hex":"d4c780ddef1730b63d830d26008d058cffbd0fa4b390f46ada5adae24fc73d79c4813726825f4070eb849b9c081fac9ef2505161f881538a370b24c039c64a05","public_key_hex":"c2f8243b0d573587f285c830a868acd19249d17d59ecbf9329e796dfed6fb630"}
{"seq":124,"ts":1778223600000,"agent_id":"rl-qlearn","symbol":"RAAPLUSDT","side":"buy","price":288.2664597636,"quantity":6.938025331286024,"notional_usd":2000.0,"fee_usd":1.2,"balance_before_usd":10052.0984842995,"balance_after_usd":10050.298624269508,"decision":"ALLOW_CAPPED","cert_hash":"e61ceaada847b82df22d4af9e9a7445aab30adeb1a51e6b20b7300b27358c78f","prev_hash":"9100fa475c43792778bf8949d04963e60c6155a0012e85a80bec8c0045a2b7cb","record_hash":"d17a135d40ef634087218d0029f54b3079666c46bb82a69f11ec8cd3d817242e","signature_hex":"d4f097471a744d2cae4db3f842cf621f442ede765f998431696626f80a4a8e3050d9a075fa82751bb73b35320c18f54cb54dc98789ad06404d878d628fb1c205","public_key_hex":"c2f8243b0d573587f285c830a868acd19249d17d59ecbf9329e796dfed6fb630"}
{"seq":125,"ts":1778227200000,"agent_id":"rl-qlearn","symbol":"RAAPLUSDT","side":"sell","price":288.0136010274465,"quantity":6.9380261264452425,"notional_usd":1998.2458887,"fee_usd":1.19894753322,"balance_before_usd":10049.743748632241,"balance_after_usd":10047.94536277015,"decision":"ALLOW","cert_hash":"a405e42f851f59902194b92535a23abb6d05e4b88201ed32a2e8a434d0522258","prev_hash":"d17a135d40ef634087218d0029f54b3079666c46bb82a69f11ec8cd3d817242e","record_hash":"11d35e8092247262e32910079a250cc27f0bfd7644173b1c2c645c0ccbf66aa6","signature_hex":"17e638da66edcb8be4f0a66217ab08519b763167273f4b54e5fb16b5869431d457a1fad30b39288139920b313701019fd2b24f5d90e18e08aeb4a192ba985d00","public_key_hex":"c2f8243b0d573587f285c830a868acd19249d17d59ecbf9329e796dfed6fb630"}
{"seq":126,"ts":1778241600000,"agent_id":"rl-qlearn","symbol":"RAAPLUSDT","side":"buy","price":290.89724881620003,"quantity":6.875279873353756,"notional_usd":2000.0,"fee_usd":1.2,"balance_before_usd":10047.939724179847,"balance_after_usd":10046.139864149853,"decision":"ALLOW_CAPPED","cert_hash":"fab6267f6f637dc13c398e41d7c01e1a4a1c4172992b743b97f2a4593fac12a6","prev_hash":"11d35e8092247262e32910079a250cc27f0bfd7644173b1c2c645c0ccbf66aa6","record_hash":"0d38df5a1ed467cb7f1172dcf6c2d31a5dab17063cdd4b58c83306565f08cf60","signature_hex":"378eccfd477d1ec77cf5a9dde3d678b5093582f214b3b3f392118b1027f29f58c4a42678cfbf57db4fa70d4716bf0fa003a77391901a3fc9468f7bf8f558b801","public_key_hex":"c2f8243b0d573587f285c830a868acd19249d17d59ecbf9329e796dfed6fb630"}
{"seq":127,"ts":1778245200000,"agent_id":"rl-qlearn","symbol":"RAAPLUSDT","side":"buy","price":294.0181848786,"quantity":6.802300343517185,"notional_usd":2000.0,"fee_usd":1.2,"balance_before_usd":10067.584245693557,"balance_after_usd":10065.784385663563,"decision":"ALLOW_CAPPED","cert_hash":"769b07aafb1910729239caa6703e35494b8d8a53499981d889c383d6336a5cef","prev_hash":"0d38df5a1ed467cb7f1172dcf6c2d31a5dab17063cdd4b58c83306565f08cf60","record_hash":"1986bbacef6ab44526b7f91226c28f95c23cdb491809c30e204011ca866f7f2b","signature_hex":"7198ee8943b837aa0ee877642675231ddafd3c0715cf5b8af0dcea5190d51e7628c7cb325dadbc58e8e2625257d6a7293a99a8765aa2ab5a2d6867f76b327f04","public_key_hex":"c2f8243b0d573587f285c830a868acd19249d17d59ecbf9329e796dfed6fb630"}
{"seq":128,"ts":1778248800000,"agent_id":"rl-qlearn","symbol":"RAAPLUSDT","side":"buy","price":293.6336260832115,"quantity":3.45935371649888,"notional_usd":1015.78257568,"fee_usd":0.609469545408,"balance_before_usd":10060.724450827754,"balance_after_usd":10059.860282617758,"decision":"ALLOW","cert_hash":"c3bec202abcf5823cc4195e9f454f12e889ffce4709b5303d8d6ba5bab17f73b","prev_hash":"1986bbacef6ab44526b7f91226c28f95c23cdb491809c30e204011ca866f7f2b","record_hash":"5951057f7c48235b3cac76b2390780c00e3e0ff49cbe672d7604d6401d18971c","signature_hex":"45eefd5dcb995e3379cfafd9671cce8e9e92a112aa03f5071b566cd08de8ed24db9967d2450ed2cfd06dfbc83faed5994c5ac4688b8ec23b837a9a0ee5aeef02","public_key_hex":"c2f8243b0d573587f285c830a868acd19249d17d59ecbf9329e796dfed6fb630"}
{"seq":129,"ts":1778259600000,"agent_id":"rl-qlearn","symbol":"RAAPLUSDT","side":"sell","price":292.06236084299996,"quantity":6.847852610063346,"notional_usd":2000.0,"fee_usd":1.2,"balance_before_usd":10035.700139503191,"balance_after_usd":10033.899999473186,"decision":"ALLOW_CAPPED","cert_hash":"66808f1e1c18c70924464b1f9f83ac184b41e7689af876e5a1d1bf98990d8a67","prev_hash":"5951057f7c48235b3cac76b2390780c00e3e0ff49cbe672d7604d6401d18971c","record_hash":"673c41b25bdfa3c60af0822150b53de6cfad0b1677a0384fc995b60b8c43006a","signature_hex":"b892ff7dffe317e4fca0db77417bc8d198df57b160f7d52bf8f6cfdc9947da915100360e5d36a2ae326b72632d7cac0918bacbcf58a28b9f96dc61727a23a105","public_key_hex":"c2f8243b0d573587f285c830a868acd19249d17d59ecbf9329e796dfed6fb630"}
{"seq":130,"ts":1778263200000,"agent_id":"rl-qlearn","symbol":"RAAPLUSDT","side":"sell","price":292.7921418576,"quantity":6.830784416928457,"notional_usd":2000.0,"fee_usd":1.2,"balance_before_usd":10041.40950995694,"balance_after_usd":10039.609369926933,"decision":"ALLOW_CAPPED","cert_hash":"3066cba6a2001c29891238693cf9f867163d1ca96a97a446f955e340287374ed","prev_hash":"673c41b25bdfa3c60af0822150b53de6cfad0b1677a0384fc995b60b8c43006a","record_hash":"ffe7c11933852e84c116baf2b101e1e708558d26941568f1b7482cdde50ff209","signature_hex":"05c4f4123f331f678db5c24c678b7d8d1762944d4ac58976e188cabf8bfea92785a5bb2150ceabe186263e781ad7893df4ebda8d76acbb0f479b01efcccad209","public_key_hex":"c2f8243b0d573587f285c830a868acd19249d17d59ecbf9329e796dfed6fb630"}
{"seq":131,"ts":1778266800000,"agent_id":"rl-qlearn","symbol":"RAAPLUSDT","side":"sell","price":293.08652057419454,"quantity":3.4570827502232513,"notional_usd":1013.2243546,"fee_usd":0.6079346127599999,"balance_before_usd":10040.577110475742,"balance_after_usd":10039.715151407532,"decision":"ALLOW","cert_hash":"772cf0c1a2c4b5dcd5e09432f80a5612dac726c02f1cb0eef22a5a46f5e684ee","prev_hash":"ffe7c11933852e84c116baf2b101e1e708558d26941568f1b7482cdde50ff209","record_hash":"7bbd0bdffb20b9d63802cb3a10e1055c3b71e2a146d209502f0c7ec534e8bed8","signature_hex":"23d443aeb6b9c6abeda490a216fadefad1506bc2ec5dcc4a04b2761cfb4f1f16d317bd1824f7fa89ab8459e9129964145a4b82e4f76af17e35f9a2fa8478a307","public_key_hex":"c2f8243b0d573587f285c830a868acd19249d17d59ecbf9329e796dfed6fb630"}
