{"seq":0,"ts":1781813880000,"agent_id":"swarm","symbol":"RAAPLUSDT","side":"buy","price":298.1578830251925,"quantity":2.9843061331530105,"notional_usd":889.79439896,"fee_usd":0.533876639376,"balance_before_usd":10000.0,"balance_after_usd":9999.248618101537,"decision":"ALLOW","cert_hash":"3ec58b25687061de9b56f8997fbba7e2dc3b6b301273b90cfa7d447bc69f227c","prev_hash":"0000000000000000000000000000000000000000000000000000000000000000","record_hash":"4b4e2debe50714076010e92c4cb49c3d2bea38d4d82b17ac01a6feb773be232d","signature_hex":"6d7054bec3c848aa2e1ead13fe12b53588acc6b25e8446d36c1882525d9a69832fb361654ce19cb546681d9c27aad354a3d32fd19ad4e8dc0f44cbca57b51008","public_key_hex":"c2f8243b0d573587f285c830a868acd19249d17d59ecbf9329e796dfed6fb630"}
{"seq":1,"ts":1781813940000,"agent_id":"swarm","symbol":"RAAPLUSDT","side":"buy","price":298.1687455398432,"quantity":0.7022591788783568,"notional_usd":209.39173841,"fee_usd":0.12563504304599998,"balance_before_usd":9999.311288530334,"balance_after_usd":9999.141589855999,"decision":"ALLOW","cert_hash":"1f8993009343b79adaf1859e6ce0609da876b6dd18f95f4b51484f6dee1954eb","prev_hash":"4b4e2debe50714076010e92c4cb49c3d2bea38d4d82b17ac01a6feb773be232d","record_hash":"85fd7f470ebb86238b82d6fc2728ba75755b8d96a64e86ab2a9099fdb5204145","signature_hex":"4b88904f6970a42cc57a3f45d3a7c78baf22873cb113093053384fad42e27ac738c98c5202b80a1d0b85b2ed9a5dd68ef3ed1dfcdb1d2c6b67d10f0f47fa1709","public_key_hex":"c2f8243b0d573587f285c830a868acd19249d17d59ecbf9329e796dfed6fb630"}
{"seq":2,"ts":1781814420000,"agent_id":"swarm","symbol":"RAAPLUSDT","side":"sell","price":298.0372833901,"quantity":0.697822924079533,"notional_usd":207.97724858,"fee_usd":0.124786349148,"balance_before_usd":9999.119470464128,"balance_after_usd":9998.95091902687,"decision":"ALLOW","cert_hash":"5df06802a8fdf20e4a8e8f2dac8f2d10fdc12056fd0e40f7e338501d08da5440","prev_hash":"85fd7f470ebb86238b82d6fc2728ba75755b8d96a64e86ab2a9099fdb5204145","record_hash":"e9ac3a3481ee489defa1698258d651cde9ba8858d3eb04266840696da3ec0711","signature_hex":"ef226b02003bfbb7d3607c372ce9c3304b246c5bb4d99297c3ee6aa0ca9a15e33b4c34eb03e5134739ca0f8b556c7e6e35faab561f8788951abb5b7ee9522a08","public_key_hex":"c2f8243b0d573587f285c830a868acd19249d17d59ecbf9329e796dfed6fb630"}
{"seq":3,"ts":1781814780000,"agent_id":"swarm","symbol":"RAAPLUSDT","side":"sell","price":297.87214959016734,"quantity":2.9894733428592897,"notional_usd":890.48085078,"fee_usd":0.534288510468,"balance_before_usd":9998.487663956737,"balance_after_usd":9997.73559108806,"decision":"ALLOW","cert_hash":"8e397e96e15ba2c52e4e8111f5609971ea645071fcc299566037ff9f65abacc8","prev_hash":"e9ac3a3481ee489defa1698258d651cde9ba8858d3eb04266840696da3ec0711","record_hash":"7d9bb1ae260d6fd7b1b3281e0532094299ff7a94c909faec6b543c2dcf484145","signature_hex":"0f46fb2117456961f04fb6858e2b39ef3cecebc990f82d615998a21d9654f5d1ed2e16cbc71d5f5065e0dcc6886986675ac41fad7a3a5b6c689fa42cb4072f05","public_key_hex":"c2f8243b0d573587f285c830a868acd19249d17d59ecbf9329e796dfed6fb630"}
{"seq":4,"ts":1781815740000,"agent_id":"swarm","symbol":"RAAPLUSDT","side":"buy","price":298.0178070914219,"quantity":2.9763164129581674,"notional_usd":886.9952906,"fee_usd":0.53219717436,"balance_before_usd":9997.73559108806,"balance_after_usd":9996.98669697252,"decision":"ALLOW","cert_hash":"8f81d87a3f3855e2cbe47d69c82051f263ec69a3bc03fef08d2a527ff44947c2","prev_hash":"7d9bb1ae260d6fd7b1b3281e0532094299ff7a94c909faec6b543c2dcf484145","record_hash":"ed95b0eeb2491f2516c65cd213d8ad52a13999cac1ff8f526bd4a5401cdfb5c0","signature_hex":"dcca8dd78edce0a6f9834caf6021213d9608cdae935016eb9cfb497f72ae9e1707396bc27425175c18cf4a4e64a0a21911969171ad1a551967e56ddb4eaf0700","public_key_hex":"c2f8243b0d573587f285c830a868acd19249d17d59ecbf9329e796dfed6fb630"}
{"seq":5,"ts":1781815860000,"agent_id":"swarm","symbol":"RAAPLUSDT","side":"buy","price":297.82792381808315,"quantity":1.210549028271168,"notional_usd":360.53530377,"fee_usd":0.216321182262,"balance_before_usd":9996.445140419157,"balance_after_usd":9996.150225772,"decision":"ALLOW","cert_hash":"42367d949e2c5afd94a45a6dc82b1c580c9589600b03b7e7ebdf33b9db043bb4","prev_hash":"ed95b0eeb2491f2516c65cd213d8ad52a13999cac1ff8f526bd4a5401cdfb5c0","record_hash":"a19624fde69fc81d24ec1fef07f2a7f061e19bce492d77474b405c929bc0e04b","signature_hex":"d7942421d6ce66e4deb93f484cd5cdc8da641a916037ef1817e8d8a71378d914b7e19c8035ae9726796774f252f2fd351873bb27051c8e794a6612ed8501540f","public_key_hex":"c2f8243b0d573587f285c830a868acd19249d17d59ecbf9329e796dfed6fb630"}
{"seq":6,"ts":1781815980000,"agent_id":"swarm","symbol":"RAAPLUSDT","side":"buy","price":297.8333629602945,"quantity":0.858220886973217,"notional_usd":255.60681293,"fee_usd":0.153364087758,"balance_before_usd":9996.179528713405,"balance_after_usd":9995.97178520966,"decision":"ALLOW","cert_hash":"3edd61fd8d76e33bc8720ec50ebab334025afe6e6753677057fe87633e0afb6b","prev_hash":"a19624fde69fc81d24ec1fef07f2a7f061e19bce492d77474b405c929bc0e04b","record_hash":"d995f12c0c8e68a1fba43d4043bb9f1b451c944238f66119d2a683d7c225c530","signature_hex":"e0bd55ce87f2b739ca7d4ae97eb566e333ab935140aff546d2924aa2cda6b22ff24784d150767173e6ee824268c517b8041775670bd2c33a6d2fa8165a847d0a","public_key_hex":"c2f8243b0d573587f285c830a868acd19249d17d59ecbf9329e796dfed6fb630"}
{"seq":7,"ts":1781816280000,"agent_id":"swarm","symbol":"RAAPLUSDT","side":"sell","price":297.68245549589454,"quantity":0.6766702646766432,"notional_usd":201.43286595,"fee_usd":0.12085971957000001,"balance_before_usd":9995.845676325329,"balance_after_usd":9995.682494599612,"decision":"ALLOW","cert_hash":"e3172093baceadb06e502718a92c941816b2697b902e200fab4346aee4bdd6fe","prev_hash":"d995f12c0c8e68a1fba43d4043bb9f1b451c944238f66119d2a683d7c225c530","record_hash":"6b21ee48fc3e6d53ddcaf2d7582711bde313ea6a0614e0697a15c7a40dbd43bc","signature_hex":"05673613006b9e0b394e5f2bf2281adb6da6ea9eeedf76ef6e4dbc51680b1389fe438ac7df219cf700fe16429d3ce000dd550ed3f98112ddefea86595be29e00","public_key_hex":"c2f8243b0d573587f285c830a868acd19249d17d59ecbf9329e796dfed6fb630"}
{"seq":8,"ts":1781816400000,"agent_id":"swarm","symbol":"RAAPLUSDT","side":"sell","price":297.73472849470846,"quantity":1.2891284895131792,"notional_usd":383.81832082,"fee_usd":0.230290992492,"balance_before_usd":9995.922717280588,"balance_after_usd":9995.60828293107,"decision":"ALLOW","cert_hash":"13c8468312dfba0eef0a6b8a63909442ded738f1665e1d39e5fddffa3decd5f1","prev_hash":"6b21ee48fc3e6d53ddcaf2d7582711bde313ea6a0614e0697a15c7a40dbd43bc","record_hash":"bdaf782377c3adebb7a5e77eb2c5b9051f23608847612dd31b65e6dbad30659f","signature_hex":"4078f3f9be011d320d6d0806addb144792e35d3eb651c6eb4a0fa36ef37976e50e319548dff9c9bf20714235797d95af6e190ef99b49e13a1fa9169cd075f40b","public_key_hex":"c2f8243b0d573587f285c830a868acd19249d17d59ecbf9329e796dfed6fb630"}
{"seq":9,"ts":1781816460000,"agent_id":"swarm","symbol":"RAAPLUSDT","side":"sell","price":297.8697515674838,"quantity":3.079313659554976,"notional_usd":917.23439477,"fee_usd":0.550340636862,"balance_before_usd":9996.048516527602,"balance_after_usd":9995.272620991951,"decision":"ALLOW","cert_hash":"c861ebb9e86fbfb5794f512de13811081166d0666c4c1bb1b91249d401cb77b3","prev_hash":"bdaf782377c3adebb7a5e77eb2c5b9051f23608847612dd31b65e6dbad30659f","record_hash":"0fafc6731ebb8a30cf8f1975e9aa75252851f8bd572e99cebe93abb85de7ce77","signature_hex":"843bf3ed825385d44ecea714ad34d0a69caf3931d54f5fe2894c0fa01d5549c4426052ed331ab763b4b452df56b280b8c4511bd6e6845c8653fdd55e2e184508","public_key_hex":"c2f8243b0d573587f285c830a868acd19249d17d59ecbf9329e796dfed6fb630"}
{"seq":10,"ts":1781820180000,"agent_id":"swarm","symbol":"RAAPLUSDT","side":"buy","price":297.7744337390085,"quantity":3.3592107301150156,"notional_usd":1000.28707297,"fee_usd":0.6001722437820001,"balance_before_usd":9995.27280495278,"balance_after_usd":9994.422594094238,"decision":"ALLOW","cert_hash":"94c5c9dd11dd5733801c1ba4cd5b7a97991c47582d8d257f27959c2ebb7cee1e","prev_hash":"0fafc6731ebb8a30cf8f1975e9aa75252851f8bd572e99cebe93abb85de7ce77","record_hash":"8457af371d1bca431590c90d1f311d54e43e321f85d91969063c5c791735cd99","signature_hex":"86ff4ed2457a92a19b2f90d607512193500871ea09ca9fd491aefc10d85476a90d2a59be4ded5ed1c939e08c5140e53a57f50d384ac860e4626d610d69a2d90b","public_key_hex":"c2f8243b0d573587f285c830a868acd19249d17d59ecbf9329e796dfed6fb630"}
{"seq":11,"ts":1781820480000,"agent_id":"swarm","symbol":"RAAPLUSDT","side":"sell","price":297.89550126685407,"quantity":3.3592935833346433,"notional_usd":1000.71844591,"fee_usd":0.6004310675460001,"balance_before_usd":9995.329376590447,"balance_after_usd":9994.47868240668,"decision":"ALLOW","cert_hash":"0db55b3eebe4ce214b5c096bdf6bb716f398cb51c0eaf6806607798e7be76666","prev_hash":"8457af371d1bca431590c90d1f311d54e43e321f85d91969063c5c791735cd99","record_hash":"6bf5abad4f89690ab22527398cb7bbbbbcef3d1c723248f1d9ea1d3c3e33d427","signature_hex":"1eb08c11b1ed7a85ddf3b3a6ee90e25df8fda522d34db161bbab45c5cfae572f7907c246d349270cf04717b04067862767b7af6fd6b0e1c1313a4c43cba51903","public_key_hex":"c2f8243b0d573587f285c830a868acd19249d17d59ecbf9329e796dfed6fb630"}
{"seq":12,"ts":1781821200000,"agent_id":"swarm","symbol":"RAAPLUSDT","side":"buy","price":297.3421323234502,"quantity":2.8677350184010604,"notional_usd":852.69844531,"fee_usd":0.511619067186,"balance_before_usd":9994.479270332247,"balance_after_usd":9993.760794875147,"decision":"ALLOW","cert_hash":"95d5e92d1c633b3634d1f930aae6472ad65477e28083a2cb2a41f71512dd5b8c","prev_hash":"6bf5abad4f89690ab22527398cb7bbbbbcef3d1c723248f1d9ea1d3c3e33d427","record_hash":"c433eee7b137bcb3a10e4ba93633c34e59db6ba91b487db6a0f8a51077a5e75b","signature_hex":"e9d313d1037add9af51601c39473966c723355377dd734413f8966ae79d46f9f9756e22c8fd9c0b373cdb271732d17f9da9c61552e7903849247d59d44d03d06","public_key_hex":"c2f8243b0d573587f285c830a868acd19249d17d59ecbf9329e796dfed6fb630"}
{"seq":13,"ts":1781821380000,"agent_id":"swarm","symbol":"RAAPLUSDT","side":"buy","price":297.25396617782513,"quantity":1.02438465802619,"notional_usd":304.50240249,"fee_usd":0.182701441494,"balance_before_usd":9993.531443265168,"balance_after_usd":9993.283215852478,"decision":"ALLOW","cert_hash":"97762089e7844f7b6f75c1f23c966cac68a0f1fc7a44e9dbc57f78e11f5b658b","prev_hash":"c433eee7b137bcb3a10e4ba93633c34e59db6ba91b487db6a0f8a51077a5e75b","record_hash":"2ac871104dc0b9b6bde6ef15f54da71217ab78a886a70de455b5d2fbe4f85b37","signature_hex":"c1cd3cdcd0e3a7c1cb5998b06d30a82e260288814b1b8ca6f75167c3f5f502d367b822e05792e557f668a69d0d73274341f00fba0962e91281299adb53fa8707","public_key_hex":"c2f8243b0d573587f285c830a868acd19249d17d59ecbf9329e796dfed6fb630"}
{"seq":14,"ts":1781821740000,"agent_id":"swarm","symbol":"RAAPLUSDT","side":"sell","price":297.2569286110471,"quantity":0.8170865936242253,"notional_usd":242.88465123,"fee_usd":0.145730790738,"balance_before_usd":9993.789082224237,"balance_after_usd":9993.591816647144,"decision":"ALLOW","cert_hash":"6e7915e6a6454af122c4881548c15c8c30b12017491f11910394863ea096029d","prev_hash":"2ac871104dc0b9b6bde6ef15f54da71217ab78a886a70de455b5d2fbe4f85b37","record_hash":"015a6c3dae0ca81c8dd2a41036d37e69c3c94e166b90d64365a2b578042f75eb","signature_hex":"d34182b1f25c3809faa5a9210a3d18d641758a04f560c5f970680cc30d4a413d39d0fbaa8751449c0048067d3ddd99f0932b4c4b6334b056cb2c60c4de75bd07","public_key_hex":"c2f8243b0d573587f285c830a868acd19249d17d59ecbf9329e796dfed6fb630"}
{"seq":15,"ts":1781821860000,"agent_id":"swarm","symbol":"RAAPLUSDT","side":"sell","price":297.2459528151405,"quantity":3.0749486616843305,"notional_usd":914.0160448,"fee_usd":0.54840962688,"balance_before_usd":9993.588742453954,"balance_after_usd":9992.815716483752,"decision":"ALLOW","cert_hash":"96d0005eaf5b18b6f9b578b82977ea901610c473bf2a40487a7d2b901d975a73","prev_hash":"015a6c3dae0ca81c8dd2a41036d37e69c3c94e166b90d64365a2b578042f75eb","record_hash":"ee193028059ac153903465d37ab1720292a4c6546ad475b0fc563f448f38fc00","signature_hex":"ea31b296a2b49c6448c034829e5be9ad4478275a791a35f43728ea58fa14a70b7780c4ab940b0a070bbb6ba0608f61aacd5f5f8c4060f7386f92017e0269f80f","public_key_hex":"c2f8243b0d573587f285c830a868acd19249d17d59ecbf9329e796dfed6fb630"}
{"seq":16,"ts":1781824020000,"agent_id":"swarm","symbol":"RAAPLUSDT","side":"buy","price":297.13530783423613,"quantity":3.147490839499089,"notional_usd":935.2306595,"fee_usd":0.5611383957,"balance_before_usd":9992.815910640198,"balance_after_usd":9992.024036507777,"decision":"ALLOW","cert_hash":"b26cf85ced5537aa294aac3b6f6f0c888d88f3d9b5d641b6c5c0d61e9aae355a","prev_hash":"ee193028059ac153903465d37ab1720292a4c6546ad475b0fc563f448f38fc00","record_hash":"be71e634dba3a600fb1ab38090ce85500265cf0ca92a85403bde419cd6303f51","signature_hex":"b2fc36abeff62508a9be93cb80a3f4479c6dc3e8fee1b4a57d7c2d5c3e7e8ea515ecd00ebf2b732f16f3c16555dc82c30efb959e2df354c8f02bcecb478c3d07","public_key_hex":"c2f8243b0d573587f285c830a868acd19249d17d59ecbf9329e796dfed6fb630"}
{"seq":17,"ts":1781824080000,"agent_id":"swarm","symbol":"RAAPLUSDT","side":"buy","price":297.1243816453631,"quantity":1.1253038958582482,"notional_usd":334.35522422,"fee_usd":0.200613134532,"balance_before_usd":9992.017743037044,"balance_after_usd":9991.744680986163,"decision":"ALLOW","cert_hash":"bcab1b28c43a99de81e3c337a932fd4e4fb45d511349307e827e317d98ed84ae","prev_hash":"be71e634dba3a600fb1ab38090ce85500265cf0ca92a85403bde419cd6303f51","record_hash":"c379f2c1fdbc3dfc5a1f26a2c88a2752ea0f62426074fc500b651754801add02","signature_hex":"f4085cf161e918b3519f06513c17e5a7ae552a010bc075b3dafede8b8738b89e276ab462c51958ddd4d6f530d51b1221c54e24661ef53535632be22d0059780b","public_key_hex":"c2f8243b0d573587f285c830a868acd19249d17d59ecbf9329e796dfed6fb630"}
{"seq":18,"ts":1781824140000,"agent_id":"swarm","symbol":"RAAPLUSDT","side":"buy","price":297.12243419231675,"quantity":0.6840722195633382,"notional_usd":203.25320304,"fee_usd":0.12195192182399998,"balance_before_usd":9991.744680986163,"balance_after_usd":9991.580019567824,"decision":"ALLOW","cert_hash":"56ffe910859533c15d4c1499b07efadfc2f3697ba0b6e608a5fe10be51c83d2a","prev_hash":"c379f2c1fdbc3dfc5a1f26a2c88a2752ea0f62426074fc500b651754801add02","record_hash":"9cb3b5c00782c9421a8748d8d6dec05335f9784f7ef05ea9942441ec5cf944ab","signature_hex":"645cbd0cdca8dbe8f90f010e567c329e478631ea7c5441f5580f3284c48eed595484a49e37d61f81b4ee0339395a998bf4f4d4579f41a32e4117199592f64805","public_key_hex":"c2f8243b0d573587f285c830a868acd19249d17d59ecbf9329e796dfed6fb630"}
{"seq":19,"ts":1781824260000,"agent_id":"swarm","symbol":"RAAPLUSDT","side":"buy","price":297.1226818108999,"quantity":0.7401751319341119,"notional_usd":219.92282021,"fee_usd":0.131953692126,"balance_before_usd":9991.580019567824,"balance_after_usd":9991.401670358046,"decision":"ALLOW","cert_hash":"f279e1588a4409e5ad589a01bc1eacc96443018047cee7e36d1fc27b6b091b88","prev_hash":"9cb3b5c00782c9421a8748d8d6dec05335f9784f7ef05ea9942441ec5cf944ab","record_hash":"fe947685e33706e9d4048fbe896c16c6e6aeefd55f7434ca30e5e3e8a5bebf22","signature_hex":"c75d868db82d99ec3953ae380ded7e155b7f5e38b3d6092001073dd6a3a0b42ee96dcef64f4d66c20c26a5aee276cbda8851b7272d59cde15000deee8ceba30c","public_key_hex":"c2f8243b0d573587f285c830a868acd19249d17d59ecbf9329e796dfed6fb630"}
{"seq":20,"ts":1781824440000,"agent_id":"swarm","symbol":"RAAPLUSDT","side":"sell","price":297.0588991668434,"quantity":1.286960838581978,"notional_usd":382.30316998,"fee_usd":0.22938190198800001,"balance_before_usd":9991.76623270136,"balance_after_usd":9991.45306857654,"decision":"ALLOW","cert_hash":"73702cdbd2fc5bdd5559708961d34a0a78925a496aa7a9c76397a7bd55aa6cd7","prev_hash":"fe947685e33706e9d4048fbe896c16c6e6aeefd55f7434ca30e5e3e8a5bebf22","record_hash":"a4da7378d333baba54559dd5d8ce14d04861424841a2684633d0d7dfd1c60580","signature_hex":"5ee0a3244daa82c7a38aa763c5eb58b7abd8b46bd07b5c03e3259a37c92bd38f9410561fa3ccb5bf9c88ecfc7df52eaf1dd188d216bd82ca732e3e55b94fd805","public_key_hex":"c2f8243b0d573587f285c830a868acd19249d17d59ecbf9329e796dfed6fb630"}
{"seq":21,"ts":1781824500000,"agent_id":"swarm","symbol":"RAAPLUSDT","side":"sell","price":297.0610727364139,"quantity":1.020953403104112,"notional_usd":303.28551314,"fee_usd":0.181971307884,"balance_before_usd":9991.457477902315,"balance_after_usd":9991.21023983712,"decision":"ALLOW","cert_hash":"bbf65a59ccd68ccf682009e6006729078182fce5e4ba38f9ae33ee8261fd3aea","prev_hash":"a4da7378d333baba54559dd5d8ce14d04861424841a2684633d0d7dfd1c60580","record_hash":"189e92e61c4f6641be7afb11c873926ab95e438d7b716e60bc2f1fa4afe659e4","signature_hex":"b0bedbea3c3f5d1c7e57088abe8202880c05e9657fecf2c279c460ad377d6324b7fdb127929e14a77ae16a019028c96f143dec72461b4793f346654a9fc2d70e","public_key_hex":"c2f8243b0d573587f285c830a868acd19249d17d59ecbf9329e796dfed6fb630"}
{"seq":22,"ts":1781824560000,"agent_id":"swarm","symbol":"RAAPLUSDT","side":"sell","price":297.0866118141529,"quantity":3.3892207948094173,"notional_usd":1006.89212262,"fee_usd":0.604135273572,"balance_before_usd":9991.332221242536,"balance_after_usd":9990.475967982602,"decision":"ALLOW","cert_hash":"65c6794d8b8164686dad87195db02aa28b4af51258ed69e21fcef1538f424d12","prev_hash":"189e92e61c4f6641be7afb11c873926ab95e438d7b716e60bc2f1fa4afe659e4","record_hash":"68480669469ce9013c4c5b34c6fe85caef7e22c3afa30224708dccbf949c60c0","signature_hex":"c4b8bb4d145ceaf176dd62b16549823a02e5dd7e522d5469e05747146057c4d1b929515ebc68231e8b64667571586d9fdee27e13fe0b752a2810637a96d8250d","public_key_hex":"c2f8243b0d573587f285c830a868acd19249d17d59ecbf9329e796dfed6fb630"}
{"seq":23,"ts":1781826360000,"agent_id":"swarm","symbol":"RAAPLUSDT","side":"buy","price":297.172290599394,"quantity":2.9145674818908107,"notional_usd":866.1286947,"fee_usd":0.51967721682,"balance_before_usd":9990.476019736356,"balance_after_usd":9989.745646689295,"decision":"ALLOW","cert_hash":"eb98afee19d29623e4cc3524dbfe59100ad4c551f41c797c99035c8442538931","prev_hash":"68480669469ce9013c4c5b34c6fe85caef7e22c3afa30224708dccbf949c60c0","record_hash":"ab630f49b6951ee3060d7e435def846c909b62732b51dba734141a0e82ac1c70","signature_hex":"f93402fef1ae1853995d9de324a1ddde62941b70741fb8206a5bb54d641bb0fd9a23a359bc08677470496bdd5f43754b5ad143a1a57afa9c5ba991fa49275c09","public_key_hex":"c2f8243b0d573587f285c830a868acd19249d17d59ecbf9329e796dfed6fb630"}
{"seq":24,"ts":1781826480000,"agent_id":"swarm","symbol":"RAAPLUSDT","side":"sell","price":297.0277247895174,"quantity":2.9144280496153567,"notional_usd":865.66593264,"fee_usd":0.5193995595840001,"balance_before_usd":9989.745646689295,"balance_after_usd":9989.01560622899,"decision":"ALLOW","cert_hash":"5772995e3802930c2ce31a4409e250d3d062f5a2ef4f02190f4f2f65071040ad","prev_hash":"ab630f49b6951ee3060d7e435def846c909b62732b51dba734141a0e82ac1c70","record_hash":"4e2b077004410249ce199783684fb4b11fbda732bc271ad7295a893453fa1692","signature_hex":"e91f7a0666932aea8cef8c202aa9460941255291049b0c18fe15c79006e78fa7b9e7af3754c092502faf348812d0aef9db23d67e26a1f925d62cf6ed60ee1b0f","public_key_hex":"c2f8243b0d573587f285c830a868acd19249d17d59ecbf9329e796dfed6fb630"}
{"seq":25,"ts":1781813880000,"agent_id":"swarm","symbol":"RAAPLUSDT","side":"buy","price":298.1578830251925,"quantity":2.9843061331530105,"notional_usd":889.79439896,"fee_usd":0.533876639376,"balance_before_usd":10000.0,"balance_after_usd":9999.248618101537,"decision":"ALLOW","cert_hash":"272c6a9f2a58690f769187686e33e9c37bc08429bb2e6dfb66db5bb71d4ab866","prev_hash":"4e2b077004410249ce199783684fb4b11fbda732bc271ad7295a893453fa1692","record_hash":"156eab0c0085f49c5b4e4e663fb398f4ee97173cf6c87083c73ad9835008149b","signature_hex":"7001c14b473a3ad3da4c41fee2158c87053b5939dc756fc8556c76a98dfe70fd349872dbd044fb239a0c4eb545b74c7c6a2737f532c97bcd6939d9ca9002110c","public_key_hex":"c2f8243b0d573587f285c830a868acd19249d17d59ecbf9329e796dfed6fb630"}
{"seq":26,"ts":1781813940000,"agent_id":"swarm","symbol":"RAAPLUSDT","side":"buy","price":298.1687455398432,"quantity":0.7022591788783568,"notional_usd":209.39173841,"fee_usd":0.12563504304599998,"balance_before_usd":9999.311288530334,"balance_after_usd":9999.141589855999,"decision":"ALLOW","cert_hash":"c391963e03de3299e5748adb726dedf015a11a6b7e8d20b03a8a9e34586336c6","prev_hash":"156eab0c0085f49c5b4e4e663fb398f4ee97173cf6c87083c73ad9835008149b","record_hash":"08074dba9ecd9ce39b3695e81a8d202f5d9d8ece8a4c5d9cb6ee19c7dceea7ab","signature_hex":"7c7b5647f2cb0d44dbe70adf651c3a2120d78483bb89a5e8c6d0a0d9ea9b259447098ec41bff511803c98030fdf1b7b3213a2fd54941208960ec9dda118beb0d","public_key_hex":"c2f8243b0d573587f285c830a868acd19249d17d59ecbf9329e796dfed6fb630"}
{"seq":27,"ts":1781814420000,"agent_id":"swarm","symbol":"RAAPLUSDT","side":"sell","price":298.0372833901,"quantity":0.697822924079533,"notional_usd":207.97724858,"fee_usd":0.124786349148,"balance_before_usd":9999.119470464128,"balance_after_usd":9998.95091902687,"decision":"ALLOW","cert_hash":"21bc14b97ff14ec416808c42f756ff05d49aa8aac82b2adf1e99e7be2534dc7c","prev_hash":"08074dba9ecd9ce39b3695e81a8d202f5d9d8ece8a4c5d9cb6ee19c7dceea7ab","record_hash":"7512390f7272a37dd24996739dc7a7199740a80251029af9d574f31026b4bb0a","signature_hex":"53e89f796d40b14e85b2b5b0b0c3bbf80e24735d5911f6dc1c183781d42a046a205c5da6bd190aed12c468e1ab50d3583cd0f457caecd74950f6a0265e56500e","public_key_hex":"c2f8243b0d573587f285c830a868acd19249d17d59ecbf9329e796dfed6fb630"}
{"seq":28,"ts":1781814780000,"agent_id":"swarm","symbol":"RAAPLUSDT","side":"sell","price":297.87214959016734,"quantity":2.9894733428592897,"notional_usd":890.48085078,"fee_usd":0.534288510468,"balance_before_usd":9998.487663956737,"balance_after_usd":9997.73559108806,"decision":"ALLOW","cert_hash":"df0c5f88228d6be52c91f15b784f3eae1df967ac304885283969791f86b16021","prev_hash":"7512390f7272a37dd24996739dc7a7199740a80251029af9d574f31026b4bb0a","record_hash":"b46e5000ac252f104ac7a6d021195a63144653e8ae60869c51749879260349ce","signature_hex":"a649a32741b75009eaa7b0adf613c37635e87587e38c1b14f7a0ac4aecf2b701ee3c175350417aeb637593a9d30a4cad6c2fe035c0f255bae164679021699f07","public_key_hex":"c2f8243b0d573587f285c830a868acd19249d17d59ecbf9329e796dfed6fb630"}
{"seq":29,"ts":1781815740000,"agent_id":"swarm","symbol":"RAAPLUSDT","side":"buy","price":298.0178070914219,"quantity":2.9763164129581674,"notional_usd":886.9952906,"fee_usd":0.53219717436,"balance_before_usd":9997.73559108806,"balance_after_usd":9996.98669697252,"decision":"ALLOW","cert_hash":"a6401503f767af8303379a2f6bd6bf0e25aee4828c601fd3fce4635e2ccc2a12","prev_hash":"b46e5000ac252f104ac7a6d021195a63144653e8ae60869c51749879260349ce","record_hash":"32b50e47639be6494933ddb4c6a31dafe03f029954e9e31b4529b9e3fd06516c","signature_hex":"e7f8203b1ff5c9348489b0092876b029d20026a48a1e39ed71b702d854061cd4f0aa90fe070f4f656645f892843dec09b9aa9aca7fa3a7b0b5e183662d282602","public_key_hex":"c2f8243b0d573587f285c830a868acd19249d17d59ecbf9329e796dfed6fb630"}
{"seq":30,"ts":1781815860000,"agent_id":"swarm","symbol":"RAAPLUSDT","side":"buy","price":297.82792381808315,"quantity":1.210549028271168,"notional_usd":360.53530377,"fee_usd":0.216321182262,"balance_before_usd":9996.445140419157,"balance_after_usd":9996.150225772,"decision":"ALLOW","cert_hash":"149e6f142f4ccada1e11619a34666a071d880758fa6294fc95bb9ebe22beb211","prev_hash":"32b50e47639be6494933ddb4c6a31dafe03f029954e9e31b4529b9e3fd06516c","record_hash":"814c30e912381b04b5a1a4f3ff2f02b244fa4fed30b16a7af54c22741c223419","signature_hex":"564a5fa62a86a1de7569c2c02f293d1401b60a845c2b7ee19e1a40b464f9018560fe66d61340a04dfdc67c06cfa104facf45fb9999965f662bd6e913db69ac02","public_key_hex":"c2f8243b0d573587f285c830a868acd19249d17d59ecbf9329e796dfed6fb630"}
{"seq":31,"ts":1781815980000,"agent_id":"swarm","symbol":"RAAPLUSDT","side":"buy","price":297.8333629602945,"quantity":0.858220886973217,"notional_usd":255.60681293,"fee_usd":0.153364087758,"balance_before_usd":9996.179528713405,"balance_after_usd":9995.97178520966,"decision":"ALLOW","cert_hash":"4509d40aa967a0f735d1669e929c43fba19c7fac889aee5a8da5cbca4818d407","prev_hash":"814c30e912381b04b5a1a4f3ff2f02b244fa4fed30b16a7af54c22741c223419","record_hash":"e234d104450b895f57c79b252509beeea500107e94ff6593dfb46494c57ad098","signature_hex":"661e3e73ea799a17512b1248153fd4ab531aef8b43583476a1d9b27fcd4bc1ac43f439433ffeca1572dc7d4a3bd6d464635f58e79614f7e082e00e0466d2e909","public_key_hex":"c2f8243b0d573587f285c830a868acd19249d17d59ecbf9329e796dfed6fb630"}
{"seq":32,"ts":1781816280000,"agent_id":"swarm","symbol":"RAAPLUSDT","side":"sell","price":297.68245549589454,"quantity":0.6766702646766432,"notional_usd":201.43286595,"fee_usd":0.12085971957000001,"balance_before_usd":9995.845676325329,"balance_after_usd":9995.682494599612,"decision":"ALLOW","cert_hash":"09b984556a5cc096271b9718e731c0417bf6262485d2879e15dbc180cbe9b987","prev_hash":"e234d104450b895f57c79b252509beeea500107e94ff6593dfb46494c57ad098","record_hash":"1b7f5e418ac582e0faa4e74b734c37c718ba8448933822ef1f41350755063335","signature_hex":"98fcc17262e6711a9a6b7115892b5e091899f45b1499a07a610f6ccc4c10e94f0b10fa1ebb0d590ecfd2a9e6d925e60538cf464ba847028f69039e7e3fc1b40a","public_key_hex":"c2f8243b0d573587f285c830a868acd19249d17d59ecbf9329e796dfed6fb630"}
{"seq":33,"ts":1781816400000,"agent_id":"swarm","symbol":"RAAPLUSDT","side":"sell","price":297.73472849470846,"quantity":1.2891284895131792,"notional_usd":383.81832082,"fee_usd":0.230290992492,"balance_before_usd":9995.922717280588,"balance_after_usd":9995.60828293107,"decision":"ALLOW","cert_hash":"09267b28918a51b6f6b62c2184aafa568cab1c236c8c315abc06cf389fb4739a","prev_hash":"1b7f5e418ac582e0faa4e74b734c37c718ba8448933822ef1f41350755063335","record_hash":"14d30a70e2d8153194bda40526baf1ea26a6181acb74518a83b4482b6809a912","signature_hex":"23f412cbe8a016ca899db5a6d99aa8305cf5d90aa53fd8909e5091565bacd402f632ad803aaa90c07bec2cfe97cf56566b36b1e89ccfec7713b52c7f836c020f","public_key_hex":"c2f8243b0d573587f285c830a868acd19249d17d59ecbf9329e796dfed6fb630"}
{"seq":34,"ts":1781816460000,"agent_id":"swarm","symbol":"RAAPLUSDT","side":"sell","price":297.8697515674838,"quantity":3.079313659554976,"notional_usd":917.23439477,"fee_usd":0.550340636862,"balance_before_usd":9996.048516527602,"balance_after_usd":9995.272620991951,"decision":"ALLOW","cert_hash":"b831d7be10249e4febd8362ed6fdeaeb56c69908a232e188b29ecb4efc788365","prev_hash":"14d30a70e2d8153194bda40526baf1ea26a6181acb74518a83b4482b6809a912","record_hash":"4137a015d5740cfebe0ca54a2e5b5de9aeb6dc28ab58c960708636ee6aa610ea","signature_hex":"2bac8776d6a1ccfc2d1ccac566237037f1d1a8d8255edb1833e8de5cebaac642a5db36795751b50a3d55b75be7c6b2b8ebd8eee166e9ebee034c1fc6c4c35509","public_key_hex":"c2f8243b0d573587f285c830a868acd19249d17d59ecbf9329e796dfed6fb630"}
{"seq":35,"ts":1781820180000,"agent_id":"swarm","symbol":"RAAPLUSDT","side":"buy","price":297.7744337390085,"quantity":3.3592107301150156,"notional_usd":1000.28707297,"fee_usd":0.6001722437820001,"balance_before_usd":9995.27280495278,"balance_after_usd":9994.422594094238,"decision":"ALLOW","cert_hash":"8df109f1d1d2ab5789691c718bfc3181439aacf8050ca9f41628b1af0d704d90","prev_hash":"4137a015d5740cfebe0ca54a2e5b5de9aeb6dc28ab58c960708636ee6aa610ea","record_hash":"82459ed88ab581090b9f74931688d7971a52f42bfaf6fb80c36a742d1ad7f030","signature_hex":"f50da8641a708c8522d2e611cf0c426ba8c000c294e712bdfe88e9071b9ee1d93a4590af3aad939017a4a99cb73f1770a1c022ec25603f3ceb80947e01fac10d","public_key_hex":"c2f8243b0d573587f285c830a868acd19249d17d59ecbf9329e796dfed6fb630"}
{"seq":36,"ts":1781820480000,"agent_id":"swarm","symbol":"RAAPLUSDT","side":"sell","price":297.89550126685407,"quantity":3.3592935833346433,"notional_usd":1000.71844591,"fee_usd":0.6004310675460001,"balance_before_usd":9995.329376590447,"balance_after_usd":9994.47868240668,"decision":"ALLOW","cert_hash":"df71a8ac083d5cd908eb278122b540f29f5a590f9e074b9f105207ff63cf508b","prev_hash":"82459ed88ab581090b9f74931688d7971a52f42bfaf6fb80c36a742d1ad7f030","record_hash":"84279f20abab5bf3d926030372b0f04e7a7eef3dc860043067af3ef1849bcf09","signature_hex":"7127d578c721289609127af35f5dc31f3a5b26d734cb4b96d4eda5f3ec651879ca987d28c7b446571e05f01c4bac3cff805e258bdcdbbae9cd3ed4edaa74a80d","public_key_hex":"c2f8243b0d573587f285c830a868acd19249d17d59ecbf9329e796dfed6fb630"}
{"seq":37,"ts":1781821200000,"agent_id":"swarm","symbol":"RAAPLUSDT","side":"buy","price":297.3421323234502,"quantity":2.8677350184010604,"notional_usd":852.69844531,"fee_usd":0.511619067186,"balance_before_usd":9994.479270332247,"balance_after_usd":9993.760794875147,"decision":"ALLOW","cert_hash":"c3a26420cc564db2a5b63e0658e0c245ecad0abea985d01f1539e0d12b8b0ecc","prev_hash":"84279f20abab5bf3d926030372b0f04e7a7eef3dc860043067af3ef1849bcf09","record_hash":"926087a41b812357ae30b7ec12691d17f55442a5e02a284d0521f34c471ad8e1","signature_hex":"9c1f45db6c4fa6e0558e79cc79891aa56b40f5b35487d660b7f02e734b23b4f73018f688a364b56daf4fda013902bab3a9702d5bc6c34c551910493343821d00","public_key_hex":"c2f8243b0d573587f285c830a868acd19249d17d59ecbf9329e796dfed6fb630"}
{"seq":38,"ts":1781821380000,"agent_id":"swarm","symbol":"RAAPLUSDT","side":"buy","price":297.25396617782513,"quantity":1.02438465802619,"notional_usd":304.50240249,"fee_usd":0.182701441494,"balance_before_usd":9993.531443265168,"balance_after_usd":9993.283215852478,"decision":"ALLOW","cert_hash":"c42a05798013e905cd0e6c9f8a8d3c10ad4a54ad7de825ff7b0676800de8aa5a","prev_hash":"926087a41b812357ae30b7ec12691d17f55442a5e02a284d0521f34c471ad8e1","record_hash":"1bf640537bdd50ca2553120f2bd91abf25eeecfb8a42ac933e209988e6ee316f","signature_hex":"61649a596e3b8b3e7caedf0238b0509342763424ca802b24fe095409ad0aa195d398171c219a2975d16fb9d11dcdf78802f51b8950a352a9ff1afad53b17c709","public_key_hex":"c2f8243b0d573587f285c830a868acd19249d17d59ecbf9329e796dfed6fb630"}
{"seq":39,"ts":1781821740000,"agent_id":"swarm","symbol":"RAAPLUSDT","side":"sell","price":297.2569286110471,"quantity":0.8170865936242253,"notional_usd":242.88465123,"fee_usd":0.145730790738,"balance_before_usd":9993.789082224237,"balance_after_usd":9993.591816647144,"decision":"ALLOW","cert_hash":"2e69667a8a1d19e424fe14b777cf61aa37b041dd82b13925243acd9aef5bcfd6","prev_hash":"1bf640537bdd50ca2553120f2bd91abf25eeecfb8a42ac933e209988e6ee316f","record_hash":"ed199813c84a8ecae092dbd29059854208238c30b61f9d3bd21961a6058dddef","signature_hex":"dec2aa32d12c8abfcaaea2854e3bfa5edd18b4b657b79a179f5762088e6c9d218850e969d72467e47b6a41d73d2518ca83c99efebc6e60943a9f680cdef9ec0c","public_key_hex":"c2f8243b0d573587f285c830a868acd19249d17d59ecbf9329e796dfed6fb630"}
{"seq":40,"ts":1781821860000,"agent_id":"swarm","symbol":"RAAPLUSDT","side":"sell","price":297.2459528151405,"quantity":3.0749486616843305,"notional_usd":914.0160448,"fee_usd":0.54840962688,"balance_before_usd":9993.588742453954,"balance_after_usd":9992.815716483752,"decision":"ALLOW","cert_hash":"f85723338dbc3a3bea32c66c02603048e7da641e24b0a2a32ade6e612127ed0a","prev_hash":"ed199813c84a8ecae092dbd29059854208238c30b61f9d3bd21961a6058dddef","record_hash":"4cc84dadb93f37d8b686be3e69298404ad1a930058bea1fd24aed6d995c297b8","signature_hex":"b2ba4d9af8f8d198a77118a5e06102a7badee750dfefb361d688f87f83e65a7f41cb03c4fe616a9f15c1b40abda7faf99218fd650d336d62dffc33ab26dc2601","public_key_hex":"c2f8243b0d573587f285c830a868acd19249d17d59ecbf9329e796dfed6fb630"}
{"seq":41,"ts":1781824020000,"agent_id":"swarm","symbol":"RAAPLUSDT","side":"buy","price":297.13530783423613,"quantity":3.147490839499089,"notional_usd":935.2306595,"fee_usd":0.5611383957,"balance_before_usd":9992.815910640198,"balance_after_usd":9992.024036507777,"decision":"ALLOW","cert_hash":"077fdbc6c6579aa090b5890a464b212854dafeb0982dcb9cbf21bc20f31249b6","prev_hash":"4cc84dadb93f37d8b686be3e69298404ad1a930058bea1fd24aed6d995c297b8","record_hash":"772404f14b85a7b55957ac3a1d1016227b62390d4e6aa5d95b4f9ba529dbbbb8","signature_hex":"c3dc241356abce1eb6c6b6b66a65fb3dcfaa4b95afd2c6128aaf9d3d91e9a9cf35786538bafe53fc94ea710ee3621c70305b1c5cce4a5e9645f9336d36d1f000","public_key_hex":"c2f8243b0d573587f285c830a868acd19249d17d59ecbf9329e796dfed6fb630"}
{"seq":42,"ts":1781824080000,"agent_id":"swarm","symbol":"RAAPLUSDT","side":"buy","price":297.1243816453631,"quantity":1.1253038958582482,"notional_usd":334.35522422,"fee_usd":0.200613134532,"balance_before_usd":9992.017743037044,"balance_after_usd":9991.744680986163,"decision":"ALLOW","cert_hash":"57fee4050b0d387fb49ca3a820cf38874a26f61efee062a3df241afb35b4b540","prev_hash":"772404f14b85a7b55957ac3a1d1016227b62390d4e6aa5d95b4f9ba529dbbbb8","record_hash":"86c898855617e44b6d6f3f15591793087b3ff04ec56409f36fbc4b0842fc7b26","signature_hex":"307e19add8d5c97c508dfbf1756e5ed33eb1054f291299d7d35314e4a02516c396d94231ca11b088abdf8d73700b744d5f569a508877f4932a0e3da3b202e40f","public_key_hex":"c2f8243b0d573587f285c830a868acd19249d17d59ecbf9329e796dfed6fb630"}
{"seq":43,"ts":1781824140000,"agent_id":"swarm","symbol":"RAAPLUSDT","side":"buy","price":297.12243419231675,"quantity":0.6840722195633382,"notional_usd":203.25320304,"fee_usd":0.12195192182399998,"balance_before_usd":9991.744680986163,"balance_after_usd":9991.580019567824,"decision":"ALLOW","cert_hash":"40d7aaf37d8df7ce1592f4aa833fc2fb127fde97c19e3f751bbdbd3dc6a8d83a","prev_hash":"86c898855617e44b6d6f3f15591793087b3ff04ec56409f36fbc4b0842fc7b26","record_hash":"b9839309b55b86491618d12dc56eabd83e9e1c639b5f220514bdefbf31a3e11d","signature_hex":"7736827137710a10bdb3e8af5465af174986340d7888b45f987adef41141478ee954f66b17d178094ef33d58b421667c18a52660e4d484ab01702b88b91e2e07","public_key_hex":"c2f8243b0d573587f285c830a868acd19249d17d59ecbf9329e796dfed6fb630"}
{"seq":44,"ts":1781824260000,"agent_id":"swarm","symbol":"RAAPLUSDT","side":"buy","price":297.1226818108999,"quantity":0.7401751319341119,"notional_usd":219.92282021,"fee_usd":0.131953692126,"balance_before_usd":9991.580019567824,"balance_after_usd":9991.401670358046,"decision":"ALLOW","cert_hash":"d07e3864f1e4820a312f50c05c9217689f0526948b7d0e47def7b7f5b400ca95","prev_hash":"b9839309b55b86491618d12dc56eabd83e9e1c639b5f220514bdefbf31a3e11d","record_hash":"5f09c1374e6a7a8876caa32eacad04c85f8d4f9f812b53c33e4b0acda0d9f2cc","signature_hex":"77c42df605af80c606901ebdfbd807a5c874eb564490672c955a37e2db9f79cdadf6ce4a324e030dbcf25defa1c3b4f5114b53cebb346910d2a025dc9c26b806","public_key_hex":"c2f8243b0d573587f285c830a868acd19249d17d59ecbf9329e796dfed6fb630"}
{"seq":45,"ts":1781824440000,"agent_id":"swarm","symbol":"RAAPLUSDT","side":"sell","price":297.0588991668434,"quantity":1.286960838581978,"notional_usd":382.30316998,"fee_usd":0.22938190198800001,"balance_before_usd":9991.76623270136,"balance_after_usd":9991.45306857654,"decision":"ALLOW","cert_hash":"0528cf4c28b90007373d95a3de99a78cd431a3b90a82149cb289d4d60c399255","prev_hash":"5f09c1374e6a7a8876caa32eacad04c85f8d4f9f812b53c33e4b0acda0d9f2cc","record_hash":"aea6871ab4b76490e61382220cf5d5864bb87610eeb57ec12535147cff626a9d","signature_hex":"9f0caacf1b25c5c5d020cfd6a182981d43ac2d3b76f6b1e46b24e5daa8f48844e2c75ef30323a53507c531fe5dc6d6f901d86fb6f24ebe8af88809f32c26720d","public_key_hex":"c2f8243b0d573587f285c830a868acd19249d17d59ecbf9329e796dfed6fb630"}
{"seq":46,"ts":1781824500000,"agent_id":"swarm","symbol":"RAAPLUSDT","side":"sell","price":297.0610727364139,"quantity":1.020953403104112,"notional_usd":303.28551314,"fee_usd":0.181971307884,"balance_before_usd":9991.457477902315,"balance_after_usd":9991.21023983712,"decision":"ALLOW","cert_hash":"af4b38d9cafb11fa9ddb84413ccb935efa6db80d48cecbb3da78a1d2f75030f3","prev_hash":"aea6871ab4b76490e61382220cf5d5864bb87610eeb57ec12535147cff626a9d","record_hash":"f64cb26d1112261a42e146e81f7f1b62417eeeea95aa777242414a23057067d5","signature_hex":"5b105a22babc23a1f8c11c3372db1b4bdde93a1944ed1b38e9e31b8c2fb1cf657056dc2198ca80fd6a306626a84196afce5fa787fd6ed2cdec0301982bee2a07","public_key_hex":"c2f8243b0d573587f285c830a868acd19249d17d59ecbf9329e796dfed6fb630"}
{"seq":47,"ts":1781824560000,"agent_id":"swarm","symbol":"RAAPLUSDT","side":"sell","price":297.0866118141529,"quantity":3.3892207948094173,"notional_usd":1006.89212262,"fee_usd":0.604135273572,"balance_before_usd":9991.332221242536,"balance_after_usd":9990.475967982602,"decision":"ALLOW","cert_hash":"5a1c0e64e5b1363ffe7ba2af7089fa405aa7add0c52af79165497e01e1192732","prev_hash":"f64cb26d1112261a42e146e81f7f1b62417eeeea95aa777242414a23057067d5","record_hash":"4ba6fff763cd260246a18a4a9efe4bebfbd233a101630f6b452fbc7bd4675869","signature_hex":"bdbd491bd143f9c3301f95e21f94d4227163c2518698987f1c3c322ca4046b90c198edf516127777ff96eba3e7d38603ee34a86057bc35a5a8cfdc9217d6e302","public_key_hex":"c2f8243b0d573587f285c830a868acd19249d17d59ecbf9329e796dfed6fb630"}
{"seq":48,"ts":1781826360000,"agent_id":"swarm","symbol":"RAAPLUSDT","side":"buy","price":297.172290599394,"quantity":2.9145674818908107,"notional_usd":866.1286947,"fee_usd":0.51967721682,"balance_before_usd":9990.476019736356,"balance_after_usd":9989.745646689295,"decision":"ALLOW","cert_hash":"9d91f52dc7004f4f1a6caa7f0dc3cb39864a6ca97396312e43510d326d15d137","prev_hash":"4ba6fff763cd260246a18a4a9efe4bebfbd233a101630f6b452fbc7bd4675869","record_hash":"fc700d6b87a5b510780eba921a13b8d58a93aa321c5989c9e630482924ab4ac3","signature_hex":"c1fed07415571b1f5f6f5f82578a37af9c54194a81b3c590ce27d919c812502295fdd201c47c271abef5d06cf5ab44c59854dcd6ea44b91765f0beb4734ff30d","public_key_hex":"c2f8243b0d573587f285c830a868acd19249d17d59ecbf9329e796dfed6fb630"}
{"seq":49,"ts":1781826480000,"agent_id":"swarm","symbol":"RAAPLUSDT","side":"sell","price":297.0277247895174,"quantity":2.9144280496153567,"notional_usd":865.66593264,"fee_usd":0.5193995595840001,"balance_before_usd":9989.745646689295,"balance_after_usd":9989.01560622899,"decision":"ALLOW","cert_hash":"552a01684f29dbc43608257b9c188eb2f17bd8361d96ea825479354a1c0e1bd4","prev_hash":"fc700d6b87a5b510780eba921a13b8d58a93aa321c5989c9e630482924ab4ac3","record_hash":"9701ddc1a6ebb0220cedbbc3cbb7c1940722616bf187866dc65fc19212a8a3cb","signature_hex":"ce85685fdc1015c4ea5115b870a662f8665fc33fa083a3b1be4aa166db241ed03d4036a31243e1500323f5ff57535dce2b8c508cb02e3a73327edbb016ef240b","public_key_hex":"c2f8243b0d573587f285c830a868acd19249d17d59ecbf9329e796dfed6fb630"}
