{"seq":0,"ts":1781838900000,"agent_id":"baseline-momentum","symbol":"ETHUSDT","side":"sell","price":1682.545118661,"quantity":1.1886754047889285,"notional_usd":2000.0,"fee_usd":1.2,"balance_before_usd":10000.0,"balance_after_usd":9998.199859969993,"decision":"ALLOW_CAPPED","cert_hash":"4c5979db6011d6d61672d36ba8bb251131e0fe6aeee324404dcf0cc32b6c5e37","prev_hash":"0000000000000000000000000000000000000000000000000000000000000000","record_hash":"f73d7e134db24d3bee88b691079e65578c793e45ac0b63ff47d12e0cff2b45df","signature_hex":"6141ba185fa85bdd005894193fb3bb9b8f51997f4951f148f1b62161eeb079a07d01e2ba74bd51e510d3388443b4389b98c8c908241b6e6dd25453e3dce97e08","public_key_hex":"c2f8243b0d573587f285c830a868acd19249d17d59ecbf9329e796dfed6fb630"}
{"seq":1,"ts":1781838960000,"agent_id":"baseline-momentum","symbol":"ETHUSDT","side":"sell","price":1684.694473704,"quantity":1.1871588773024009,"notional_usd":2000.0,"fee_usd":1.2,"balance_before_usd":9995.644207849697,"balance_after_usd":9993.84406781969,"decision":"ALLOW_CAPPED","cert_hash":"bf16ef4f668a7ad04753c14ec7444b38b41f7b2d34c8e7a39c665522a5bdfc28","prev_hash":"f73d7e134db24d3bee88b691079e65578c793e45ac0b63ff47d12e0cff2b45df","record_hash":"b2ac78ace2cfd14c2e5482dcc0b8be918a13f92bd113fbd4e5762b060dd914c3","signature_hex":"6917685735bf9cf9ac352099f8441626a7e3d30789287368436b0dd802929b0b9acc6a09b339a999e8b266eaf6682a68b03d08a945f64d54e2bc6a0666640d0c","public_key_hex":"c2f8243b0d573587f285c830a868acd19249d17d59ecbf9329e796dfed6fb630"}
{"seq":2,"ts":1781839020000,"agent_id":"baseline-momentum","symbol":"ETHUSDT","side":"sell","price":1685.2393243622175,"quantity":0.5883596244973962,"notional_usd":991.52677607,"fee_usd":0.5949160656420001,"balance_before_usd":9992.751184049928,"balance_after_usd":9991.908759424006,"decision":"ALLOW","cert_hash":"6005d21d262af26477fc86d39b9c802b67b9b101cb7d3293d3121896dc202590","prev_hash":"b2ac78ace2cfd14c2e5482dcc0b8be918a13f92bd113fbd4e5762b060dd914c3","record_hash":"8f8e9fddf8937e0db34dcd710ebfbeb816c20c953eeec2a2cf4d772705985544","signature_hex":"695ccbb58486279699083efd6e98f2effc182effd9666f5cab7c95325b09458f0d58660485320df47ab3b31ec0a64d7f128d76f0f14b679aabe479319636c60e","public_key_hex":"c2f8243b0d573587f285c830a868acd19249d17d59ecbf9329e796dfed6fb630"}
{"seq":3,"ts":1778461200000,"agent_id":"baseline-momentum","symbol":"ETHUSDT","side":"buy","price":2358.9675251652,"quantity":0.8478285430656527,"notional_usd":2000.0,"fee_usd":1.2,"balance_before_usd":10000.0,"balance_after_usd":9998.200139970006,"decision":"ALLOW_CAPPED","cert_hash":"f59b5be9a57c21226f33c2ce084e9d6b54abddeb8032fd7ea579e10ae4392df3","prev_hash":"8f8e9fddf8937e0db34dcd710ebfbeb816c20c953eeec2a2cf4d772705985544","record_hash":"8c72bd4e3ce9a6ee0e3081f11293b5cdf7dc9193d39f34007bda6196f3a30be8","signature_hex":"e40cbdedeb1757a2a3648d8f471ab4253b0ec3239a824d39cad79625ae4ca063b93142bd9f839aa8bcdeca1e60b97b5123c694bee65fea3786c1f640314c970f","public_key_hex":"c2f8243b0d573587f285c830a868acd19249d17d59ecbf9329e796dfed6fb630"}
{"seq":4,"ts":1778500800000,"agent_id":"baseline-momentum","symbol":"ETHUSDT","side":"sell","price":2328.3413345808,"quantity":0.8589805842879497,"notional_usd":2000.0,"fee_usd":1.2,"balance_before_usd":9973.426589941628,"balance_after_usd":9971.62644991162,"decision":"ALLOW_CAPPED","cert_hash":"ce0b91b6c7797ded86a953c31067d1c86c149f4cc2470d63b69f75f09b992af2","prev_hash":"8c72bd4e3ce9a6ee0e3081f11293b5cdf7dc9193d39f34007bda6196f3a30be8","record_hash":"d7868dcd2def6e5a0e6880195acfc7768e490d87324316218d37fbf07eafc5a3","signature_hex":"07cbab17921fa56827e800cf64dd64548c417b8e5aadeb4023840bd08aba18f2d3f8ebc2da1a864d1c392542166a44403874884813f8c511bbd076fdff006005","public_key_hex":"c2f8243b0d573587f285c830a868acd19249d17d59ecbf9329e796dfed6fb630"}
{"seq":5,"ts":1778504400000,"agent_id":"baseline-momentum","symbol":"ETHUSDT","side":"sell","price":2320.7836024296,"quantity":0.8617778917027097,"notional_usd":2000.0,"fee_usd":1.2,"balance_before_usd":9971.710759343261,"balance_after_usd":9969.910619313254,"decision":"ALLOW_CAPPED","cert_hash":"bb4db780fd95b7300d324ad7bcecc1e214c7ff3076c8553ff5ad0d7d5452c4ea","prev_hash":"d7868dcd2def6e5a0e6880195acfc7768e490d87324316218d37fbf07eafc5a3","record_hash":"60788646ce7665219b8b29017ae95e7dfe04b5afb66df60261c300aa6af7afc5","signature_hex":"8cdd59fcd079b829b15f823cce0529f31ff1017722ff6ced4fed2a1fd7c721b10a8d8795ddd36e9afafcfe51a4feb749cd1f447bff74fc32c71c0db7872abc0e","public_key_hex":"c2f8243b0d573587f285c830a868acd19249d17d59ecbf9329e796dfed6fb630"}
{"seq":6,"ts":1778508000000,"agent_id":"baseline-momentum","symbol":"ETHUSDT","side":"sell","price":2315.1652883172005,"quantity":0.8638692062689479,"notional_usd":2000.0,"fee_usd":1.2,"balance_before_usd":9974.816485536292,"balance_after_usd":9973.016345506285,"decision":"ALLOW_CAPPED","cert_hash":"3642f37032794041540f5bb91bedb182cf062e953fa5d4a5883d856a687d8766","prev_hash":"60788646ce7665219b8b29017ae95e7dfe04b5afb66df60261c300aa6af7afc5","record_hash":"a623bd93adbd116c6d9da36479376c6ae554e2a9cbe86ea3395c180527007b7f","signature_hex":"e884f01d42b48e1db96683205faf5bb17f95b43991b0ca278a6a23683ec00af58f8c5003b2ba5a6ca50526f3b4df1ef0c633070d2153cbb50e52b9161d7bb909","public_key_hex":"c2f8243b0d573587f285c830a868acd19249d17d59ecbf9329e796dfed6fb630"}
{"seq":7,"ts":1778511600000,"agent_id":"baseline-momentum","symbol":"ETHUSDT","side":"sell","price":2332.086134717765,"quantity":0.3947354972209927,"notional_usd":920.55717995,"fee_usd":0.55233430797,"balance_before_usd":9943.838119967828,"balance_after_usd":9943.059260662336,"decision":"ALLOW","cert_hash":"2e233d64afd1ba931d921c28f8d339183164ca3af3efa40785d1fcd392024fe4","prev_hash":"a623bd93adbd116c6d9da36479376c6ae554e2a9cbe86ea3395c180527007b7f","record_hash":"2c0741e179719e736f1a56f891ef4c9fecdfc454af544c3e52933162b9c15867","signature_hex":"1fe6c81bb0c9eb20c0f2479ce3b945210371c836d649b4c101dcb26b1550e915d6146a330e65e4ecc2dbf5a5c8f7b7a8bc351b70ca955a014118a7e33c9a0406","public_key_hex":"c2f8243b0d573587f285c830a868acd19249d17d59ecbf9329e796dfed6fb630"}
{"seq":8,"ts":1778594400000,"agent_id":"baseline-momentum","symbol":"ETHUSDT","side":"sell","price":2267.683075192073,"quantity":0.0906696458907005,"notional_usd":205.61002142,"fee_usd":0.123366012852,"balance_before_usd":10080.543244711102,"balance_after_usd":10080.376636094796,"decision":"ALLOW","cert_hash":"28f6d8e1f0c621b4cedc21b147b9c6866bc5699be7f1a1ae3fa87604a68f606f","prev_hash":"2c0741e179719e736f1a56f891ef4c9fecdfc454af544c3e52933162b9c15867","record_hash":"07ed5facd103683b839e18ca5a028aa31d091afd7955d9f0db582739a306c9a8","signature_hex":"8833d4b7f08ae7cfcf0b2964edc30b556f376f9d4a8f7844da180f224e83bb28aca35b2364a45d75f8d6cde35b4baa0dec307181da2fd401687184384c74260a","public_key_hex":"c2f8243b0d573587f285c830a868acd19249d17d59ecbf9329e796dfed6fb630"}
{"seq":9,"ts":1778644800000,"agent_id":"baseline-momentum","symbol":"ETHUSDT","side":"buy","price":2306.6818431198,"quantity":0.8670463184879407,"notional_usd":2000.0,"fee_usd":1.2,"balance_before_usd":9996.310648095174,"balance_after_usd":9994.51078806518,"decision":"ALLOW_CAPPED","cert_hash":"c3d8c24f9a97547248916692c8fe3e23a597abd2bc781c757e891dc178a5ca5a","prev_hash":"07ed5facd103683b839e18ca5a028aa31d091afd7955d9f0db582739a306c9a8","record_hash":"66705e76294bcb599d4abcc9baf3090b6c38e06fbe83ce2f7e00efab1438d591","signature_hex":"42aff5529bd116617db8f33acf23559d7a8d9d49721852eb30e50d8ae571dea804e4b4f328218ecf422018ccd6b8c9ba5bbfcee9db31569642e59bb019f11b0e","public_key_hex":"c2f8243b0d573587f285c830a868acd19249d17d59ecbf9329e796dfed6fb630"}
{"seq":10,"ts":1778659200000,"agent_id":"baseline-momentum","symbol":"ETHUSDT","side":"buy","price":2316.6548343192003,"quantity":0.8633137618827639,"notional_usd":2000.0,"fee_usd":1.2,"balance_before_usd":9980.999863165916,"balance_after_usd":9979.20000313592,"decision":"ALLOW_CAPPED","cert_hash":"a192b808eb2833f80979ffc7deebb88c867b96e3987bfb1eb1c407567460ff30","prev_hash":"66705e76294bcb599d4abcc9baf3090b6c38e06fbe83ce2f7e00efab1438d591","record_hash":"eba11d0cfd9aec702b88c969226f547cad7aeb061939093d3b9382d3a169a6e2","signature_hex":"b2b98f5aaafca3018e8003ceb138c13663d4e555baaf9f9ec2e886fa27151f3841ffc04f42f283c65a65b9d25579e4737bdde3d9004599cc38ea22b83dd78109","public_key_hex":"c2f8243b0d573587f285c830a868acd19249d17d59ecbf9329e796dfed6fb630"}
{"seq":11,"ts":1778662800000,"agent_id":"baseline-momentum","symbol":"ETHUSDT","side":"buy","price":2321.046151407,"quantity":0.8616804102700051,"notional_usd":2000.0,"fee_usd":1.2,"balance_before_usd":9977.040807089426,"balance_after_usd":9975.240947059432,"decision":"ALLOW_CAPPED","cert_hash":"a7d2156d24f83159d043b3fb08a099a2cdd7db1a395af7145c71dd0b97a092de","prev_hash":"eba11d0cfd9aec702b88c969226f547cad7aeb061939093d3b9382d3a169a6e2","record_hash":"2b1e966b17fb065228b28674703f46ffac8a83eb3856ebafcc35784398e3e812","signature_hex":"3a5e3902b2b52601e3ede64d156462c25e6c2673141ad9ee0fbda7e145ed7e36c914d709fbd9043d2a1b554983e3635c36cb264f4eaff24e65f880a3e5ad950a","public_key_hex":"c2f8243b0d573587f285c830a868acd19249d17d59ecbf9329e796dfed6fb630"}
{"seq":12,"ts":1778666400000,"agent_id":"baseline-momentum","symbol":"ETHUSDT","side":"buy","price":2308.5223951566,"quantity":0.8663550348032595,"notional_usd":2000.0,"fee_usd":1.2,"balance_before_usd":9970.610597731078,"balance_after_usd":9968.810737701084,"decision":"ALLOW_CAPPED","cert_hash":"85ede415288cee64d48a6837f241187344e7eb1727b616bf454024f39c7de2f1","prev_hash":"2b1e966b17fb065228b28674703f46ffac8a83eb3856ebafcc35784398e3e812","record_hash":"e1a7901c84bf23e373356f28b7f0fb0bf6ec975ce65936d29973dd8f5b4c13dd","signature_hex":"299698907d4ca53c2ec7950bda75066fa20a4b1531398449fd83c99d45355f16619caac40a37118fc44f963d57732c2430c6e433be221b8c558d4c8aa18f750c","public_key_hex":"c2f8243b0d573587f285c830a868acd19249d17d59ecbf9329e796dfed6fb630"}
{"seq":13,"ts":1778670000000,"agent_id":"baseline-momentum","symbol":"ETHUSDT","side":"buy","price":2301.7803730218,"quantity":0.8688926291322834,"notional_usd":2000.0,"fee_usd":1.2,"balance_before_usd":9960.478808722331,"balance_after_usd":9958.678948692337,"decision":"ALLOW_CAPPED","cert_hash":"04b086a05c13502242635e0de831da08be67ccc8ef06e0816b9b095380c84a25","prev_hash":"e1a7901c84bf23e373356f28b7f0fb0bf6ec975ce65936d29973dd8f5b4c13dd","record_hash":"d625d152778d8a242099503e744d5fe94da3f2227c7e60f2a2b31e9ee20e8275","signature_hex":"dbc2b63b175ed7acc89447ef6b4f599309869c81bdde8ad5a8df0c43852eb921d8928909b0e11e6b6da5c0abe742ddd2ae48812a01d54654c132195309a8c004","public_key_hex":"c2f8243b0d573587f285c830a868acd19249d17d59ecbf9329e796dfed6fb630"}
{"seq":14,"ts":1778684400000,"agent_id":"baseline-momentum","symbol":"ETHUSDT","side":"sell","price":2235.6691427268,"quantity":0.8945867533693472,"notional_usd":2000.0,"fee_usd":1.2,"balance_before_usd":9822.374767962818,"balance_after_usd":9820.57462793281,"decision":"ALLOW_CAPPED","cert_hash":"ccd3a8dd4d2057a63d0791bf60c775a354a57037e3f53959c5114bc2609be9a1","prev_hash":"d625d152778d8a242099503e744d5fe94da3f2227c7e60f2a2b31e9ee20e8275","record_hash":"7b5450d05dd5d65602520cb49e8079dca182946daf9a1048dcc28a75a934cb7c","signature_hex":"86c8540595063bdd7766e1f5a7e5c153145ff5c739d0f8d3e9d9cb06c23454811755756c1f8d4e8f73b337d0eedf3a6b344ed360c53d4add165263465def2c0f","public_key_hex":"c2f8243b0d573587f285c830a868acd19249d17d59ecbf9329e796dfed6fb630"}
{"seq":15,"ts":1778688000000,"agent_id":"baseline-momentum","symbol":"ETHUSDT","side":"sell","price":2249.82489501,"quantity":0.8889580715529909,"notional_usd":2000.0,"fee_usd":1.2,"balance_before_usd":9837.715267136453,"balance_after_usd":9835.915127106444,"decision":"ALLOW_CAPPED","cert_hash":"2547e40bb1b09e3c2bf024a15a278804b6d15c1d956ee9726951180302f74f69","prev_hash":"7b5450d05dd5d65602520cb49e8079dca182946daf9a1048dcc28a75a934cb7c","record_hash":"38a8ded8f826aaf57b31831c1032ac16477473670359f55acd2680c332235821","signature_hex":"f8a66288b921f3d6a1196a4e56bf971075d45c78b67a62afaf053d54e6b29914986d9115c785a881bd50bfd91e102e11a1e856f1bf59e1d9c66c964077d2ca06","public_key_hex":"c2f8243b0d573587f285c830a868acd19249d17d59ecbf9329e796dfed6fb630"}
{"seq":16,"ts":1778691600000,"agent_id":"baseline-momentum","symbol":"ETHUSDT","side":"sell","price":2257.5325821642,"quantity":0.8859229832610812,"notional_usd":2000.0,"fee_usd":1.2,"balance_before_usd":9838.394193161499,"balance_after_usd":9836.594053131492,"decision":"ALLOW_CAPPED","cert_hash":"548dc57fb086a3d73d81bce05ff1947ea2827e11247eac28700308055dda11e9","prev_hash":"38a8ded8f826aaf57b31831c1032ac16477473670359f55acd2680c332235821","record_hash":"895eecae2c40683cfc6c7cf2242cb14fcd51234f1f44e195e6ac9d30e099a75e","signature_hex":"37b605e7c2890e08a8fa54452d1e765cc5bc226b8b1b2f5c504b0860ee84adaed9e23a3b54f79d5c80d661a34e4ac6a60e7fcc7a8777a713a640c9633511ef09","public_key_hex":"c2f8243b0d573587f285c830a868acd19249d17d59ecbf9329e796dfed6fb630"}
{"seq":17,"ts":1778695200000,"agent_id":"baseline-momentum","symbol":"ETHUSDT","side":"sell","price":2258.3423391804,"quantity":0.8856053244460015,"notional_usd":2000.0,"fee_usd":1.2,"balance_before_usd":9836.136902143404,"balance_after_usd":9834.336762113397,"decision":"ALLOW_CAPPED","cert_hash":"973977c01546b6b9eda2b5ab2fdc64884170873750fab2919a372223d022e8f2","prev_hash":"895eecae2c40683cfc6c7cf2242cb14fcd51234f1f44e195e6ac9d30e099a75e","record_hash":"c9ab9f10dbdf9ea79b3866986484a008b0dd3559049cc1b1ae93d5df11bbf5d9","signature_hex":"b2731a29306511ce3ae49aae3af4bede34fdb5b14013ba16c6b51e472b213730e1f40d63ee0bb1bf945875b857447747d88517436e86ad314b2d526439ddb307","public_key_hex":"c2f8243b0d573587f285c830a868acd19249d17d59ecbf9329e796dfed6fb630"}
{"seq":18,"ts":1778698800000,"agent_id":"baseline-momentum","symbol":"ETHUSDT","side":"sell","price":2255.932905112668,"quantity":0.730049350722045,"notional_usd":1646.94235265,"fee_usd":0.98816541159,"balance_before_usd":9837.889235801274,"balance_after_usd":9836.435959680839,"decision":"ALLOW","cert_hash":"37bec0a051c2b83d00bcbe7b401378c84db399bcf7c2505f501b750a73c6ea36","prev_hash":"c9ab9f10dbdf9ea79b3866986484a008b0dd3559049cc1b1ae93d5df11bbf5d9","record_hash":"fd6a886ed2ff86993ab758896596703c995bd943c1bb5e176b66d54cd9c35523","signature_hex":"eac907e8de22356d949f5d91aafb7327a4f135fc5e3e80272e258e11c5891a18fb5b8e1f33cf37d39c39ce4ae41706747a6fbbca2adf94cb706ab8a44f91ef0e","public_key_hex":"c2f8243b0d573587f285c830a868acd19249d17d59ecbf9329e796dfed6fb630"}
{"seq":19,"ts":1778767200000,"agent_id":"baseline-momentum","symbol":"ETHUSDT","side":"buy","price":2286.7658697215998,"quantity":0.8745976256167791,"notional_usd":2000.0,"fee_usd":1.2,"balance_before_usd":9772.103020267843,"balance_after_usd":9770.303160237849,"decision":"ALLOW_CAPPED","cert_hash":"e27b342e4c8ee9aaf9ebc11716aa400ab63d9af0fae5910b36c914cf516fff98","prev_hash":"fd6a886ed2ff86993ab758896596703c995bd943c1bb5e176b66d54cd9c35523","record_hash":"7369df7223b9ecbdf35682ded84a2cc107c714d54624cb6750b1de788b2044a3","signature_hex":"7fd6d0057970d85dfa2e735a8547eb6843e8df1bc203be282de9af3c2f848b35e959297f81bf96e1b860a5da6cc7defab1dbcbbeb8114b749fcf99a0002bc30c","public_key_hex":"c2f8243b0d573587f285c830a868acd19249d17d59ecbf9329e796dfed6fb630"}
{"seq":20,"ts":1778770800000,"agent_id":"baseline-momentum","symbol":"ETHUSDT","side":"buy","price":2297.9692299456,"quantity":0.8703336728522453,"notional_usd":2000.0,"fee_usd":1.2,"balance_before_usd":9755.68222120065,"balance_after_usd":9753.882361170656,"decision":"ALLOW_CAPPED","cert_hash":"08c228e662501c49aee60f16ef5970f258efd96ecf90f572b29bb07e9421cc46","prev_hash":"7369df7223b9ecbdf35682ded84a2cc107c714d54624cb6750b1de788b2044a3","record_hash":"fd94427e0ad27d21e0e61d111477e056800b312060d7cd1295cd4c676ffd9a19","signature_hex":"b35d656572c6d65e24e6faf65989c5c468c93c49b6d043209735c80211541a9f70155242b142ae8a452931404cbd6880755b0cb684384ca363a443b5197cdb09","public_key_hex":"c2f8243b0d573587f285c830a868acd19249d17d59ecbf9329e796dfed6fb630"}
{"seq":21,"ts":1778774400000,"agent_id":"baseline-momentum","symbol":"ETHUSDT","side":"buy","price":2315.7745703016,"quantity":0.8636419216484987,"notional_usd":2000.0,"fee_usd":1.2,"balance_before_usd":9746.137451006165,"balance_after_usd":9744.33759097617,"decision":"ALLOW_CAPPED","cert_hash":"8c443e0ee32b3a9a32b0e5c8467e0a57c490bc72baed9487dcb8d8060211a975","prev_hash":"fd94427e0ad27d21e0e61d111477e056800b312060d7cd1295cd4c676ffd9a19","record_hash":"169e22236fd1893858e5c6615469377b044ebe4774881fa79c1812badd879966","signature_hex":"33055a37f7c15ab9c5db9ead769735f1f47933eb39bfca942d91de4402078714235a3c274bacd6d590db257e35266401969021c02180c3e0fb04cec882e8e700","public_key_hex":"c2f8243b0d573587f285c830a868acd19249d17d59ecbf9329e796dfed6fb630"}
{"seq":22,"ts":1778778000000,"agent_id":"baseline-momentum","symbol":"ETHUSDT","side":"buy","price":2307.69214614,"quantity":0.8666667273385376,"notional_usd":2000.0,"fee_usd":1.2,"balance_before_usd":9740.875031335156,"balance_after_usd":9739.075171305161,"decision":"ALLOW_CAPPED","cert_hash":"36441ebc140ef183b87615beb01dc1fbe1fc2f6bbe2dcf86b6ebc5c0f0ec4a4a","prev_hash":"169e22236fd1893858e5c6615469377b044ebe4774881fa79c1812badd879966","record_hash":"d5b39c33ca841e1e24b47c0fa7fa996bff216af0ced44a84181acd53397d9ec1","signature_hex":"07e4881892defce04ae0a6c810ae02bbc0b0ff7f8cf85cc490ea5cc3cb69f9e6cf236d1a151c65c39007864466de85e6619ca3e1fd31d17a2c444991e30d1d0c","public_key_hex":"c2f8243b0d573587f285c830a868acd19249d17d59ecbf9329e796dfed6fb630"}
{"seq":23,"ts":1778781600000,"agent_id":"baseline-momentum","symbol":"ETHUSDT","side":"buy","price":2308.988764073715,"quantity":0.814494975039194,"notional_usd":1880.65974576,"fee_usd":1.128395847456,"balance_before_usd":9740.771885055812,"balance_after_usd":9739.09063928108,"decision":"ALLOW","cert_hash":"17630b9165291fd3cc085b50606cab342c12f28397d2b4d94e7dac981aba2d7d","prev_hash":"d5b39c33ca841e1e24b47c0fa7fa996bff216af0ced44a84181acd53397d9ec1","record_hash":"67496cd203e447bc59c8097852c2d1e262bb719308fb7cb6f2a4dfb54bff0f60","signature_hex":"0f1df3299d089fbef62b0b8b3cd2ab4f3205dda321c5b53bf457f2139200fd976a1a2df0cf085b9a58e8847045881e9fb8e871889e41f754ad8ed9881e2e300b","public_key_hex":"c2f8243b0d573587f285c830a868acd19249d17d59ecbf9329e796dfed6fb630"}
{"seq":24,"ts":1778839200000,"agent_id":"baseline-momentum","symbol":"ETHUSDT","side":"sell","price":2261.3114482397996,"quantity":0.8844425218634948,"notional_usd":2000.0,"fee_usd":1.2,"balance_before_usd":9641.369506136363,"balance_after_usd":9639.569366106356,"decision":"ALLOW_CAPPED","cert_hash":"4aefd7ba271884e51eb1771bb4f26640838dd2a6e965bd26531191cb18ab354c","prev_hash":"67496cd203e447bc59c8097852c2d1e262bb719308fb7cb6f2a4dfb54bff0f60","record_hash":"e689fc662d78a677b83e9290603c49e4b5ffb6fe458aa8a27a09327966085bab","signature_hex":"323f75f9bc31dc971fc144153c004138914c5b1e9c1dff7d8535f21ce9fc9a75c02c8854f6d9f47effd44d6ffd389d6dc3ead6fbab63a6fe0e731f62d356c309","public_key_hex":"c2f8243b0d573587f285c830a868acd19249d17d59ecbf9329e796dfed6fb630"}
{"seq":25,"ts":1778842800000,"agent_id":"baseline-momentum","symbol":"ETHUSDT","side":"sell","price":2256.2629631388004,"quantity":0.8864214999202485,"notional_usd":2000.0,"fee_usd":1.2,"balance_before_usd":9633.381834469124,"balance_after_usd":9631.581694439119,"decision":"ALLOW_CAPPED","cert_hash":"b56f41eebf3f75b3fff63e2ebec0f92d5d5e2f060a039450cab7a5c5e82afb63","prev_hash":"e689fc662d78a677b83e9290603c49e4b5ffb6fe458aa8a27a09327966085bab","record_hash":"d4571e681bc7730c47cab4ccf17b08a5e1e152f1019f32903852e96454d22030","signature_hex":"1841d68f08fa213b695f3f0bbaea351e84791d776a5146e346ba6ca4bb4c4b0c232d5b04616441f49d99296ea690685159991399b64c2d75cbccb5f9378dae07","public_key_hex":"c2f8243b0d573587f285c830a868acd19249d17d59ecbf9329e796dfed6fb630"}
{"seq":26,"ts":1778846400000,"agent_id":"baseline-momentum","symbol":"ETHUSDT","side":"sell","price":2252.9639530728,"quantity":0.8877194849354849,"notional_usd":2000.0,"fee_usd":1.2,"balance_before_usd":9630.463547883337,"balance_after_usd":9628.663407853332,"decision":"ALLOW_CAPPED","cert_hash":"9af4e75a417e09c693ce199f725e79f833eb1555aa6416f0abcdd25232468c45","prev_hash":"d4571e681bc7730c47cab4ccf17b08a5e1e152f1019f32903852e96454d22030","record_hash":"25ab636ca0c78a6b30c7d5a2bb7d8e9a068de892cb93bfe95fafd66d3cbb4418","signature_hex":"bdfedfc1491b2ed88cc938f0f9c8523408d7d3b8f60c0c27520d67d832f669f5858cad71da6d777530f673cf5330425b70b22c4a90464105d2c731ec29db1a0d","public_key_hex":"c2f8243b0d573587f285c830a868acd19249d17d59ecbf9329e796dfed6fb630"}
{"seq":27,"ts":1778850000000,"agent_id":"baseline-momentum","symbol":"ETHUSDT","side":"sell","price":2212.3861292610004,"quantity":0.9040013284968734,"notional_usd":2000.0,"fee_usd":1.2,"balance_before_usd":9650.942739110753,"balance_after_usd":9649.142599080747,"decision":"ALLOW_CAPPED","cert_hash":"1220eea022575d11350c6f028f9dfd73bcb2dac0f23585ee2eedd13f9fd5d115","prev_hash":"25ab636ca0c78a6b30c7d5a2bb7d8e9a068de892cb93bfe95fafd66d3cbb4418","record_hash":"6e58294d323af178604153cf343ba4dee3497411289f913405661a0a23ac2a01","signature_hex":"b5a4e895f56bc9482a3695ba081237711194649336ad2101e710c007ab2c67365388b55d3112b751cbcaa2538e94e65d66feaf5df879aec6695791cc41878a01","public_key_hex":"c2f8243b0d573587f285c830a868acd19249d17d59ecbf9329e796dfed6fb630"}
{"seq":28,"ts":1778853600000,"agent_id":"baseline-momentum","symbol":"ETHUSDT","side":"sell","price":2212.1493727170573,"quantity":0.7277386350916676,"notional_usd":1609.86656512,"fee_usd":0.9659199390719999,"balance_before_usd":9649.549407867411,"balance_after_usd":9648.13183347655,"decision":"ALLOW","cert_hash":"1be94f28cf3dd5153d873578dca9f3733df8644632a3b224cc89dbad1491eb2b","prev_hash":"6e58294d323af178604153cf343ba4dee3497411289f913405661a0a23ac2a01","record_hash":"266c42dc42c00f8a66e5e2cc0f7d31bfdb8d044806e75934f99fb4d37e27b769","signature_hex":"5d65775165e7f4bfb8fd17add71e99be15810472deeaf4eddb28bd86162951e9d93d36a6e5967c244c1890a3b03032713625d34bd734fbc0b1b5eff59256860c","public_key_hex":"c2f8243b0d573587f285c830a868acd19249d17d59ecbf9329e796dfed6fb630"}
{"seq":29,"ts":1779019200000,"agent_id":"baseline-momentum","symbol":"ETHUSDT","side":"buy","price":2195.0683668882,"quantity":0.9111333524592059,"notional_usd":2000.0,"fee_usd":1.2,"balance_before_usd":9688.168148113833,"balance_after_usd":9686.368288083837,"decision":"ALLOW_CAPPED","cert_hash":"5e328ba36b052de689e32d1b677d40698d069bea2bd5b9fc74d2c45d8356b18d","prev_hash":"266c42dc42c00f8a66e5e2cc0f7d31bfdb8d044806e75934f99fb4d37e27b769","record_hash":"767376e0cc0f9c4fa7e8f00e05bb54b5d09e2faa52ee4b73b296aab27ca1b943","signature_hex":"8f528941718fd6cbde12dc7806ba76a2cbb02ed808d8071a0570b9aeee3e5e482e16cae730d7270db53dee3f2d7be37d2e3c7ab2e2231e6b9650bd0607f51308","public_key_hex":"c2f8243b0d573587f285c830a868acd19249d17d59ecbf9329e796dfed6fb630"}
{"seq":30,"ts":1779051600000,"agent_id":"baseline-momentum","symbol":"ETHUSDT","side":"buy","price":2192.15749383,"quantity":0.9123432078348191,"notional_usd":2000.0,"fee_usd":1.2,"balance_before_usd":9690.06251506056,"balance_after_usd":9688.262655030565,"decision":"ALLOW_CAPPED","cert_hash":"af2a631c817d9a1ffe55150f82ca6c7e6f3ff43c2ff90f2facaa2bd221442f3c","prev_hash":"767376e0cc0f9c4fa7e8f00e05bb54b5d09e2faa52ee4b73b296aab27ca1b943","record_hash":"3487be2ec689c2f395f1d583634468cbbfd52fd99096122184adb7657a2abe96","signature_hex":"096e5d9619519a64149c2b966bdb8983af8913ae4aeabbf87fa7cfb6472e3930d7ed5d946867d475845c2768bc311c8f206b53af4b150d698309b40c05020206","public_key_hex":"c2f8243b0d573587f285c830a868acd19249d17d59ecbf9329e796dfed6fb630"}
{"seq":31,"ts":1779058800000,"agent_id":"baseline-momentum","symbol":"ETHUSDT","side":"sell","price":2129.4410186016,"quantity":0.9392136164040817,"notional_usd":2000.0,"fee_usd":1.2,"balance_before_usd":9710.198844796538,"balance_after_usd":9708.39870476653,"decision":"ALLOW_CAPPED","cert_hash":"c98cf7a33bada897d0d0732c30b98d9a48498b1543f78814633f4400beb9ac5a","prev_hash":"3487be2ec689c2f395f1d583634468cbbfd52fd99096122184adb7657a2abe96","record_hash":"de68f41c411706ff102c08dd472eae06eee86d30153fc0101fdae5067671e67c","signature_hex":"3626c2fa9a0f33129d41c8228befd4fd19ff78337e27919714d2758c5cea77148cf70ed1251796412eb63fb149c346c89d11e7dceb2bc3d354e5de313f61ca01","public_key_hex":"c2f8243b0d573587f285c830a868acd19249d17d59ecbf9329e796dfed6fb630"}
{"seq":32,"ts":1779062400000,"agent_id":"baseline-momentum","symbol":"ETHUSDT","side":"sell","price":2113.965662292,"quantity":0.9460891610848416,"notional_usd":2000.0,"fee_usd":1.2,"balance_before_usd":9728.466422814785,"balance_after_usd":9726.666282784778,"decision":"ALLOW_CAPPED","cert_hash":"aacc8d40808e070fa4d6407ca0fbc8136f688dcc381c7543abea300052a7d83c","prev_hash":"de68f41c411706ff102c08dd472eae06eee86d30153fc0101fdae5067671e67c","record_hash":"abc94a46b23600465ac010814eabbd8b031e79ebbc60c1750feca8b81c4d0210","signature_hex":"e26975a3b6e514818e52e552e6c98dfada6a39e1b007e592b36b76a04122e7d5a9d492e0a15e54d5ab557867149a010e716417c99a568b19141fb7d84ead4c05","public_key_hex":"c2f8243b0d573587f285c830a868acd19249d17d59ecbf9329e796dfed6fb630"}
{"seq":33,"ts":1779127200000,"agent_id":"baseline-momentum","symbol":"ETHUSDT","side":"sell","price":2079.7493157274066,"quantity":0.11404521762616508,"notional_usd":237.18546332,"fee_usd":0.142311277992,"balance_before_usd":9803.829103455973,"balance_after_usd":9803.636534244211,"decision":"ALLOW","cert_hash":"14567e9082b1e846552a135df6f65a847ced62e39a8d4214cd6b7cc3e5c59010","prev_hash":"abc94a46b23600465ac010814eabbd8b031e79ebbc60c1750feca8b81c4d0210","record_hash":"b6f77661926e6e31908040b4e8061be778bd29b39f89be70be4356a332295da9","signature_hex":"0a4870ec532d214d7b07e511887165c0cbf3b1695de8c2044680a976e8d4aa223246c1892a0a8d2e762fcdd54f6eee432644efc205cf1a25c2df65424faec60c","public_key_hex":"c2f8243b0d573587f285c830a868acd19249d17d59ecbf9329e796dfed6fb630"}
{"seq":34,"ts":1779138000000,"agent_id":"baseline-momentum","symbol":"ETHUSDT","side":"buy","price":2136.7608787224,"quantity":0.9359961706130772,"notional_usd":2000.0,"fee_usd":1.2,"balance_before_usd":9671.83756789776,"balance_after_usd":9670.037707867767,"decision":"ALLOW_CAPPED","cert_hash":"63ffce375e054bd8b51c70c69e7af6d2bac290544eda6da4b0588ec212a534ef","prev_hash":"b6f77661926e6e31908040b4e8061be778bd29b39f89be70be4356a332295da9","record_hash":"5e042615291459730822c524771d65fa50331c36e9d81ff8a21302d750957036","signature_hex":"cd60133ba122ad9c89f776538aceba5f64baf6b435ac87c175d6065db3bea3c4a2f689b4962d4f77dce26872f4e44cdaca6e59fdf7b7d8fb515a2ee8068a8502","public_key_hex":"c2f8243b0d573587f285c830a868acd19249d17d59ecbf9329e796dfed6fb630"}
{"seq":35,"ts":1779141600000,"agent_id":"baseline-momentum","symbol":"ETHUSDT","side":"buy","price":2135.4204766956004,"quantity":0.9365836947929088,"notional_usd":2000.0,"fee_usd":1.2,"balance_before_usd":9671.941181114722,"balance_after_usd":9670.141321084728,"decision":"ALLOW_CAPPED","cert_hash":"3ead5e1895a756a0bcc4910ad66b6b36d207fb7b97e74b34622874057a3bd231","prev_hash":"5e042615291459730822c524771d65fa50331c36e9d81ff8a21302d750957036","record_hash":"624e79a5dcdeb9ba9d985c8a4d98ad4de271e56464aea960ebc3972020d31604","signature_hex":"46bc94fe431008cd26cf8e63a8fbc0663cb3f6e1c293119ee925787a176363aff17a8f76e8208de6e1d06ab9a08eb51ff71f004dfc04b58de3d2832cc6be8202","public_key_hex":"c2f8243b0d573587f285c830a868acd19249d17d59ecbf9329e796dfed6fb630"}
{"seq":36,"ts":1779166800000,"agent_id":"baseline-momentum","symbol":"ETHUSDT","side":"buy","price":2134.7602786824,"quantity":0.9368733435655007,"notional_usd":2000.0,"fee_usd":1.2,"balance_before_usd":9670.460707445412,"balance_after_usd":9668.660847415418,"decision":"ALLOW_CAPPED","cert_hash":"228e429329b600f8389cef7bbae45b9dd6b934152e9667afd523733110827495","prev_hash":"624e79a5dcdeb9ba9d985c8a4d98ad4de271e56464aea960ebc3972020d31604","record_hash":"55824ba77bcfa0ba54f0a9cb162461605a1ad8bfd3b8b316715c9a0707990644","signature_hex":"35d5a796a781ea899b5400c0d87706804f008bcd073c842ed60e76807c7bf384a58af52774526f3ae045d2e3dc5ea09fd438c4caff7b4e46ec34f4791f67b406","public_key_hex":"c2f8243b0d573587f285c830a868acd19249d17d59ecbf9329e796dfed6fb630"}
{"seq":37,"ts":1779170400000,"agent_id":"baseline-momentum","symbol":"ETHUSDT","side":"buy","price":2137.1109837294,"quantity":0.93584283419379,"notional_usd":2000.0,"fee_usd":1.2,"balance_before_usd":9669.725290761271,"balance_after_usd":9667.925430731279,"decision":"ALLOW_CAPPED","cert_hash":"e047341a71f7745d9563a836b656fdbc1306213a0b83c7c9ae068d956fa1d0e2","prev_hash":"55824ba77bcfa0ba54f0a9cb162461605a1ad8bfd3b8b316715c9a0707990644","record_hash":"82c15436e4713e9cb58c6acab3a8c00299df3006337382b2d604647db614e9cc","signature_hex":"1838671aef6c1836c766638397963361caa57e89cca1031107a92ad132e853420ba8e2ee396fb697f2be6f055f07dafdb3d70ca8c742b87566c8d79c67267c00","public_key_hex":"c2f8243b0d573587f285c830a868acd19249d17d59ecbf9329e796dfed6fb630"}
{"seq":38,"ts":1779177600000,"agent_id":"baseline-momentum","symbol":"ETHUSDT","side":"sell","price":2131.8702896502,"quantity":0.9381433803499192,"notional_usd":2000.0,"fee_usd":1.2,"balance_before_usd":9662.425792831455,"balance_after_usd":9660.625652801446,"decision":"ALLOW_CAPPED","cert_hash":"abe1f0f0e295b872764aa8880644154e76e84a71447aa20d0753d8a03f68df5a","prev_hash":"82c15436e4713e9cb58c6acab3a8c00299df3006337382b2d604647db614e9cc","record_hash":"5eef26ed449e94c0b8d8b5e970c7f0757b98efcf5bacd0e225bc70beefdd92c7","signature_hex":"3951c6b7925f5d909b4f70f94c2559c064db2ca8567a4344071bc52742952cbb2222802f2eb97b4fcce5fb32eace32d7680749739c1a660d2f1470fd105dc80d","public_key_hex":"c2f8243b0d573587f285c830a868acd19249d17d59ecbf9329e796dfed6fb630"}
{"seq":39,"ts":1779181200000,"agent_id":"baseline-momentum","symbol":"ETHUSDT","side":"sell","price":2112.86599227,"quantity":0.946581566136743,"notional_usd":2000.0,"fee_usd":1.2,"balance_before_usd":9652.058718947837,"balance_after_usd":9650.25857891783,"decision":"ALLOW_CAPPED","cert_hash":"e9d9693fc13219bff55abfb64574fc11bac9409692b78bafb34c6486eb43a5da","prev_hash":"5eef26ed449e94c0b8d8b5e970c7f0757b98efcf5bacd0e225bc70beefdd92c7","record_hash":"0288c1abe9ba17790ae6fedc605f0d3216dfb2d8d9eefcbd1045b30f1099aa54","signature_hex":"bf7ce1c9a3be52566f4fcc12c2b96cc914ab87df4bd6a460c7a28a92703bb54089fc42036327ad89665494d2f4aaa9bbe05dc209ca349af461877c3fc6a4fd0d","public_key_hex":"c2f8243b0d573587f285c830a868acd19249d17d59ecbf9329e796dfed6fb630"}
{"seq":40,"ts":1779192000000,"agent_id":"baseline-momentum","symbol":"ETHUSDT","side":"buy","price":2118.0352623480003,"quantity":0.9442713421979815,"notional_usd":2000.0,"fee_usd":1.2,"balance_before_usd":9648.32446167939,"balance_after_usd":9646.524601649395,"decision":"ALLOW_CAPPED","cert_hash":"a35172dc9bf75b870f2cb80abb2c6c7eb4e3283e89c1eefd9dfe1fef9b3f4daa","prev_hash":"0288c1abe9ba17790ae6fedc605f0d3216dfb2d8d9eefcbd1045b30f1099aa54","record_hash":"39480af33b97fe00778dcb49a7711e63535a58e8e0918cdbd62cf71bec458375","signature_hex":"a54011b63fdd397daa74706f278601a06233c0cd4e843d3eb64495247daa83311c15f081ecbc3fee67746a3a096f64f79e6f094e684369fbab3d39b2a4a36903","public_key_hex":"c2f8243b0d573587f285c830a868acd19249d17d59ecbf9329e796dfed6fb630"}
{"seq":41,"ts":1779199200000,"agent_id":"baseline-momentum","symbol":"ETHUSDT","side":"buy","price":2106.2417251122,"quantity":0.9495586267020037,"notional_usd":2000.0,"fee_usd":1.2,"balance_before_usd":9641.238627714934,"balance_after_usd":9639.43876768494,"decision":"ALLOW_CAPPED","cert_hash":"11e49dba748e4d765978a30cc20c997857180b4b98e17d880187a3749a909c85","prev_hash":"39480af33b97fe00778dcb49a7711e63535a58e8e0918cdbd62cf71bec458375","record_hash":"92b9b316505f3d3d3e8fa274bd2171ccb8d188b3b93623fca79fe3ca10c71c6c","signature_hex":"26d29892c12fc7a7344987e91cf9a044c6ab1dba7f4d68d0d91eb910c3aa4a78401fd6564b13c3a2b569e4bec2371fc850e83224463860bc86ea3b89e3cc3a04","public_key_hex":"c2f8243b0d573587f285c830a868acd19249d17d59ecbf9329e796dfed6fb630"}
{"seq":42,"ts":1779210000000,"agent_id":"baseline-momentum","symbol":"ETHUSDT","side":"sell","price":2114.2755692982,"quantity":0.9459504849047979,"notional_usd":2000.0,"fee_usd":1.2,"balance_before_usd":9652.439260673276,"balance_after_usd":9650.639120643269,"decision":"ALLOW_CAPPED","cert_hash":"816e92d51a1da3e4869e2a6d6655c7407eda8aeab14ade36a9338861eb5781f9","prev_hash":"92b9b316505f3d3d3e8fa274bd2171ccb8d188b3b93623fca79fe3ca10c71c6c","record_hash":"5e36fdbafecc4cd8f1aef8e17a7dff4010fc5305745e073073d3e9553eab249e","signature_hex":"21ba25efa2c65bad8deb6835e23075b9cddfc0286f02f0c142cf37a79d3d915453d281a2efeb713f3b13371a24adcf8589e5effccde69d80f896c363a1b33707","public_key_hex":"c2f8243b0d573587f285c830a868acd19249d17d59ecbf9329e796dfed6fb630"}
{"seq":43,"ts":1779213600000,"agent_id":"baseline-momentum","symbol":"ETHUSDT","side":"sell","price":2113.6957432866,"quantity":0.9462099766971126,"notional_usd":2000.0,"fee_usd":1.2,"balance_before_usd":9650.376988490832,"balance_after_usd":9648.576848460825,"decision":"ALLOW_CAPPED","cert_hash":"38e94e5814826766530f43f9a71edbc479d5015ae7b568f43e2342ba2bea0f80","prev_hash":"5e36fdbafecc4cd8f1aef8e17a7dff4010fc5305745e073073d3e9553eab249e","record_hash":"ab8b3be712163782cde0e7c7a5b725164b9117cdd5c25dde0bdc0547d5519737","signature_hex":"5f70717d1dc8532d833abd5ab2db5ff8cbc1c72a43d651bde4ee34954ec9ca18b048acedd0dff0a01da9ffa1acda51fdc3a3c6d1fa08a63477169b49c2ada503","public_key_hex":"c2f8243b0d573587f285c830a868acd19249d17d59ecbf9329e796dfed6fb630"}
{"seq":44,"ts":1779217200000,"agent_id":"baseline-momentum","symbol":"ETHUSDT","side":"sell","price":2111.8163072489997,"quantity":0.9470520675187609,"notional_usd":2000.0,"fee_usd":1.2,"balance_before_usd":9649.506053481533,"balance_after_usd":9647.705913451526,"decision":"ALLOW_CAPPED","cert_hash":"4ad4e36bf385d4852063c6a2ddf363252bd8aa109ab1450c3a3fdfd41ca4e7b8","prev_hash":"ab8b3be712163782cde0e7c7a5b725164b9117cdd5c25dde0bdc0547d5519737","record_hash":"0dadcb650095c5298c721be3fa24e9e1dc8625ebee50119c1de8006717957bcd","signature_hex":"dd6c15885d16f8bd8f2982213a7585511a5788de23e61f2c5df0a4f64c0f36e6097bc46a546eac1e385a11b846626433c4495f92ae20ad69990b7dff6f0e000a","public_key_hex":"c2f8243b0d573587f285c830a868acd19249d17d59ecbf9329e796dfed6fb630"}
{"seq":45,"ts":1779220800000,"agent_id":"baseline-momentum","symbol":"ETHUSDT","side":"sell","price":2116.9693227675666,"quantity":0.835187655468036,"notional_usd":1768.06664538,"fee_usd":1.0608399872279999,"balance_before_usd":9640.3119928578,"balance_after_usd":9638.74112278457,"decision":"ALLOW","cert_hash":"78b9e6a1ab7602529266a2fc600f0f2cabf5b8189f6d467f0a9675a372820942","prev_hash":"0dadcb650095c5298c721be3fa24e9e1dc8625ebee50119c1de8006717957bcd","record_hash":"443cf324096514eb1116bfac71d380580ab8c9eb3921a4a94d191aeba6c1bd03","signature_hex":"8a5d2aea4e98d12aa66a0f5f13323948596c3df53844011bdf1038b895a96f508b8b73981e53777af06b0b713445d6c605cdd08b07747b4fc467efb3deaffa01","public_key_hex":"c2f8243b0d573587f285c830a868acd19249d17d59ecbf9329e796dfed6fb630"}
{"seq":46,"ts":1779260400000,"agent_id":"baseline-momentum","symbol":"ETHUSDT","side":"buy","price":2129.4386825760002,"quantity":0.9392146467352527,"notional_usd":2000.0,"fee_usd":1.2,"balance_before_usd":9613.1988184478,"balance_after_usd":9611.398958417805,"decision":"ALLOW_CAPPED","cert_hash":"a2aced2d997011316a3fb5a94757b07477211c430fea40413d7037fbcf489c8c","prev_hash":"443cf324096514eb1116bfac71d380580ab8c9eb3921a4a94d191aeba6c1bd03","record_hash":"6058417e0a01c2c75e1d8f9d5a8059350b8ea128d163c256ae718078a81e1975","signature_hex":"7d4fa930a4ab083e1d9ec876b7277973983cb012475ce1fb00611574a950f37f84840348c3eef5f677158c8aa75f896c8ea094fc32abfc6a042bdb60779de908","public_key_hex":"c2f8243b0d573587f285c830a868acd19249d17d59ecbf9329e796dfed6fb630"}
{"seq":47,"ts":1779271200000,"agent_id":"baseline-momentum","symbol":"ETHUSDT","side":"buy","price":2130.4389825959997,"quantity":0.9387736594844617,"notional_usd":2000.0,"fee_usd":1.2,"balance_before_usd":9610.061675351815,"balance_after_usd":9608.26181532182,"decision":"ALLOW_CAPPED","cert_hash":"721bfc06ee61fe78c3da7b3e1657d037ee9e9f939073d64b90f98e08d26f2622","prev_hash":"6058417e0a01c2c75e1d8f9d5a8059350b8ea128d163c256ae718078a81e1975","record_hash":"5c61e9e6d693928277a655af99d4dfa2e07e3d7bc953e0b4dfb63fa041e76078","signature_hex":"91dec0ce52068d4a50e353ebf3ca0e8047c8367266b79b10654c252b96b087fcca67ea6578fe5e46116968288932b40cdb092a7c2c8cd738fa184ef8284eab0f","public_key_hex":"c2f8243b0d573587f285c830a868acd19249d17d59ecbf9329e796dfed6fb630"}
{"seq":48,"ts":1779274800000,"agent_id":"baseline-momentum","symbol":"ETHUSDT","side":"buy","price":2127.988247547,"quantity":0.9398548146614362,"notional_usd":2000.0,"fee_usd":1.2,"balance_before_usd":9609.238163367758,"balance_after_usd":9607.438303337764,"decision":"ALLOW_CAPPED","cert_hash":"2126dd4fc9280c9de04852f9abf3a379b8c173fa1d83330bf9ae67a87ed6675f","prev_hash":"5c61e9e6d693928277a655af99d4dfa2e07e3d7bc953e0b4dfb63fa041e76078","record_hash":"11fb8bc49043d1f22ea74a20a5e71994e897f3421ea50ab8769f584202d2f3f9","signature_hex":"f7c1795013a08c350b564f7f96089e5d2d5c2f9a9b0e611237be37bd446698dcacfb5b600b268389aec3db2185655beb03bc2393185cc7b84d901559d9373702","public_key_hex":"c2f8243b0d573587f285c830a868acd19249d17d59ecbf9329e796dfed6fb630"}
{"seq":49,"ts":1779285600000,"agent_id":"baseline-momentum","symbol":"ETHUSDT","side":"buy","price":2134.6502456802,"quantity":0.9369216357795915,"notional_usd":2000.0,"fee_usd":1.2,"balance_before_usd":9611.043663756087,"balance_after_usd":9609.243803726094,"decision":"ALLOW_CAPPED","cert_hash":"c098f508ff0f66d36e97fe4d841443281d27960b4d0de2108cf9ccf17903fda3","prev_hash":"11fb8bc49043d1f22ea74a20a5e71994e897f3421ea50ab8769f584202d2f3f9","record_hash":"8be48ab6fbade3844d6bccaa50e2a1081760fcdda33e1297e73574a8d337316c","signature_hex":"bfbd1603b1412be2acacfb6bff6c8dd1ccac890ab6b7cbdeaca35e5f2bdda3d153839e29380c2473020c19ad721bb563d6208e8d9cbbe08bf99bcf40b386400e","public_key_hex":"c2f8243b0d573587f285c830a868acd19249d17d59ecbf9329e796dfed6fb630"}
{"seq":50,"ts":1779289200000,"agent_id":"baseline-momentum","symbol":"ETHUSDT","side":"buy","price":2136.6033003010334,"quantity":0.771558469224369,"notional_usd":1648.51437172,"fee_usd":0.9891086230320001,"balance_before_usd":9612.185555143526,"balance_after_usd":9610.730965063747,"decision":"ALLOW","cert_hash":"69a512c61350a1f6c4dff0d8ee3b8f9382eb94db65ab88fdf03dfd39b9653ba8","prev_hash":"8be48ab6fbade3844d6bccaa50e2a1081760fcdda33e1297e73574a8d337316c","record_hash":"8c2e6685fda4a0e999743c3294e4606f34a7805cd901b71f00d5784efa281c3f","signature_hex":"d98e09c5fd5a3342f306a5594ec57dc8e06bd594273235446ccaf2b53eb2df35a61f4ef4181c9e9fccab09854eb538916070783c28a7b52af40793e44ba27f01","public_key_hex":"c2f8243b0d573587f285c830a868acd19249d17d59ecbf9329e796dfed6fb630"}
{"seq":51,"ts":1779357600000,"agent_id":"baseline-momentum","symbol":"ETHUSDT","side":"sell","price":2113.0059502728,"quantity":0.9465188679387248,"notional_usd":2000.0,"fee_usd":1.2,"balance_before_usd":9560.424866589477,"balance_after_usd":9558.62472655947,"decision":"ALLOW_CAPPED","cert_hash":"fe7e43b6f2d016595db45aa51934ce6ea94d8b667eb5c3cf1ed9752c3ee6ce5b","prev_hash":"8c2e6685fda4a0e999743c3294e4606f34a7805cd901b71f00d5784efa281c3f","record_hash":"4676e814bc92244641f13099caa17a6ce39993cb3acd05b1f633945bab584cb0","signature_hex":"e9929be8da54d2bdf3c20758cf358f23eb39c73b63723c8c12cb2d44e394c3ad98560738ef8c006ae8ae8a67f4b6d51f46863daf24ef2f285bdb23d14d5f390b","public_key_hex":"c2f8243b0d573587f285c830a868acd19249d17d59ecbf9329e796dfed6fb630"}
{"seq":52,"ts":1779361200000,"agent_id":"baseline-momentum","symbol":"ETHUSDT","side":"sell","price":2113.5557852838006,"quantity":0.9462726339780274,"notional_usd":2000.0,"fee_usd":1.2,"balance_before_usd":9559.341545214344,"balance_after_usd":9557.541405184336,"decision":"ALLOW_CAPPED","cert_hash":"0d64efd1bf641d8df42b629ded90d612e06c65ca86e25a1d2b2363db56531aca","prev_hash":"4676e814bc92244641f13099caa17a6ce39993cb3acd05b1f633945bab584cb0","record_hash":"2fe1763ebc5ef901d94bcdc7fb39e22f925b5f151a590b8b159e57b0c65c5ecd","signature_hex":"e6b8ca1dcd7f051a5c0cad4511d7409e0de35098a6d8a023f80dad9839684a64fe38f9081f40dc457bc90e45eae3b18d7a627e38424c5af8d8cfe9fc57150707","public_key_hex":"c2f8243b0d573587f285c830a868acd19249d17d59ecbf9329e796dfed6fb630"}
{"seq":53,"ts":1779364800000,"agent_id":"baseline-momentum","symbol":"ETHUSDT","side":"sell","price":2115.7451283276005,"quantity":0.9452934444806725,"notional_usd":2000.0,"fee_usd":1.2,"balance_before_usd":9558.32330966896,"balance_after_usd":9556.523169638955,"decision":"ALLOW_CAPPED","cert_hash":"4ee397c86125dbee8a5c07a6f6bdd076eef16c0e6e21a9fb9d4f8ad084f7ea3b","prev_hash":"2fe1763ebc5ef901d94bcdc7fb39e22f925b5f151a590b8b159e57b0c65c5ecd","record_hash":"63cd4436edc21eb7d59aa7c095fc28d2f446f181c78f52a7f2417b73b907aa5f","signature_hex":"5cd43ec8944118df89cd99fad2c531071e92415260344e7822c2fea0feababf00f193cf258f3557e945143b20c5ba3f8bc4fa15eb9e9f7da70941bc5c86df009","public_key_hex":"c2f8243b0d573587f285c830a868acd19249d17d59ecbf9329e796dfed6fb630"}
{"seq":54,"ts":1779368400000,"agent_id":"baseline-momentum","symbol":"ETHUSDT","side":"sell","price":2119.0241443932,"quantity":0.9438306804062945,"notional_usd":2000.0,"fee_usd":1.2,"balance_before_usd":9554.593678697936,"balance_after_usd":9552.793538667931,"decision":"ALLOW_CAPPED","cert_hash":"984dd40963e8b18e0dabd8fdba3249564932f9fc1036aa1f8e1dfdc9ac7339d0","prev_hash":"63cd4436edc21eb7d59aa7c095fc28d2f446f181c78f52a7f2417b73b907aa5f","record_hash":"803e7d4e199eade1b52ff4d2cac1febafc2c3eff00c3a593e2d67e7d613f494e","signature_hex":"ee67807ffcc9e8689ad29dfd51ce7abdd4481003dcca91c4839267141bbfec6a7f058f1242ce7dca0b800d68dee7baa3c69454c89493e7eea3c6dde7daa86a07","public_key_hex":"c2f8243b0d573587f285c830a868acd19249d17d59ecbf9329e796dfed6fb630"}
{"seq":55,"ts":1779454800000,"agent_id":"baseline-momentum","symbol":"ETHUSDT","side":"sell","price":2128.7537618197453,"quantity":0.7077571476900467,"notional_usd":1506.6406906,"fee_usd":0.90398441436,"balance_before_usd":9537.962906367864,"balance_after_usd":9536.644007691179,"decision":"ALLOW","cert_hash":"73297d2178713ee865371b3dbb2f1511e0935f09dd0f23e590442883966ecb05","prev_hash":"803e7d4e199eade1b52ff4d2cac1febafc2c3eff00c3a593e2d67e7d613f494e","record_hash":"106fcdbf9366b19520212b62e75e74fa3017fdf75fced2adfc1f7a6f075cb93c","signature_hex":"b3a210c7d75a5a25149bc976a40dc4d4818e230aa8da298f757159182e4a79ae9b6bffb6283eb6f7a150b1436e0f1a82e4712ab0f637252ff450c1980dd2f408","public_key_hex":"c2f8243b0d573587f285c830a868acd19249d17d59ecbf9329e796dfed6fb630"}
{"seq":56,"ts":1779476400000,"agent_id":"baseline-momentum","symbol":"ETHUSDT","side":"sell","price":2063.724700267414,"quantity":0.10559330084665018,"notional_usd":217.91550314,"fee_usd":0.130749301884,"balance_before_usd":9682.637252184879,"balance_after_usd":9682.460538147372,"decision":"ALLOW","cert_hash":"679aba26fbb789e1cb3d8fc94ca00d4b19a532d8a761aadfa7778fc2c2fb3a7f","prev_hash":"106fcdbf9366b19520212b62e75e74fa3017fdf75fced2adfc1f7a6f075cb93c","record_hash":"fadb5b81b7f685c035fc0c293f9fe6bcfadc11e1a0208a7bb092059e2fafb71c","signature_hex":"9698a3da0df72d3d86c62e9416c8ddfa9a801f14a1826aa56106c75413361c9e775887f7a8293255a1c2a93d84b45665204f271e000775ff35a83d79f12db503","public_key_hex":"c2f8243b0d573587f285c830a868acd19249d17d59ecbf9329e796dfed6fb630"}
{"seq":57,"ts":1779566400000,"agent_id":"baseline-momentum","symbol":"ETHUSDT","side":"buy","price":2145.6835549008,"quantity":0.9321038954844694,"notional_usd":2000.0,"fee_usd":1.2,"balance_before_usd":9492.761305478265,"balance_after_usd":9490.96144544827,"decision":"ALLOW_CAPPED","cert_hash":"160fd1d50dd551a515442f2e9cac5f3fd46c0c7823aec130f64e70e8624cd08e","prev_hash":"fadb5b81b7f685c035fc0c293f9fe6bcfadc11e1a0208a7bb092059e2fafb71c","record_hash":"e3950d2383435c4e7f26ddde492898597e0d90ec03b302026f303280115f8512","signature_hex":"5fc45b52aa6505ed581284b36d2efd5bfa607848ee82df3c5af36a9dcf9cf68883d95b1397165495d7acd2c4ea06ba576e19829ed732e699f13781ac010cf50c","public_key_hex":"c2f8243b0d573587f285c830a868acd19249d17d59ecbf9329e796dfed6fb630"}
{"seq":58,"ts":1779570000000,"agent_id":"baseline-momentum","symbol":"ETHUSDT","side":"buy","price":2116.184707311,"quantity":0.9450970858500184,"notional_usd":2000.0,"fee_usd":1.2,"balance_before_usd":9532.640743749118,"balance_after_usd":9530.840883719124,"decision":"ALLOW_CAPPED","cert_hash":"9c4080a6f5d9f183b0457bf68d9db09b4f99fca072e83b5dd292afbeba701517","prev_hash":"e3950d2383435c4e7f26ddde492898597e0d90ec03b302026f303280115f8512","record_hash":"3dc83429e9cf14475fa77c4254e59a78bf75e759ab045743dfe72cdae397d846","signature_hex":"0c7aa6db335dc66e6b1c20d71fcfdf87c0a75cf8952f985a7171c06587cfc4b6e2c3433be45918da5464efa5bf0180d1a484243f1b75a0b3bd07d299e2ed0a0b","public_key_hex":"c2f8243b0d573587f285c830a868acd19249d17d59ecbf9329e796dfed6fb630"}
{"seq":59,"ts":1779573600000,"agent_id":"baseline-momentum","symbol":"ETHUSDT","side":"buy","price":2116.234722312,"quantity":0.9450747494658754,"notional_usd":2000.0,"fee_usd":1.2,"balance_before_usd":9530.817471740082,"balance_after_usd":9529.017611710085,"decision":"ALLOW_CAPPED","cert_hash":"ae73595a2072675f12d40e58a07b9ec803687f6038b1016c55496f80e3bb545c","prev_hash":"3dc83429e9cf14475fa77c4254e59a78bf75e759ab045743dfe72cdae397d846","record_hash":"3a08c1588d64710bc72b39540a6961119c54dd8895298198b3b62ac33a3e3d4b","signature_hex":"420a9f821dda02e7b88bdf8cb557bbdb31b372c9fb2d4d148c15c4ae18644d6b547081598251b1f37fd8d36a174c45537634a2ceedf936ded5dce8014bcdd40d","public_key_hex":"c2f8243b0d573587f285c830a868acd19249d17d59ecbf9329e796dfed6fb630"}
{"seq":60,"ts":1779577200000,"agent_id":"baseline-momentum","symbol":"ETHUSDT","side":"buy","price":2117.4550883364004,"quantity":0.9445300686737681,"notional_usd":2000.0,"fee_usd":1.2,"balance_before_usd":9529.599350615803,"balance_after_usd":9527.79949058581,"decision":"ALLOW_CAPPED","cert_hash":"2ad00b9743bd59cda29ca5e289ce98651a45818e73445ceb7238f4b627390a59","prev_hash":"3a08c1588d64710bc72b39540a6961119c54dd8895298198b3b62ac33a3e3d4b","record_hash":"2bd9a260c69be2e56ab15f485578d693575435489d4840be7f695c2df367730b","signature_hex":"19396d65f3b63304fa318363e4235dd8821b563a41192dcf3eca911e970529dcba9ea3824b130c5cdb8f0b5812da017166966d8bbe455289ddd42212f8a8a00c","public_key_hex":"c2f8243b0d573587f285c830a868acd19249d17d59ecbf9329e796dfed6fb630"}
{"seq":61,"ts":1779580800000,"agent_id":"baseline-momentum","symbol":"ETHUSDT","side":"buy","price":2119.119527075255,"quantity":0.8276665415285535,"notional_usd":1753.92433006,"fee_usd":1.052354598036,"balance_before_usd":9530.201597836836,"balance_after_usd":9528.644758072456,"decision":"ALLOW","cert_hash":"1092793d70df62a797848d7ba4a5a2a52b2a7c5b07deafed2d46cd82fe51ba84","prev_hash":"2bd9a260c69be2e56ab15f485578d693575435489d4840be7f695c2df367730b","record_hash":"5467b1e5a198fa343330ea8757b17142906e21aa4c3f418196c1636e662d758a","signature_hex":"4a38d338cb6c8889b884be1ed0627c18975253d089cfe2b16a93ae9adf439650200bd8c47ba77d9e51176dac21caf59a5912bedce4af3279548bb99a60fe4904","public_key_hex":"c2f8243b0d573587f285c830a868acd19249d17d59ecbf9329e796dfed6fb630"}
{"seq":62,"ts":1779638400000,"agent_id":"baseline-momentum","symbol":"ETHUSDT","side":"sell","price":2102.219187057,"quantity":0.9513755807737149,"notional_usd":2000.0,"fee_usd":1.2,"balance_before_usd":9493.424920416091,"balance_after_usd":9491.624780386084,"decision":"ALLOW_CAPPED","cert_hash":"8da99ef5e2a92c1df751e1e740508bfeebc0c4510a47a8a9cbe650294b5c55b6","prev_hash":"5467b1e5a198fa343330ea8757b17142906e21aa4c3f418196c1636e662d758a","record_hash":"1eaa9dc3cbae0a5a9c8404537f3a18795713804275fbd8ac1167ce84a1052168","signature_hex":"3d0c8f43e743eefa38b65f16396294f9106c96dc6f193e7803618df146161683bffa9b3df1663238e352549fc6e586112c9bd6f1fe95290cc138b6ee18fc5309","public_key_hex":"c2f8243b0d573587f285c830a868acd19249d17d59ecbf9329e796dfed6fb630"}
{"seq":63,"ts":1779645600000,"agent_id":"baseline-momentum","symbol":"ETHUSDT","side":"sell","price":2098.1404109754003,"quantity":0.9532250508774215,"notional_usd":2000.0,"fee_usd":1.2,"balance_before_usd":9486.330343098045,"balance_after_usd":9484.530203068038,"decision":"ALLOW_CAPPED","cert_hash":"f8cd0620a5410b769fc6fe536141ab476e2d8f573d96382cbc46bfcf29e30c71","prev_hash":"1eaa9dc3cbae0a5a9c8404537f3a18795713804275fbd8ac1167ce84a1052168","record_hash":"552ca23acf0b19a8a82af226aac9799b915d968a86131d169690a62799fa0535","signature_hex":"a7eb51d6e6cd740f33721d288a8f60617cd3f96db8fa50a9359d573df0149eb180f63b18be69b6761f7912184a7f1d2049f0b6fc5e7e040f1bf0360536515506","public_key_hex":"c2f8243b0d573587f285c830a868acd19249d17d59ecbf9329e796dfed6fb630"}
{"seq":64,"ts":1779649200000,"agent_id":"baseline-momentum","symbol":"ETHUSDT","side":"sell","price":2099.370042,"quantity":0.952666733347622,"notional_usd":2000.0,"fee_usd":1.2,"balance_before_usd":9484.95385337906,"balance_after_usd":9483.153713349053,"decision":"ALLOW_CAPPED","cert_hash":"17cf0961011e52b5984c464a9b9378737b6bf2e369f70efe6dbfc9f2555427bf","prev_hash":"552ca23acf0b19a8a82af226aac9799b915d968a86131d169690a62799fa0535","record_hash":"f3e30dbcf7b81d4b2b31d006f5adcfe66a9ef734efe715f9e36c60093e6c79c1","signature_hex":"de2bddb67569345d325090252ec13cc1a9d5fd923576ca4fa2d2c092f771e99b17af86576e48c0d7ce34f234d642448f323bd9173e7cb55f1234e5ca036c1a09","public_key_hex":"c2f8243b0d573587f285c830a868acd19249d17d59ecbf9329e796dfed6fb630"}
{"seq":65,"ts":1779652800000,"agent_id":"baseline-momentum","symbol":"ETHUSDT","side":"sell","price":2091.4424208414002,"quantity":0.9562778205461605,"notional_usd":2000.0,"fee_usd":1.2,"balance_before_usd":9487.977021547427,"balance_after_usd":9486.176881517422,"decision":"ALLOW_CAPPED","cert_hash":"6ce5feacd06057b40154b89035d09f329499bf6ad84c41189cd4fa3ccebff791","prev_hash":"f3e30dbcf7b81d4b2b31d006f5adcfe66a9ef734efe715f9e36c60093e6c79c1","record_hash":"b88da9fde3e0683af7f4a78c1d34673d7dae57757975a4e0558f0c86f53f26b2","signature_hex":"b679caae7f8f3ec038b2ff3aaf0f92e952a179f186daf217fd091133e284067093121c38aaf72daaa153e8942c0f355b2675446e1f4b74f942258044ee95e506","public_key_hex":"c2f8243b0d573587f285c830a868acd19249d17d59ecbf9329e796dfed6fb630"}
{"seq":66,"ts":1779656400000,"agent_id":"baseline-momentum","symbol":"ETHUSDT","side":"sell","price":2069.098540076891,"quantity":0.7358685431982463,"notional_usd":1522.58452842,"fee_usd":0.9135507170519999,"balance_before_usd":9521.221981827995,"balance_after_usd":9519.88791172983,"decision":"ALLOW","cert_hash":"2bd0b781abd8cf04f3f9431c26ff76926631eb020737e68f2b2b5facf5aabbff","prev_hash":"b88da9fde3e0683af7f4a78c1d34673d7dae57757975a4e0558f0c86f53f26b2","record_hash":"116cfd52168972f8389425b439961bfcaef34484581717997222389a8d57a3d0","signature_hex":"5e98fd034a8d8575d1834165f00a91c94e1c1b10ad194b388a40076196eda7fdc870a5216311f1d2df64fc62acb8a2134394ec942a2d4cd2e45fb13bf9f3c407","public_key_hex":"c2f8243b0d573587f285c830a868acd19249d17d59ecbf9329e796dfed6fb630"}
{"seq":67,"ts":1779703200000,"agent_id":"baseline-momentum","symbol":"ETHUSDT","side":"buy","price":2116.5248093177997,"quantity":0.9449452192552573,"notional_usd":2000.0,"fee_usd":1.2,"balance_before_usd":9413.564258004513,"balance_after_usd":9411.764397974517,"decision":"ALLOW_CAPPED","cert_hash":"948f18c707fa5f248312821bf9fac02654a634c851ed32632f318f9fcea6bac9","prev_hash":"116cfd52168972f8389425b439961bfcaef34484581717997222389a8d57a3d0","record_hash":"3a3b17a03aa50079cb29443339cb57b57d7de4db1f5c51d60fd2243be6979a19","signature_hex":"7f97a73697dd979d2dde19e23e07ee868158c06827cf0b2d92e9d221f8bd2e55920a7d9430659dc1955dd97b7398174e28d902b8c7bb253388da4416ef05aa04","public_key_hex":"c2f8243b0d573587f285c830a868acd19249d17d59ecbf9329e796dfed6fb630"}
{"seq":68,"ts":1779706800000,"agent_id":"baseline-momentum","symbol":"ETHUSDT","side":"buy","price":2114.4541882764,"quantity":0.9458705755315051,"notional_usd":2000.0,"fee_usd":1.2,"balance_before_usd":9414.570152006994,"balance_after_usd":9412.770291977,"decision":"ALLOW_CAPPED","cert_hash":"8be6434a1a7436d9107e53082a12ba8ce4091e778969eaa09839121caed379ea","prev_hash":"3a3b17a03aa50079cb29443339cb57b57d7de4db1f5c51d60fd2243be6979a19","record_hash":"f8074ab2d7ed020a9c03faa719e9c9e62a31658d9f544b9ee18d9472cacb6a45","signature_hex":"06caaa6490615dfc62e534f0003724a1a25dd3ae9bf504b352fb421971d0b88d8f3cb34471826e1d7d3fa8b96c432deeeca984ab170beee9fbf7a6aed5d66104","public_key_hex":"c2f8243b0d573587f285c830a868acd19249d17d59ecbf9329e796dfed6fb630"}
{"seq":69,"ts":1779717600000,"agent_id":"baseline-momentum","symbol":"ETHUSDT","side":"buy","price":2128.1182865496,"quantity":0.9397973846851704,"notional_usd":2000.0,"fee_usd":1.2,"balance_before_usd":9407.175618297875,"balance_after_usd":9405.37575826788,"decision":"ALLOW_CAPPED","cert_hash":"a7edf06d7612886aa4e1b73f2a9caa84a745a8a6a335c5bf330d2711cec954d7","prev_hash":"f8074ab2d7ed020a9c03faa719e9c9e62a31658d9f544b9ee18d9472cacb6a45","record_hash":"f4a22f26eb5820fb6502ee1b07647a593d3296997d88446811c7f04bf486c2ca","signature_hex":"f7e00fd84b5f3150bca73e3b86890db06eda73541634e66f7004907badab0b73a7868d970f5c8599534288db3bd35185c68e5193d76f6700e2975980a78be909","public_key_hex":"c2f8243b0d573587f285c830a868acd19249d17d59ecbf9329e796dfed6fb630"}
{"seq":70,"ts":1779721200000,"agent_id":"baseline-momentum","symbol":"ETHUSDT","side":"buy","price":2126.6178365196,"quantity":0.9404604652771926,"notional_usd":2000.0,"fee_usd":1.2,"balance_before_usd":9404.580411423553,"balance_after_usd":9402.78055139356,"decision":"ALLOW_CAPPED","cert_hash":"81868b7a5f4c00b4f586c867d873254fb3e296883c3cff93cdb1f8855a6ec5d7","prev_hash":"f4a22f26eb5820fb6502ee1b07647a593d3296997d88446811c7f04bf486c2ca","record_hash":"f7722db6172feaebe710851e37da58577b50a727cac3f904e15c16ba7288fe1a","signature_hex":"30557aa210a2be8d5b9c68ed94b202a37884488d43719710184f25e5f13fa121b7234ffb809eac1fe2c1393a914857b5f8e508b93f59b8b9df1dc082d8e96203","public_key_hex":"c2f8243b0d573587f285c830a868acd19249d17d59ecbf9329e796dfed6fb630"}
{"seq":71,"ts":1779724800000,"agent_id":"baseline-momentum","symbol":"ETHUSDT","side":"buy","price":2135.94450233863,"quantity":0.7340260732492743,"notional_usd":1567.83895573,"fee_usd":0.940703373438,"balance_before_usd":9416.560932574104,"balance_after_usd":9415.183848983505,"decision":"ALLOW","cert_hash":"2ba5a80f75012817762542761effe8c927b38aa51adf0677759846bb72fd7947","prev_hash":"f7722db6172feaebe710851e37da58577b50a727cac3f904e15c16ba7288fe1a","record_hash":"122d4ce776cb4013fd8638f632a1a5d4284cd47604bb12ed47d30b00f4b8ae26","signature_hex":"8b8aef17c194f75f81dc9adfb6b0df9b3a3d14531926028997f7279deb6bc8de77a9f20b3c2785137d3d9dfaaa284f82d3d8b2d838617edaa8f5f66f7799f608","public_key_hex":"c2f8243b0d573587f285c830a868acd19249d17d59ecbf9329e796dfed6fb630"}
{"seq":72,"ts":1779760800000,"agent_id":"baseline-momentum","symbol":"ETHUSDT","side":"sell","price":2087.5036027626,"quantity":0.9580821788059202,"notional_usd":2000.0,"fee_usd":1.2,"balance_before_usd":9311.07707597486,"balance_after_usd":9309.276935944852,"decision":"ALLOW_CAPPED","cert_hash":"05b2ab21f7b9a50a6f756bf10d6e8d80cc91fc2a222bbf979e7f9165a186447f","prev_hash":"122d4ce776cb4013fd8638f632a1a5d4284cd47604bb12ed47d30b00f4b8ae26","record_hash":"c80ede48f3fe324f9c634a10d3d810e36a992d531fd620db33e0de80fed58c7f","signature_hex":"cf0f9cf06488bf340dc486c4b6b0853d01c6326e5f34315a8ed08f61d0065c2ae1e337e996213b8b7bd26ed44387e4d752c890de434cdd6a0fd09e8e185f8c04","public_key_hex":"c2f8243b0d573587f285c830a868acd19249d17d59ecbf9329e796dfed6fb630"}
{"seq":73,"ts":1779764400000,"agent_id":"baseline-momentum","symbol":"ETHUSDT","side":"sell","price":2091.8323038492003,"quantity":0.9560995861474082,"notional_usd":2000.0,"fee_usd":1.2,"balance_before_usd":9314.6748680464,"balance_after_usd":9312.874728016393,"decision":"ALLOW_CAPPED","cert_hash":"86a66c40262ee76bcbeffdfd67f46af187b699e6588625b18211763adffeb48a","prev_hash":"c80ede48f3fe324f9c634a10d3d810e36a992d531fd620db33e0de80fed58c7f","record_hash":"c2195bab938231a2afd7e425c1d8875c20bc1b681f251d48da74cfbb4dbc2266","signature_hex":"6ac19b212366a0e2f118e87ef2d6ea3f5a21abbab4df4e7cc3abfff47bce8f1007ecfc4394262493440b33d16b3ced01822cf2ef45c89d8891e7229e163fae05","public_key_hex":"c2f8243b0d573587f285c830a868acd19249d17d59ecbf9329e796dfed6fb630"}
{"seq":74,"ts":1779768000000,"agent_id":"baseline-momentum","symbol":"ETHUSDT","side":"sell","price":2092.1422108554,"quantity":0.955957960038612,"notional_usd":2000.0,"fee_usd":1.2,"balance_before_usd":9312.964794177362,"balance_after_usd":9311.164654147355,"decision":"ALLOW_CAPPED","cert_hash":"8e8f138b4c115beca65e8f815b20da6c1d6edbf2e30348e4e9bb36ea7c8da9d0","prev_hash":"c2195bab938231a2afd7e425c1d8875c20bc1b681f251d48da74cfbb4dbc2266","record_hash":"3188b67535d209f970b002b6ee073d0d3b7aa9abf8a035e47a7734b4ec90a6bd","signature_hex":"6c2874de8e04786c5c5e8af693900ff87f79de40025266a8a91eb94878d0f0ac2a03507b3a3ee635ea25649c66895bb372bf984a99b160cb19463bd74edcfe0d","public_key_hex":"c2f8243b0d573587f285c830a868acd19249d17d59ecbf9329e796dfed6fb630"}
{"seq":75,"ts":1779778800000,"agent_id":"baseline-momentum","symbol":"ETHUSDT","side":"sell","price":2093.7617248877996,"quantity":0.9552185314244275,"notional_usd":2000.0,"fee_usd":1.2,"balance_before_usd":9310.086670577155,"balance_after_usd":9308.286530547148,"decision":"ALLOW_CAPPED","cert_hash":"583cce501b4ca9ecd82987c4aa6308ccb4b5170eb96221c0ba48728132b8abd3","prev_hash":"3188b67535d209f970b002b6ee073d0d3b7aa9abf8a035e47a7734b4ec90a6bd","record_hash":"57b0c225d33b898dc27f4a11ccb0ac1d528e8f1a479fbfcb26111df6065b6788","signature_hex":"1141bd26ee74d5c3841775c37ff84519b83a3656c5c5ed97b11e8695f6fe1f89082167739e6c9647e3fed05804256b0de0b610c0aab3fadbd0fa9e472a4c3800","public_key_hex":"c2f8243b0d573587f285c830a868acd19249d17d59ecbf9329e796dfed6fb630"}
{"seq":76,"ts":1779782400000,"agent_id":"baseline-momentum","symbol":"ETHUSDT","side":"sell","price":2095.7792051772644,"quantity":0.5989056318429475,"notional_usd":1255.17396908,"fee_usd":0.753104381448,"balance_before_usd":9305.142487999772,"balance_after_usd":9304.059509496998,"decision":"ALLOW","cert_hash":"0b28db37c206cdf01720b4af5457ad9b6d93162445a0405f66763bdc5be06131","prev_hash":"57b0c225d33b898dc27f4a11ccb0ac1d528e8f1a479fbfcb26111df6065b6788","record_hash":"7b1ab210a35effa5affdfa80836ea2e85d22a735937dac694b88a8e7501bd332","signature_hex":"50dbba98ce4343978fa7394599ff216e4957308e2bab7b337b82f260388309f9062e12b3bf75db5f1fad1855ad22158079e588d3189b4f90f301847390af6305","public_key_hex":"c2f8243b0d573587f285c830a868acd19249d17d59ecbf9329e796dfed6fb630"}
{"seq":77,"ts":1779915600000,"agent_id":"baseline-momentum","symbol":"ETHUSDT","side":"sell","price":2020.000497113845,"quantity":0.1246652972461162,"notional_usd":251.82396241,"fee_usd":0.151094377446,"balance_before_usd":9472.523060018753,"balance_after_usd":9472.318421536336,"decision":"ALLOW","cert_hash":"0a4720b434ddaff79bce581d0b4fd2cad8f18f2840e2e82025f9f659258c3341","prev_hash":"7b1ab210a35effa5affdfa80836ea2e85d22a735937dac694b88a8e7501bd332","record_hash":"421270cc190e48d18aa2f91dc9fed0876724dd2bc3e8f3d218b476cd45a227ac","signature_hex":"42007a0d95ce9630fd16c3091d3fc301952b06067dbdafb525a34bc5cd3e8d2720e81489ea0863433d6c6ab9d83e757cd8d9f1f672ebc8cdd880e189edf29a0e","public_key_hex":"c2f8243b0d573587f285c830a868acd19249d17d59ecbf9329e796dfed6fb630"}
{"seq":78,"ts":1780009200000,"agent_id":"baseline-momentum","symbol":"ETHUSDT","side":"buy","price":2009.60274018,"quantity":0.9952215729069219,"notional_usd":2000.0,"fee_usd":1.2,"balance_before_usd":9499.112758037532,"balance_after_usd":9497.312898007536,"decision":"ALLOW_CAPPED","cert_hash":"aed93bc5df8c75699274b65fe8e4859449c94d670f3fc436e0d222cc544c5d71","prev_hash":"421270cc190e48d18aa2f91dc9fed0876724dd2bc3e8f3d218b476cd45a227ac","record_hash":"ec3d0cc4f7225502564b8f3b386ee31cb6b8dd1124b280d04d7a63aef8533c04","signature_hex":"4da962636e9ee89d8f1d11455488961cc0f4a1c6669386e6f8c29e78739dd1e8eff9154f5fa1ea1adf8136c49a419d5b03099dd0344491d5cba44686bcca2b0b","public_key_hex":"c2f8243b0d573587f285c830a868acd19249d17d59ecbf9329e796dfed6fb630"}
{"seq":79,"ts":1780012800000,"agent_id":"baseline-momentum","symbol":"ETHUSDT","side":"buy","price":2012.1034902299998,"quantity":0.9939846582003512,"notional_usd":2000.0,"fee_usd":1.2,"balance_before_usd":9493.940423396236,"balance_after_usd":9492.140563366242,"decision":"ALLOW_CAPPED","cert_hash":"e098090628ec1eb9354f01b4c2c846bc9ba75a3f1abf8fe434643884b0e1a09d","prev_hash":"ec3d0cc4f7225502564b8f3b386ee31cb6b8dd1124b280d04d7a63aef8533c04","record_hash":"a2974aee5ed55d52396fef25c023773a0aad640eea36c52f40b0a9eae2b5c9b7","signature_hex":"1e0c3dc0c0ba46a8c66474932e8ae93894e4a917b255bc2aae17202d63f5484a6cd62052e6d7a745bf97b0a1b60256b8434e903cd9cc7e1b651e290dd930340f","public_key_hex":"c2f8243b0d573587f285c830a868acd19249d17d59ecbf9329e796dfed6fb630"}
{"seq":80,"ts":1780016400000,"agent_id":"baseline-momentum","symbol":"ETHUSDT","side":"buy","price":2007.7221761423998,"quantity":0.9961537625901822,"notional_usd":2000.0,"fee_usd":1.2,"balance_before_usd":9493.695486082324,"balance_after_usd":9491.89562605233,"decision":"ALLOW_CAPPED","cert_hash":"147f03439fad83e7d023b6dda217b76c2047690ecd6ac4a02c3d2ac8ce614235","prev_hash":"a2974aee5ed55d52396fef25c023773a0aad640eea36c52f40b0a9eae2b5c9b7","record_hash":"2e9bc1d5d056d40b9c458fddad0676bf1cc5252f0c1f7d297c581b88aa5cf826","signature_hex":"022b9ff3d50d216cdafe3fcae55f6594fb8fd0fe401fbf07eacbe0e9460acdeaa7af38b82604811e78b13c94d571a39668de30629938946dbe79eec442d60300","public_key_hex":"c2f8243b0d573587f285c830a868acd19249d17d59ecbf9329e796dfed6fb630"}
{"seq":81,"ts":1780027200000,"agent_id":"baseline-momentum","symbol":"ETHUSDT","side":"buy","price":2008.2423321528,"quantity":0.9958957482267768,"notional_usd":2000.0,"fee_usd":1.2,"balance_before_usd":9492.22902331199,"balance_after_usd":9490.429163281997,"decision":"ALLOW_CAPPED","cert_hash":"646ee2050349a690e3ecdb75439b6530915547a6b1c64a0eeae249397205919e","prev_hash":"2e9bc1d5d056d40b9c458fddad0676bf1cc5252f0c1f7d297c581b88aa5cf826","record_hash":"b3da11f866e084a96fab719f116d0f62e021fe40c3804a764030dce55dbbd14b","signature_hex":"af1c18c4e690b19225a529765fc4197f95cc7de8b2e78a5bfc436929e7e37f5ed6cd3d0566844aacdaeacceb8504ee85ad594e4b36c566be124e8db7b71ab309","public_key_hex":"c2f8243b0d573587f285c830a868acd19249d17d59ecbf9329e796dfed6fb630"}
{"seq":82,"ts":1780030800000,"agent_id":"baseline-momentum","symbol":"ETHUSDT","side":"buy","price":2014.1791230765875,"quantity":0.721741154798338,"notional_usd":1453.71596626,"fee_usd":0.872229579756,"balance_before_usd":9500.235058785733,"balance_after_usd":9498.966504482554,"decision":"ALLOW","cert_hash":"b0305906a3c9f2ae2afb91279671febaa7cdf5bb72b9d13fd16df9a738a55f4b","prev_hash":"b3da11f866e084a96fab719f116d0f62e021fe40c3804a764030dce55dbbd14b","record_hash":"b9b7f4fb948434e36c16799d63d872d1c514ebae9f70dc8d35260c71fac9fb2a","signature_hex":"9c54809b358cc2788f1a57443b0ca05c33d2a9fa44fe133bfeda71aace7abeec9510e07060dd40dbdde17623990908f0de6e68e0bdb0cb01baefe2ed8cf8d90e","public_key_hex":"c2f8243b0d573587f285c830a868acd19249d17d59ecbf9329e796dfed6fb630"}
{"seq":83,"ts":1780059600000,"agent_id":"baseline-momentum","symbol":"ETHUSDT","side":"sell","price":1998.4603219812,"quantity":1.0007704321180986,"notional_usd":2000.0,"fee_usd":1.2,"balance_before_usd":9464.599000049224,"balance_after_usd":9462.798860019217,"decision":"ALLOW_CAPPED","cert_hash":"a8d1faa35756933ec0e20b6a2419d6c5509a2d32e1f268ddd389e25e7da91278","prev_hash":"b9b7f4fb948434e36c16799d63d872d1c514ebae9f70dc8d35260c71fac9fb2a","record_hash":"93237a9580c91551f76f30a6dd8a4e8912232fb05a8014683758ed1fbc2c0582","signature_hex":"1c16a4f4bbaf5453da1c4fbbc4108055e606a3469c5549d197455a4ce37f60e438412360dbea9a10c21ad7ae7742ff50a7123e19d91ea1a7dfb2aa9574df8b00","public_key_hex":"c2f8243b0d573587f285c830a868acd19249d17d59ecbf9329e796dfed6fb630"}
{"seq":84,"ts":1780063200000,"agent_id":"baseline-momentum","symbol":"ETHUSDT","side":"sell","price":2000.4097370202,"quantity":0.9997951734524096,"notional_usd":2000.0,"fee_usd":1.2,"balance_before_usd":9465.446989361211,"balance_after_usd":9463.646849331206,"decision":"ALLOW_CAPPED","cert_hash":"7a164f4f7b63872d02f36de20b651808ef82ea714c01bf3c7e48952c69fb792a","prev_hash":"93237a9580c91551f76f30a6dd8a4e8912232fb05a8014683758ed1fbc2c0582","record_hash":"0c80a5afbc39e7c40c59d9c006a8d90d3d566cc2c9a76e10b2f17cd481f64382","signature_hex":"92d9762d2caad3f5de7749e9d7425661dcc0e403b6f823b5d9e75339bc3f71694f1d9b4039249a2d8662a00a71d82a642a84113ec5d515f823e2670e887a2b05","public_key_hex":"c2f8243b0d573587f285c830a868acd19249d17d59ecbf9329e796dfed6fb630"}
{"seq":85,"ts":1780066800000,"agent_id":"baseline-momentum","symbol":"ETHUSDT","side":"buy","price":2031.2492326128001,"quantity":0.9846157565939833,"notional_usd":2000.0,"fee_usd":1.2,"balance_before_usd":9474.260904189669,"balance_after_usd":9472.461044159674,"decision":"ALLOW_CAPPED","cert_hash":"df8290c13adea4b6cf471e1f9f778fe7cd4a9f442f19a6c36e3906467675899f","prev_hash":"0c80a5afbc39e7c40c59d9c006a8d90d3d566cc2c9a76e10b2f17cd481f64382","record_hash":"c111c3d88b7d9141b15f6895f32d3a6d348017a0446c401f47b8e28b56296c97","signature_hex":"a0dc79207a37245940a6db6690bef217471e6314c4afb4a49cf3f9bf1a56b1ea8646a261b671789af54de9e00efabacb778bf6673b3717f9762e86056a5fe104","public_key_hex":"c2f8243b0d573587f285c830a868acd19249d17d59ecbf9329e796dfed6fb630"}
{"seq":86,"ts":1780070400000,"agent_id":"baseline-momentum","symbol":"ETHUSDT","side":"buy","price":2040.11189079,"quantity":0.980338386844818,"notional_usd":2000.0,"fee_usd":1.2,"balance_before_usd":9484.358567844298,"balance_after_usd":9482.558707814305,"decision":"ALLOW_CAPPED","cert_hash":"8aef113cc607823a85d911fb4ccaf421b0149b87d4f213714c9beca516f95f69","prev_hash":"c111c3d88b7d9141b15f6895f32d3a6d348017a0446c401f47b8e28b56296c97","record_hash":"52a233de058f18b39f24210bae059c3899d37cfaa68c1d8bbac551fbf8672ee9","signature_hex":"19b861e884f789be9cedd72fa1276cc4d9f487ef7b491c13e35200c3bca4949a4de896a6610d0c8b17f5eaa3c97a349e544b801627b18e4b7df19804c2680e08","public_key_hex":"c2f8243b0d573587f285c830a868acd19249d17d59ecbf9329e796dfed6fb630"}
{"seq":87,"ts":1780142400000,"agent_id":"baseline-momentum","symbol":"ETHUSDT","side":"sell","price":2018.4043373802,"quantity":0.9908817390850001,"notional_usd":2000.0,"fee_usd":1.2,"balance_before_usd":9434.956872202625,"balance_after_usd":9433.15673217262,"decision":"ALLOW_CAPPED","cert_hash":"2fa05472a05e8a1dea800e2a54910c24573aa6ee127a654f8f0acfbbe07faeac","prev_hash":"52a233de058f18b39f24210bae059c3899d37cfaa68c1d8bbac551fbf8672ee9","record_hash":"f701224854bd301169d379e4815e276f4ba0b8b71016a9bb1b37136290e5c130","signature_hex":"b1da01839c092135382d206fd2c797be44b3b5c0566200bee98df49b5c062e935ba6d129b06a32f48190c871c43c826bf3d22e599f2d6b90704b41521366e20b","public_key_hex":"c2f8243b0d573587f285c830a868acd19249d17d59ecbf9329e796dfed6fb630"}
{"seq":88,"ts":1780149600000,"agent_id":"baseline-momentum","symbol":"ETHUSDT","side":"buy","price":2026.357765515,"quantity":0.9869925410193786,"notional_usd":2000.0,"fee_usd":1.2,"balance_before_usd":9442.136382126868,"balance_after_usd":9440.336522096874,"decision":"ALLOW_CAPPED","cert_hash":"02e4cdc24fb0aae6d13292c1e5489b96bef6d5d4fd4a4db9a8d9d90876e537f3","prev_hash":"f701224854bd301169d379e4815e276f4ba0b8b71016a9bb1b37136290e5c130","record_hash":"ba8a9c42e8d5c0bb2bae42f25f809c16736ae9d4f7e35b366f8122005a2d818e","signature_hex":"b756d848f8863c753c91e3b661a3d9463aadab61661cc331587ab183c7064857cfd311ed9d0b33e21497c1e5fd259bda17007f9dc8f7475e6fd161c9dc82070f","public_key_hex":"c2f8243b0d573587f285c830a868acd19249d17d59ecbf9329e796dfed6fb630"}
{"seq":89,"ts":1780236000000,"agent_id":"baseline-momentum","symbol":"ETHUSDT","side":"sell","price":2006.4879131418,"quantity":0.996766532656735,"notional_usd":2000.0,"fee_usd":1.2,"balance_before_usd":9397.058667372508,"balance_after_usd":9395.258527342503,"decision":"ALLOW_CAPPED","cert_hash":"96500890c7fe04b8e7aec36773485b3e6bd232abbde00bbc9bd6d3bb036cfa5d","prev_hash":"ba8a9c42e8d5c0bb2bae42f25f809c16736ae9d4f7e35b366f8122005a2d818e","record_hash":"c43ce11335e3b5c4334e3ef949aa24262a4a196921756eae53524c825a31b0c7","signature_hex":"8fae1964702b91d17ab6719cb3b78628683c23f084f4ba65428136df9a2a9c14df41381f4155acda1ca74e06c406fa0b9969caa0975b406076aafb402004bf0b","public_key_hex":"c2f8243b0d573587f285c830a868acd19249d17d59ecbf9329e796dfed6fb630"}
{"seq":90,"ts":1780239600000,"agent_id":"baseline-momentum","symbol":"ETHUSDT","side":"sell","price":2009.497010202,"quantity":0.9952739366349964,"notional_usd":2000.0,"fee_usd":1.2,"balance_before_usd":9399.23930738469,"balance_after_usd":9397.439167354682,"decision":"ALLOW_CAPPED","cert_hash":"a915841738623596d34e92c0ba84593fadc7a00d43740b2e69375644a9a96001","prev_hash":"c43ce11335e3b5c4334e3ef949aa24262a4a196921756eae53524c825a31b0c7","record_hash":"63b1eff51c2414f0b96bbc18d5f0ba95e28fd3790a82d667ebc33efab69e3af8","signature_hex":"0407e8361bc7db97cf55104f465a5dd69aa948df25bb29e46f346b721c304c92a04fd7738bfb87bad02236e8e0aa060afc59d9a48a8c72ac9174f64f0d1dcd07","public_key_hex":"c2f8243b0d573587f285c830a868acd19249d17d59ecbf9329e796dfed6fb630"}
{"seq":91,"ts":1780243200000,"agent_id":"baseline-momentum","symbol":"ETHUSDT","side":"sell","price":2000.9095870302,"quantity":0.9995454132280159,"notional_usd":2000.0,"fee_usd":1.2,"balance_before_usd":9394.628138389848,"balance_after_usd":9392.82799835984,"decision":"ALLOW_CAPPED","cert_hash":"5f62b0c0b49bcf6854a0a7a6948544635b6ca6384814f44cdb066cf76826c27c","prev_hash":"63b1eff51c2414f0b96bbc18d5f0ba95e28fd3790a82d667ebc33efab69e3af8","record_hash":"44366ee7dbddc746a4833720e1126ec8048226209ee3f02870e836a695fcbaa6","signature_hex":"c12a9044cd3399d00da75dedb13696ae952b2e07ada878ebed8b49485cdf8a154bfb8da8150dd178f9f40db81a172a128136cafc316dca376618aedc1d51da0f","public_key_hex":"c2f8243b0d573587f285c830a868acd19249d17d59ecbf9329e796dfed6fb630"}
{"seq":92,"ts":1780246800000,"agent_id":"baseline-momentum","symbol":"ETHUSDT","side":"sell","price":2004.798420108,"quantity":0.9976065323775836,"notional_usd":2000.0,"fee_usd":1.2,"balance_before_usd":9390.21274722313,"balance_after_usd":9388.412607193122,"decision":"ALLOW_CAPPED","cert_hash":"736fc460804cdca921c0c7d6155838ad7a55d199b50c90b972f6de2cf3b5e815","prev_hash":"44366ee7dbddc746a4833720e1126ec8048226209ee3f02870e836a695fcbaa6","record_hash":"b3b6a42bc03f4359dae5dc60aef93786e86dc076a76b76390d0e0084fc11198c","signature_hex":"97fa9bf1941a2ad6f7fab69833c8f8e7ea38e22dcb3f1aa408e889daf3eaf481d230738b109aca32c74416acdf9362d67a8fdcc755b0d8af498908884add5d00","public_key_hex":"c2f8243b0d573587f285c830a868acd19249d17d59ecbf9329e796dfed6fb630"}
{"seq":93,"ts":1780250400000,"agent_id":"baseline-momentum","symbol":"ETHUSDT","side":"sell","price":1999.6341406369588,"quantity":0.6793612933800355,"notional_usd":1358.47403607,"fee_usd":0.815084421642,"balance_before_usd":9397.146223919153,"balance_after_usd":9395.967097387565,"decision":"ALLOW","cert_hash":"411169b10bc6514687f85155c8da3cb511d2af25a13c3bbfc3af4c0798a16e44","prev_hash":"b3b6a42bc03f4359dae5dc60aef93786e86dc076a76b76390d0e0084fc11198c","record_hash":"4f43d683c63420e0fe65e7848a49cc3bfca2be518a849d5e8944dea4ce873405","signature_hex":"f21a44d70d9454fe0dee4bef55c9b14475d2ce1f0e9328c819d1ff42cb791ddbc52bbe43e4555fab645a95d0472fea6571789b59982e890d0fdf79f85b41d306","public_key_hex":"c2f8243b0d573587f285c830a868acd19249d17d59ecbf9329e796dfed6fb630"}
{"seq":94,"ts":1780369200000,"agent_id":"baseline-momentum","symbol":"ETHUSDT","side":"buy","price":2003.5709310594,"quantity":0.9982177166757397,"notional_usd":2000.0,"fee_usd":1.2,"balance_before_usd":9389.389144497864,"balance_after_usd":9387.58928446787,"decision":"ALLOW_CAPPED","cert_hash":"66522a643fd7104657f505176f9dc326fcd30851fd25c6052cb623bd003aed44","prev_hash":"4f43d683c63420e0fe65e7848a49cc3bfca2be518a849d5e8944dea4ce873405","record_hash":"92d8618f78469a49c5a2056478e708fcef5b51a7205cb618dd3c13c805ddc1cb","signature_hex":"e43cef8faff7eae48d1af9af070d71027de049876c8953fd365139df4543b9c6ca71c2a40736fb0d2348139e27d1c8076f0892b4008715475f3eb2fec2f18700","public_key_hex":"c2f8243b0d573587f285c830a868acd19249d17d59ecbf9329e796dfed6fb630"}
{"seq":95,"ts":1780394400000,"agent_id":"baseline-momentum","symbol":"ETHUSDT","side":"buy","price":1983.4148856564,"quantity":1.0083618986947913,"notional_usd":2000.0,"fee_usd":1.2,"balance_before_usd":9414.81296559382,"balance_after_usd":9413.013105563825,"decision":"ALLOW_CAPPED","cert_hash":"7e5c3ff87249508c67707524ab0ac4227be105a8b5787f64491d24bc1647a63b","prev_hash":"92d8618f78469a49c5a2056478e708fcef5b51a7205cb618dd3c13c805ddc1cb","record_hash":"d679722584cea0d9a9ee317fe8a4ee171686072892480cb026bb71f061fb5590","signature_hex":"30a9191b70e01d5bbb5765571b84bfae661cbac8dee381f855d262bf2770652994565ab82a58405403e3ee5a53ee82c79ce5173f8e1d16be9903f62920ed5808","public_key_hex":"c2f8243b0d573587f285c830a868acd19249d17d59ecbf9329e796dfed6fb630"}
{"seq":96,"ts":1780405200000,"agent_id":"baseline-momentum","symbol":"ETHUSDT","side":"sell","price":1973.207899476,"quantity":1.013577941042662,"notional_usd":2000.0,"fee_usd":1.2,"balance_before_usd":9416.104162813583,"balance_after_usd":9414.304022783575,"decision":"ALLOW_CAPPED","cert_hash":"c00855b1258332b8cb33b5b8cbd00e2f9acbadb8de0eb59628fdca278c7b4fd3","prev_hash":"d679722584cea0d9a9ee317fe8a4ee171686072892480cb026bb71f061fb5590","record_hash":"c85baf57408fce5324fffaefb56651be6422c719760b3d3e6e497821f1ca789b","signature_hex":"f62a01ad800e4068d55fb551657ea34bc78a588e1c8d1de452ad315e123fc79fe5c10f6e83f320697e99eb25282d9ade375ba5db36e0dcd0614ad3df381a7003","public_key_hex":"c2f8243b0d573587f285c830a868acd19249d17d59ecbf9329e796dfed6fb630"}
{"seq":97,"ts":1780408800000,"agent_id":"baseline-momentum","symbol":"ETHUSDT","side":"sell","price":1939.817918808,"quantity":1.0310246031900672,"notional_usd":2000.0,"fee_usd":1.2,"balance_before_usd":9459.60334775962,"balance_after_usd":9457.803207729612,"decision":"ALLOW_CAPPED","cert_hash":"6b0e6ead49a8528a80ebba9690cb426e456c4505cd001a895c8353384316b76c","prev_hash":"c85baf57408fce5324fffaefb56651be6422c719760b3d3e6e497821f1ca789b","record_hash":"71de109815fe24443b4dd97616e6b1edd5f6a54cf04fdd1cd89069660971ecc2","signature_hex":"7641886058c92613cdb9ad0232163978bd9478172a45a573d57c9f0bfbdd2e8876b7661c3e2db096f09afbb46a82d504d1b47800acbf4ca76cbd8e91f336f504","public_key_hex":"c2f8243b0d573587f285c830a868acd19249d17d59ecbf9329e796dfed6fb630"}
{"seq":98,"ts":1780412400000,"agent_id":"baseline-momentum","symbol":"ETHUSDT","side":"sell","price":1913.4489091647242,"quantity":0.10017223656819321,"notional_usd":191.67445679,"fee_usd":0.11500467407399999,"balance_before_usd":9521.185805498619,"balance_after_usd":9521.030622658509,"decision":"ALLOW","cert_hash":"4e98792ca21d4a94038a1fccca1c269c8caef6e9179d67cf67f5f93830a6c707","prev_hash":"71de109815fe24443b4dd97616e6b1edd5f6a54cf04fdd1cd89069660971ecc2","record_hash":"14e9d0c82127fb79ad7c77f2408d8eb57821c18b5e6489766cb797899de9444e","signature_hex":"1f2ebca40186f5af71c1f192aea15d1cab0a4534e4678b9eb815aa6322e31d1de5db877a492dc609c49d6ba9ddb9e9b946a9076d592eb31c4e40ea44e6f45d0a","public_key_hex":"c2f8243b0d573587f285c830a868acd19249d17d59ecbf9329e796dfed6fb630"}
{"seq":99,"ts":1780441200000,"agent_id":"baseline-momentum","symbol":"ETHUSDT","side":"sell","price":1858.4091813475404,"quantity":0.11046252718744495,"notional_usd":205.28457472,"fee_usd":0.123170744832,"balance_before_usd":9657.965518864785,"balance_after_usd":9657.799177303932,"decision":"ALLOW","cert_hash":"a5e43a7c3db3453fefc3322787499600b1ff2179d973b0dbb81b38b5ec9145f4","prev_hash":"14e9d0c82127fb79ad7c77f2408d8eb57821c18b5e6489766cb797899de9444e","record_hash":"899c7ea1d333c33def83a78fedfed1662f68ec38df14b3ab883560fc9091da73","signature_hex":"901d6821b047edb876117f6be05df10fca3a45c03624a8c273875d6510921f5796ce5d3bcf19d3dbd0e108da74365854f2309b9998b845d781f1e14f938cf304","public_key_hex":"c2f8243b0d573587f285c830a868acd19249d17d59ecbf9329e796dfed6fb630"}
{"seq":100,"ts":1780513200000,"agent_id":"baseline-momentum","symbol":"ETHUSDT","side":"sell","price":1802.0697514118465,"quantity":0.1217840777572897,"notional_usd":219.46340273,"fee_usd":0.131678041638,"balance_before_usd":9804.192340188209,"balance_after_usd":9804.014353922945,"decision":"ALLOW","cert_hash":"c17f91d3b1208fe15b056467329054a037b80708069a8890aa8a56f52fdb26ac","prev_hash":"899c7ea1d333c33def83a78fedfed1662f68ec38df14b3ab883560fc9091da73","record_hash":"d85fe0e504370c3cc567bab0392964b306e61a2b12dec42c9f22a7157754a00c","signature_hex":"d6e34729d9fdf7c83868589efa420fce8b5f164cb2e66893381ff19686d4daf918a8eabc8723012d28e323b536f5fa66271c1968cf9ace90581264a154baed05","public_key_hex":"c2f8243b0d573587f285c830a868acd19249d17d59ecbf9329e796dfed6fb630"}
{"seq":101,"ts":1780567200000,"agent_id":"baseline-momentum","symbol":"ETHUSDT","side":"sell","price":1735.8793362369497,"quantity":0.15550157289455396,"notional_usd":269.93196714,"fee_usd":0.161959180284,"balance_before_usd":9984.05919958546,"balance_after_usd":9983.839601607007,"decision":"ALLOW","cert_hash":"f19a968710f580e44b19369ac52ae14b572c0e16545ba992055891f94a936acd","prev_hash":"d85fe0e504370c3cc567bab0392964b306e61a2b12dec42c9f22a7157754a00c","record_hash":"c602b84757e810c24b8878541147a4f4d8fbacbddd4ccdfb874049b189e9cbf7","signature_hex":"f9710f2308e8ed95ac1d0424cd318a7ed484b9af9e199f5de1313a131f579174d129750a0e64737bde5ae31fa4be9c62cde967917ea1836a0144c04e2b8a2b00","public_key_hex":"c2f8243b0d573587f285c830a868acd19249d17d59ecbf9329e796dfed6fb630"}
{"seq":102,"ts":1780578000000,"agent_id":"baseline-momentum","symbol":"ETHUSDT","side":"buy","price":1784.8855077368319,"quantity":0.11670443307824363,"notional_usd":208.30405129,"fee_usd":0.124982430774,"balance_before_usd":9845.08185926901,"balance_after_usd":9844.91305342069,"decision":"ALLOW","cert_hash":"c7de8e89c0eab4e3d5ac6356c5bec7ee4e0be6d26ea68ddad96245c2524c4206","prev_hash":"c602b84757e810c24b8878541147a4f4d8fbacbddd4ccdfb874049b189e9cbf7","record_hash":"20bd93a2f7249977d13f490b2bacff70cdb2f17b9d94e48dfa504a7f2b31abd6","signature_hex":"204a76697dece6990320883d351dff7473bc4fb2aabe22a37b25b317b77b830e489f4dc0aec1703c7f12b314e0370ba76c97de50d8badc32795791cfadedba0a","public_key_hex":"c2f8243b0d573587f285c830a868acd19249d17d59ecbf9329e796dfed6fb630"}
{"seq":103,"ts":1780624800000,"agent_id":"baseline-momentum","symbol":"ETHUSDT","side":"sell","price":1729.094441204382,"quantity":0.13166172405911442,"notional_usd":227.65555519,"fee_usd":0.13659333311400002,"balance_before_usd":9996.76890777606,"balance_after_usd":9996.584184341671,"decision":"ALLOW","cert_hash":"15a3a54d4701b1bce30159c9c1df50dfd1e3035dde0ed8fc7debeaec14a64d53","prev_hash":"20bd93a2f7249977d13f490b2bacff70cdb2f17b9d94e48dfa504a7f2b31abd6","record_hash":"57c0db3330b61fc27d7eb2e4c717b00e224f9f477974736c7492c350e00d3195","signature_hex":"26c76c18a5100c841b5a3b0e18243fa8c9b5d19cc0a3c1b90a77f5746cd4daf58bc25367d16908a2850c98a8af9b190769b6d1135293ff7706ba7c9517763d00","public_key_hex":"c2f8243b0d573587f285c830a868acd19249d17d59ecbf9329e796dfed6fb630"}
{"seq":104,"ts":1780639200000,"agent_id":"baseline-momentum","symbol":"ETHUSDT","side":"sell","price":1655.2324030952025,"quantity":0.19338960596797164,"notional_usd":320.10474222,"fee_usd":0.192062845332,"balance_before_usd":10210.081007037446,"balance_after_usd":10209.819788667603,"decision":"ALLOW","cert_hash":"17f0e0ec7c9e69c29550b413b2511504cc10f99967eea25606fd1df11d1f029e","prev_hash":"57c0db3330b61fc27d7eb2e4c717b00e224f9f477974736c7492c350e00d3195","record_hash":"205f0f4872763c4ee21acb16cce180daa1fa710340daeb8268d23abd453a765b","signature_hex":"2273331f9acda79e38a0eb729889aaf00d81a4ed2df3364f9728a97aee0956e14471885119c927374bb9013b528f7bfb0c3da2c010ee3fda3f181e1e3d5a2a05","public_key_hex":"c2f8243b0d573587f285c830a868acd19249d17d59ecbf9329e796dfed6fb630"}
{"seq":105,"ts":1780668000000,"agent_id":"baseline-momentum","symbol":"ETHUSDT","side":"sell","price":1599.509440662236,"quantity":0.16105976466968547,"notional_usd":257.6166141,"fee_usd":0.15456996845999998,"balance_before_usd":10381.697374540248,"balance_after_usd":10381.487954164992,"decision":"ALLOW","cert_hash":"068be6d5a0d39bd30a6faf0bf2bbb35ab0102982fef4f3cfa18caf3e59ed341b","prev_hash":"205f0f4872763c4ee21acb16cce180daa1fa710340daeb8268d23abd453a765b","record_hash":"ce5b15032d7ffdbc6756ffdcbe4fb8c7b5020747a0ae48c0387fcecb679f2ef3","signature_hex":"1300dee7877dd0e8b6a898d2beb5e945abdd4913afc4eef845259ea4234837b8f323d87de51acf8601c7461afbf73706476b8a8c379474c917f693bf56f9b703","public_key_hex":"c2f8243b0d573587f285c830a868acd19249d17d59ecbf9329e796dfed6fb630"}
{"seq":106,"ts":1780682400000,"agent_id":"baseline-momentum","symbol":"ETHUSDT","side":"sell","price":1551.571541425538,"quantity":0.15030544653180083,"notional_usd":233.20965336,"fee_usd":0.139925792016,"balance_before_usd":10537.067430135536,"balance_after_usd":10536.878135230818,"decision":"ALLOW","cert_hash":"e3d8230db095184d84a1df439d00e32f0c9f3b22e3a427439a9cb42d89044cbc","prev_hash":"ce5b15032d7ffdbc6756ffdcbe4fb8c7b5020747a0ae48c0387fcecb679f2ef3","record_hash":"2a80e53b79e0cbbe18d6377fc9ea03e14972f31022ba97e53c60eda5c4c05467","signature_hex":"4f95e7019b828f8cbb4d9ab33f430466f5008bed8ede86516f4c44980d6807d96c3587e33bd918534e8e62cbd43ce4ed02b6dc78a26b282ab9160b55cbb8db0c","public_key_hex":"c2f8243b0d573587f285c830a868acd19249d17d59ecbf9329e796dfed6fb630"}
{"seq":107,"ts":1780689600000,"agent_id":"baseline-momentum","symbol":"ETHUSDT","side":"buy","price":1602.6010268017883,"quantity":0.16011259006995268,"notional_usd":256.59660125,"fee_usd":0.15395796074999998,"balance_before_usd":10365.909745438228,"balance_after_usd":10365.70118479296,"decision":"ALLOW","cert_hash":"efdec923f1f34871ae43be8396c3ec818b1b966608ebde5f878cf14d3b44bd73","prev_hash":"2a80e53b79e0cbbe18d6377fc9ea03e14972f31022ba97e53c60eda5c4c05467","record_hash":"25433011871514d610cbc80d277abf2d005b1ae6f2109a613e120505c7f480b4","signature_hex":"4d8712580419e621b60acaa6fb6ad444642851d2fd374464ee666b0ad7a69e2f1201af7fd10b8eb52a7fef4cf371e23bb980c35de51e1a3174476a08f3c38305","public_key_hex":"c2f8243b0d573587f285c830a868acd19249d17d59ecbf9329e796dfed6fb630"}
{"seq":108,"ts":1780718400000,"agent_id":"baseline-momentum","symbol":"ETHUSDT","side":"sell","price":1521.0859071845703,"quantity":0.25777267937860315,"notional_usd":392.09438986,"fee_usd":0.23525663391600002,"balance_before_usd":10627.20336670577,"balance_after_usd":10626.881990071659,"decision":"ALLOW","cert_hash":"77229bdb5d75682a0e637eb35583b7faf01f1c086462c4f64e8e936b220493ef","prev_hash":"25433011871514d610cbc80d277abf2d005b1ae6f2109a613e120505c7f480b4","record_hash":"ca2d05bccb548f5b6a2fc7c2359b91a68b1b91096b4153c715924474e98611c8","signature_hex":"057aee0e271754019dce3fa70997c1add4ddf1a53f5f603d4bfd519b847ca48353f1618019a104164d61544bdf3cfa4b5caa27936de8f8d700a92251b1c7ad0d","public_key_hex":"c2f8243b0d573587f285c830a868acd19249d17d59ecbf9329e796dfed6fb630"}
{"seq":109,"ts":1780722000000,"agent_id":"baseline-momentum","symbol":"ETHUSDT","side":"buy","price":1566.1514117700772,"quantity":0.14867842891820257,"notional_usd":232.85293135,"fee_usd":0.13971175881,"balance_before_usd":10471.811241383737,"balance_after_usd":10471.622255843627,"decision":"ALLOW","cert_hash":"e53a4b8e62ef6686b4b368572e291a48c36a5bdc09d7d44d9f1d1f73b95a1cc6","prev_hash":"ca2d05bccb548f5b6a2fc7c2359b91a68b1b91096b4153c715924474e98611c8","record_hash":"e522006f6143ec4174590100608ff09226192a72b6b043a1eb6178328c4b6015","signature_hex":"ea6f5ff80c82c1525ecc967ffaa27e4560cea011daf56030bfdc4a876ee57a3da14023cc2f9a18ba788f6caaeddde390c1ae3d705fbf64bd79c247542f299b0a","public_key_hex":"c2f8243b0d573587f285c830a868acd19249d17d59ecbf9329e796dfed6fb630"}
{"seq":110,"ts":1780790400000,"agent_id":"baseline-momentum","symbol":"ETHUSDT","side":"buy","price":1564.6292792832,"quantity":1.2782580682091385,"notional_usd":2000.0,"fee_usd":1.2,"balance_before_usd":10477.173139805269,"balance_after_usd":10475.373279775275,"decision":"ALLOW_CAPPED","cert_hash":"1a5cac21cffe71d8aa467971512cde9aba5659fbf9ab0387803ac1982308ba7a","prev_hash":"e522006f6143ec4174590100608ff09226192a72b6b043a1eb6178328c4b6015","record_hash":"a36ef6018f060e7b148050b7530b83540cc3e3dfd64f7403babadb11e8092c52","signature_hex":"5c27150b6245b13c8c9d4b64da9f630ad04a5e504f09b752d40540f969f9f59482ac73dea2c5d05cba881b94431b9ce60729da7b75c851d595b8947b9060cd01","public_key_hex":"c2f8243b0d573587f285c830a868acd19249d17d59ecbf9329e796dfed6fb630"}
{"seq":111,"ts":1780794000000,"agent_id":"baseline-momentum","symbol":"ETHUSDT","side":"buy","price":1589.676791784,"quantity":1.2581173797948693,"notional_usd":2000.0,"fee_usd":1.2,"balance_before_usd":10423.649455538443,"balance_after_usd":10421.849595508449,"decision":"ALLOW_CAPPED","cert_hash":"cc5599e0de24f75314303c818138cf49013a78076d0b5d49b637aca2220852a1","prev_hash":"a36ef6018f060e7b148050b7530b83540cc3e3dfd64f7403babadb11e8092c52","record_hash":"3f4faf17da13ffef9d517e1817ad4e840d4cecdf1af9540556f171e8d9935200","signature_hex":"4e3d5ffb6f38ab4ae0226df70ab98802178c2cf95fa4ae9075685f9768092b9b19f48e62c55fb077bfcfa739e6979bb6325b1b1e7a7785af02bfe4ec8ed04b0e","public_key_hex":"c2f8243b0d573587f285c830a868acd19249d17d59ecbf9329e796dfed6fb630"}
{"seq":112,"ts":1780797600000,"agent_id":"baseline-momentum","symbol":"ETHUSDT","side":"buy","price":1592.127526833,"quantity":1.2561807809317413,"notional_usd":2000.0,"fee_usd":1.2,"balance_before_usd":10419.871145653633,"balance_after_usd":10418.071285623639,"decision":"ALLOW_CAPPED","cert_hash":"3448ef36a5a76b102b344b209696beef4dbfb924c75951b0ebeceb178f44e7e5","prev_hash":"3f4faf17da13ffef9d517e1817ad4e840d4cecdf1af9540556f171e8d9935200","record_hash":"8b61e64ff97b034499e01fde8f364bc4e32d46a21f5e8ddb72c04c2b0dce69e4","signature_hex":"49848e5e0efdc0a96590840ec341d79522f250dd2eb4b31f17dfd9c697b8726878e0c6388a20237c4c7bfcd56d4202145392445047f1bd5e36e90335939a570d","public_key_hex":"c2f8243b0d573587f285c830a868acd19249d17d59ecbf9329e796dfed6fb630"}
{"seq":113,"ts":1780801200000,"agent_id":"baseline-momentum","symbol":"ETHUSDT","side":"buy","price":1594.4682288797999,"quantity":1.2543366896718338,"notional_usd":2000.0,"fee_usd":1.2,"balance_before_usd":10419.121127157032,"balance_after_usd":10417.32126712704,"decision":"ALLOW_CAPPED","cert_hash":"197e65a8e358e16d4d38ab30123c1d8037a7bf00dde594ec682e6f385d2b7fa1","prev_hash":"8b61e64ff97b034499e01fde8f364bc4e32d46a21f5e8ddb72c04c2b0dce69e4","record_hash":"d319c05c0797ee8a37c492f60e200d85bb1df27dd0c86085ec83c01f27b09821","signature_hex":"784bdded5e65420dd7fc9e53d0cb16ae61abb51806302a8f04dcb0120780019912e71fea333d7daac20f527ebe030cb101c7a60ce23f60914c76b156344d6a01","public_key_hex":"c2f8243b0d573587f285c830a868acd19249d17d59ecbf9329e796dfed6fb630"}
{"seq":114,"ts":1780804800000,"agent_id":"baseline-momentum","symbol":"ETHUSDT","side":"buy","price":1596.3888049182,"quantity":1.2528276281055988,"notional_usd":2000.0,"fee_usd":1.2,"balance_before_usd":10420.591002008865,"balance_after_usd":10418.791141978872,"decision":"ALLOW_CAPPED","cert_hash":"3ade7337b14e3393c9f77b6b2d4e04aae64f491852fe1f766e3b556265c88175","prev_hash":"d319c05c0797ee8a37c492f60e200d85bb1df27dd0c86085ec83c01f27b09821","record_hash":"af8fc894dc56f0d07d7d0397236d8a3df9c4c6b09f6b6e9b05d435dd311f7b9d","signature_hex":"816154bcf4953c9fcc833a7509bf4b23dbabdd52132edfa4e7b694020c227914e3cb0553dedc3409d345070df879cbee6c2615c313ba14d40cde912a091c6f09","public_key_hex":"c2f8243b0d573587f285c830a868acd19249d17d59ecbf9329e796dfed6fb630"}
{"seq":115,"ts":1780808400000,"agent_id":"baseline-momentum","symbol":"ETHUSDT","side":"buy","price":1603.369229459982,"quantity":0.3004226530231178,"notional_usd":481.68843769,"fee_usd":0.289013062614,"balance_before_usd":10439.777425253505,"balance_after_usd":10439.38049152348,"decision":"ALLOW","cert_hash":"a0d128869f44ec9610c289311446b7624a59da50e83a380c40ff2675bc8c9e39","prev_hash":"af8fc894dc56f0d07d7d0397236d8a3df9c4c6b09f6b6e9b05d435dd311f7b9d","record_hash":"990be23d7901f389ae39f822c08f43c053e2a4847a7d8dc53fd1427481740b51","signature_hex":"1306a9737fcdbb5a084768e596da9bc977f10b7a1573d98e8acaef17df21235763a360e1b98b85a1a7b29d444837680959f1173fe180c387fc7d5b66261c3f03","public_key_hex":"c2f8243b0d573587f285c830a868acd19249d17d59ecbf9329e796dfed6fb630"}
{"seq":116,"ts":1780992000000,"agent_id":"baseline-momentum","symbol":"ETHUSDT","side":"sell","price":1673.9576954892002,"quantity":1.1947733239551892,"notional_usd":2000.0,"fee_usd":1.2,"balance_before_usd":10672.038639373908,"balance_after_usd":10670.238499343903,"decision":"ALLOW_CAPPED","cert_hash":"3d9a4461f8e18d8b8d793eb2c2f543d4949e0e4538c25bc068856cb336820023","prev_hash":"990be23d7901f389ae39f822c08f43c053e2a4847a7d8dc53fd1427481740b51","record_hash":"ee725f3d010a4778530fa7c51c454816fdbf5663ac0aac7a24c8044059972b92","signature_hex":"68c644d2571969fc76b595003ece0fdd831717513abfe8b8327f3bace59b264583d7e161b4f25778d6acc619b88d75c68fef63a72d4ec32d0db575a47dbeb405","public_key_hex":"c2f8243b0d573587f285c830a868acd19249d17d59ecbf9329e796dfed6fb630"}
{"seq":117,"ts":1780999200000,"agent_id":"baseline-momentum","symbol":"ETHUSDT","side":"sell","price":1673.4378514788,"quantity":1.1951444735354948,"notional_usd":2000.0,"fee_usd":1.2,"balance_before_usd":10669.166538129011,"balance_after_usd":10667.366398099004,"decision":"ALLOW_CAPPED","cert_hash":"d03c0251f590f6dccf2900ab51af117c6ac733e8bdcb87f7d9ba9e7747a465e6","prev_hash":"ee725f3d010a4778530fa7c51c454816fdbf5663ac0aac7a24c8044059972b92","record_hash":"24884401ba83c94382b5571f570862bdb244e3170e23d80d9ae944cc45732907","signature_hex":"17645cac69f36df588e0f16cb848f966f4152463073505b506c8aedfaa0f68f8e694f06eb51f6e0ae4a63f543005613c495d1f45620c2888808f32a517c9bd0c","public_key_hex":"c2f8243b0d573587f285c830a868acd19249d17d59ecbf9329e796dfed6fb630"}
{"seq":118,"ts":1781002800000,"agent_id":"baseline-momentum","symbol":"ETHUSDT","side":"sell","price":1670.5987034219997,"quantity":1.1971755969301696,"notional_usd":2000.0,"fee_usd":1.2,"balance_before_usd":10664.906050999438,"balance_after_usd":10663.10591096943,"decision":"ALLOW_CAPPED","cert_hash":"4f15bbf9271471c86cc34172f91c1391a2759afee2a6a5d7115b1f8588c0d846","prev_hash":"24884401ba83c94382b5571f570862bdb244e3170e23d80d9ae944cc45732907","record_hash":"6fae0387cdbf7fb25f0855b6bddf8c721ca6bb01e60c480ef03b68715b20f8c9","signature_hex":"8e3a21a4e25222e0c4f32f4e316dcb0c080c91dc05e46747910e74144a901b3e580b4bb937a8685cbf61ce6b9d8426a5e927f821b4f198c93b67ded823879505","public_key_hex":"c2f8243b0d573587f285c830a868acd19249d17d59ecbf9329e796dfed6fb630"}
{"seq":119,"ts":1781010000000,"agent_id":"baseline-momentum","symbol":"ETHUSDT","side":"sell","price":1665.3002933159999,"quantity":1.200984596007928,"notional_usd":2000.0,"fee_usd":1.2,"balance_before_usd":10664.859448806506,"balance_after_usd":10663.0593087765,"decision":"ALLOW_CAPPED","cert_hash":"cf6083519f6e28adaefc4a5b0d86807dd9d248fd9131c234e922e6d950794951","prev_hash":"6fae0387cdbf7fb25f0855b6bddf8c721ca6bb01e60c480ef03b68715b20f8c9","record_hash":"b6913d915f153bbc1801a5cf38d84358fe5b11ae4a78d4df2cd6f46f18f13720","signature_hex":"ec3ba2a99e0752508fdd9605116dad50aeff550bc27649310d16bd3ba9beccf9c1656550b62c3260948a99d46753141041689e477e0bc2db4e249edcce46da06","public_key_hex":"c2f8243b0d573587f285c830a868acd19249d17d59ecbf9329e796dfed6fb630"}
{"seq":120,"ts":1781013600000,"agent_id":"baseline-momentum","symbol":"ETHUSDT","side":"sell","price":1644.6164999022,"quantity":1.2160889788707174,"notional_usd":2000.0,"fee_usd":1.2,"balance_before_usd":10694.753094756408,"balance_after_usd":10692.952954726403,"decision":"ALLOW_CAPPED","cert_hash":"d2cb80fd20ab75882676018dcb2986da874dfa233e0d16a7ac72743900d7a90c","prev_hash":"b6913d915f153bbc1801a5cf38d84358fe5b11ae4a78d4df2cd6f46f18f13720","record_hash":"94d27c60a120510dc03d0c81a3ba57e33aa648e45833550568d5ced7f34c7d1f","signature_hex":"31a6b5878480667a5b0a4023179c8aca8efaeada14d9c1c69d8953dd5d11032cb4341e2e73e8130ab79874bfeb1d8dcf7a2cbe62e23bb49a53e574300ea41a0a","public_key_hex":"c2f8243b0d573587f285c830a868acd19249d17d59ecbf9329e796dfed6fb630"}
{"seq":121,"ts":1781017200000,"agent_id":"baseline-momentum","symbol":"ETHUSDT","side":"sell","price":1635.1221538585196,"quantity":0.5292318376568678,"notional_usd":865.35870228,"fee_usd":0.5192152213679999,"balance_before_usd":10719.305601226006,"balance_after_usd":10718.57583316008,"decision":"ALLOW","cert_hash":"85eb95a933327620553a4b628d30561dd09e94f615f1b4075ae70f4c88b90384","prev_hash":"94d27c60a120510dc03d0c81a3ba57e33aa648e45833550568d5ced7f34c7d1f","record_hash":"4a86a17508aa5b28fd0ebe428ba618064754c1f874493bfc81010879e349cf98","signature_hex":"eea078a59f25cefb2e7a741615c13437fa3b058ee19ee2be1c734872d029341b1c5ea5b76b73259fb43e9cf4c609bfa613d9eacfc1acf097a3ed596a3ba0e30f","public_key_hex":"c2f8243b0d573587f285c830a868acd19249d17d59ecbf9329e796dfed6fb630"}
{"seq":122,"ts":1781139600000,"agent_id":"baseline-momentum","symbol":"ETHUSDT","side":"buy","price":1642.5826598418,"quantity":1.217594735958447,"notional_usd":2000.0,"fee_usd":1.2,"balance_before_usd":10697.04488139414,"balance_after_usd":10695.245021364144,"decision":"ALLOW_CAPPED","cert_hash":"c4e6c33dc9b5aa8bb92101eddd948f6e04477b78e374ed61689c597ca03dba04","prev_hash":"4a86a17508aa5b28fd0ebe428ba618064754c1f874493bfc81010879e349cf98","record_hash":"c4e44a0775b86fbf683dcb3e745bf124ad5b72811d2bfd415d31abe52bf25db0","signature_hex":"0732a7bd45b465de3cd274edaea7aae31bdf3218da1fc0fcddf04e7863cdd6c3c65b224a73fb26e234fa52ffe26b0e8a6699a9c3b6a4f32d803642614f6fec0d","public_key_hex":"c2f8243b0d573587f285c830a868acd19249d17d59ecbf9329e796dfed6fb630"}
{"seq":123,"ts":1781146800000,"agent_id":"baseline-momentum","symbol":"ETHUSDT","side":"buy","price":1653.6159690624,"quantity":1.2094706615188289,"notional_usd":2000.0,"fee_usd":1.2,"balance_before_usd":10672.52799876321,"balance_after_usd":10670.728138733215,"decision":"ALLOW_CAPPED","cert_hash":"31ac27390dfaeda98e656c29bf66fe93901b1ebcac4a3377d850ecbf441bb3f0","prev_hash":"c4e44a0775b86fbf683dcb3e745bf124ad5b72811d2bfd415d31abe52bf25db0","record_hash":"3497ee1dafee60204ba581d0b6803283e91f25f588de184e95db1e85aac8576e","signature_hex":"0b8c35b021c7bfb9952de47341f444de2da1edf2d937bb74e65afeb2a18a87cbb0e76aac2ee92cb581c59f66c7828adaa0cb880966220bd32fbc3b72f4ec4d0e","public_key_hex":"c2f8243b0d573587f285c830a868acd19249d17d59ecbf9329e796dfed6fb630"}
{"seq":124,"ts":1781150400000,"agent_id":"baseline-momentum","symbol":"ETHUSDT","side":"buy","price":1656.4268121186,"quantity":1.2074182724934062,"notional_usd":2000.0,"fee_usd":1.2,"balance_before_usd":10668.339368381057,"balance_after_usd":10666.539508351061,"decision":"ALLOW_CAPPED","cert_hash":"185f54bf82492c230ddea670944b8934ed45859942ff2166aa85a0efaca3dd06","prev_hash":"3497ee1dafee60204ba581d0b6803283e91f25f588de184e95db1e85aac8576e","record_hash":"6e5b703e069a136f57cd2e8daf6fdec562347140c8cec9c04f3afaf407dd728d","signature_hex":"3f19cc5906b86ae900149e337beca28d1d61af91713930d39d837287b558304d7a9a0c0d5528257145ea005e7f590f53586be726b30ae806114fc77a28d9f003","public_key_hex":"c2f8243b0d573587f285c830a868acd19249d17d59ecbf9329e796dfed6fb630"}
{"seq":125,"ts":1781154000000,"agent_id":"baseline-momentum","symbol":"ETHUSDT","side":"buy","price":1647.5041359401998,"quantity":1.2139574987219304,"notional_usd":2000.0,"fee_usd":1.2,"balance_before_usd":10663.352195560157,"balance_after_usd":10661.552335530163,"decision":"ALLOW_CAPPED","cert_hash":"589a4c5ada6c0e3c69cddbc2d4166c6e70d83eabe9c3138bf52622d4f0fb6ebb","prev_hash":"6e5b703e069a136f57cd2e8daf6fdec562347140c8cec9c04f3afaf407dd728d","record_hash":"9d63999c69db59d0c662283809faaa1ec93de1f824e7810c5f590371aac7c8fb","signature_hex":"dc51dc39e859ed29a43840987ea4e5bac89db7246bfc48ae67cfafeffe8da939057c80d7fa7d5d5e9b602e2dbeef4053e3423b0bba74f153023a8722dd9bde03","public_key_hex":"c2f8243b0d573587f285c830a868acd19249d17d59ecbf9329e796dfed6fb630"}
{"seq":126,"ts":1781157600000,"agent_id":"baseline-momentum","symbol":"ETHUSDT","side":"buy","price":1654.2861700757999,"quantity":1.2089806686278224,"notional_usd":2000.0,"fee_usd":1.2,"balance_before_usd":10672.205610950235,"balance_after_usd":10670.405750920243,"decision":"ALLOW_CAPPED","cert_hash":"c8d2eb5135b048f8dd837861f2c90c3da14178db57ae22bc2cbd4faf8ac36c20","prev_hash":"9d63999c69db59d0c662283809faaa1ec93de1f824e7810c5f590371aac7c8fb","record_hash":"fa10cc62c3a6a6e42a25cddcf4aa83577040cb838b0304fd70ead58c571d7147","signature_hex":"112d234c2fc68898b109365f5f06b93f38c33233ee03af8ddb26dea67c51b90820f2d87d9e3ee1ee9080268f2b9d042921060971e39d040c389f529042ac7b00","public_key_hex":"c2f8243b0d573587f285c830a868acd19249d17d59ecbf9329e796dfed6fb630"}
{"seq":127,"ts":1781161200000,"agent_id":"baseline-momentum","symbol":"ETHUSDT","side":"buy","price":1653.971716730839,"quantity":0.4459134524608213,"notional_usd":737.52823848,"fee_usd":0.442516943088,"balance_before_usd":10669.82189627213,"balance_after_usd":10669.204707569206,"decision":"ALLOW","cert_hash":"3eeda1ea9b88041b957feedec090352762b0d056e6f6c1b2a378287432d68828","prev_hash":"fa10cc62c3a6a6e42a25cddcf4aa83577040cb838b0304fd70ead58c571d7147","record_hash":"0324257fae76df91b8472c4cb011a820983fa68449091e0b5d02df78f5cb137a","signature_hex":"56b7f1d8c7c91315f6e480299cb0156e425fb1f1bd23dc98d000365d6849ab89e62566a84f56ab9dfd6961b6abb066f2898afb77ad5c9ce574d65db17f14ea0c","public_key_hex":"c2f8243b0d573587f285c830a868acd19249d17d59ecbf9329e796dfed6fb630"}
{"seq":128,"ts":1781269200000,"agent_id":"baseline-momentum","symbol":"ETHUSDT","side":"sell","price":1656.6328941426002,"quantity":1.2072680719255617,"notional_usd":2000.0,"fee_usd":1.2,"balance_before_usd":10680.657624138785,"balance_after_usd":10678.857484108777,"decision":"ALLOW_CAPPED","cert_hash":"a54d6dc1710413af931fc3b0f5e4a00b38c85fa91c077dbf5767c60f22995c2a","prev_hash":"0324257fae76df91b8472c4cb011a820983fa68449091e0b5d02df78f5cb137a","record_hash":"569312b85a16d574100028126d1874bad87a396f2979a8f50cf15d212ad24296","signature_hex":"5b9859ca0cca9f8782d22d0fc2cb513361b55141e6fe73651cfc6883ffb70071c011ca85f69de9f429da2ff29debf381cc0e8b5c5ae42457bdc05de4080f9808","public_key_hex":"c2f8243b0d573587f285c830a868acd19249d17d59ecbf9329e796dfed6fb630"}
{"seq":129,"ts":1781276400000,"agent_id":"baseline-momentum","symbol":"ETHUSDT","side":"sell","price":1658.6322941826002,"quantity":1.2058127693610543,"notional_usd":2000.0,"fee_usd":1.2,"balance_before_usd":10682.895295328068,"balance_after_usd":10681.095155298062,"decision":"ALLOW_CAPPED","cert_hash":"310c64c8da208519f00e3e9fa4d96e0db0e0cf20b29fa71f85a8d2afd209172a","prev_hash":"569312b85a16d574100028126d1874bad87a396f2979a8f50cf15d212ad24296","record_hash":"06e35390a4a1e3bfed3209a9e66433a1b02b940edc64e69ccda6ee6b281e2091","signature_hex":"a550cfb0c115ea2cb46c2143a64affeab706d8d5dfa90dd2e24122a7d49b8725c6e7c96456dfad30fd948ea5aa9f68db9f0e4f30fcef9054b3983e0755a74900","public_key_hex":"c2f8243b0d573587f285c830a868acd19249d17d59ecbf9329e796dfed6fb630"}
{"seq":130,"ts":1781301600000,"agent_id":"baseline-momentum","symbol":"ETHUSDT","side":"sell","price":1661.4214572384003,"quantity":1.20378847359079,"notional_usd":2000.0,"fee_usd":1.2,"balance_before_usd":10683.363684322456,"balance_after_usd":10681.56354429245,"decision":"ALLOW_CAPPED","cert_hash":"ea95328eee9fb879ead803d1a362489588dd58438adf92b150dd80af540bf8f1","prev_hash":"06e35390a4a1e3bfed3209a9e66433a1b02b940edc64e69ccda6ee6b281e2091","record_hash":"ca39063bae0bf9ea80bd87aa05fd57ec7ba16acd78410602c25599a048e60302","signature_hex":"a53df504e572ae714ee7a2b287777f1288272ffff8881cdd567e6427fcfcbf42e7402f0f94acfdb63ef417c4e57b7143b170e33b19486c318a919f7fc7762801","public_key_hex":"c2f8243b0d573587f285c830a868acd19249d17d59ecbf9329e796dfed6fb630"}
