{"seq":0,"ts":1781812320000,"agent_id":"benchmark-buyhold","symbol":"ETHUSDT","side":"buy","price":1705.2514560948,"quantity":1.1728475544481893,"notional_usd":2000.0,"fee_usd":1.2,"balance_before_usd":10000.0,"balance_after_usd":9998.200139970006,"decision":"ALLOW_CAPPED","cert_hash":"89439acf47a0e827b3ae1aaba7b53e93b5ea4e2757dbc255002f863701f01674","prev_hash":"0000000000000000000000000000000000000000000000000000000000000000","record_hash":"4887e74da3ee69c3fe9d8e4672d5920cdd8e69623892cb2b543194f129dfeb3d","signature_hex":"119a3b5a7a46ba73e67e5fb8ab2b3a7c5adb8facf143959479be55fb4e83373e072197f9f14cb0e2bc44f4a9635715b82751b1ae85223a24312c22579a30af0b","public_key_hex":"c2f8243b0d573587f285c830a868acd19249d17d59ecbf9329e796dfed6fb630"}
{"seq":1,"ts":1781812380000,"agent_id":"benchmark-buyhold","symbol":"ETHUSDT","side":"buy","price":1705.2414530945998,"quantity":1.1728544344089717,"notional_usd":2000.0,"fee_usd":1.2,"balance_before_usd":9998.188411494462,"balance_after_usd":9996.388551464468,"decision":"ALLOW_CAPPED","cert_hash":"675526f7016a202ad6f2e796f1bd7d782f86ef070d33b9e37be6ab3525f9810c","prev_hash":"4887e74da3ee69c3fe9d8e4672d5920cdd8e69623892cb2b543194f129dfeb3d","record_hash":"6b5ce796cff9bde1a20e1db379259bda9fa3dd4e1b523aced3457f3b25449f0e","signature_hex":"73e6e57a87c52dc6bc7d34c8ade061e0bde54a3190189ea57dcbc1cb774ecc151a70dd750048b8ad4776de36382512b412a413041b06a9f3e5bbb43fe997950c","public_key_hex":"c2f8243b0d573587f285c830a868acd19249d17d59ecbf9329e796dfed6fb630"}
{"seq":2,"ts":1781812440000,"agent_id":"benchmark-buyhold","symbol":"ETHUSDT","side":"buy","price":1706.8017147175583,"quantity":1.170364925313284,"notional_usd":1997.58086137,"fee_usd":1.198548516822,"balance_before_usd":10000.047846567086,"balance_after_usd":9998.250405093067,"decision":"ALLOW","cert_hash":"65f37c233da348b2465fb6183a9ff776d2553bad29026cc3fe8b8ecff4602f1a","prev_hash":"6b5ce796cff9bde1a20e1db379259bda9fa3dd4e1b523aced3457f3b25449f0e","record_hash":"f567fab6a64f3ecae3d301746667da0bbd4391b1bc0bedff2e5b35f9ba524803","signature_hex":"fde88bbcc4ce0b919013d412633ddfe38b0e13cd20e95ca32b2a057a4665a19584952717ae3a507552a781063bc183b91cc70fb90e64026d433d028ca46cce00","public_key_hex":"c2f8243b0d573587f285c830a868acd19249d17d59ecbf9329e796dfed6fb630"}
{"seq":3,"ts":1778349600000,"agent_id":"benchmark-buyhold","symbol":"ETHUSDT","side":"buy","price":2330.2389085908,"quantity":0.8582810941087109,"notional_usd":2000.0,"fee_usd":1.2,"balance_before_usd":10000.0,"balance_after_usd":9998.200139970006,"decision":"ALLOW_CAPPED","cert_hash":"fa50e26e978fac1a4f4a112477e98a75a792f3dd2c2bfd59393836e7e1bde553","prev_hash":"f567fab6a64f3ecae3d301746667da0bbd4391b1bc0bedff2e5b35f9ba524803","record_hash":"971f80163ef8cabe2d743b14e80151ff7ab92d844c538054bddb31fae00eb67c","signature_hex":"024e929b576a3b9788c3b1d0343646591450e4b2769ad0367e718f626dda0a1b637e92dc5bc5ca7a7d1104c0a27188c2210339770f30c041aa74b3f5dcbe290f","public_key_hex":"c2f8243b0d573587f285c830a868acd19249d17d59ecbf9329e796dfed6fb630"}
{"seq":4,"ts":1778353200000,"agent_id":"benchmark-buyhold","symbol":"ETHUSDT","side":"buy","price":2332.149481629,"quantity":0.8575779621994922,"notional_usd":2000.0,"fee_usd":1.2,"balance_before_usd":9999.839456859754,"balance_after_usd":9998.03959682976,"decision":"ALLOW_CAPPED","cert_hash":"a1081c12e7791424bb36b7f04141651ca53c4526b014f13a61197134da853aa2","prev_hash":"971f80163ef8cabe2d743b14e80151ff7ab92d844c538054bddb31fae00eb67c","record_hash":"9d345f7427ffa2f5516facdeed7f43bd4f76b8e48ed64be6d5164f8fa36aed55","signature_hex":"5c87275129a7230e17a64ec11b09fbb4aa0700b7a80cadc77a05b99f9b773372c4fe4ceb2a07a30871688e68e2f9dfe4b16f06ae7fc323a9e10e0ae039fc9c04","public_key_hex":"c2f8243b0d573587f285c830a868acd19249d17d59ecbf9329e796dfed6fb630"}
{"seq":5,"ts":1778356800000,"agent_id":"benchmark-buyhold","symbol":"ETHUSDT","side":"buy","price":2329.298626572,"quantity":0.85862756161213,"notional_usd":2000.0,"fee_usd":1.2,"balance_before_usd":9993.149398519283,"balance_after_usd":9991.349538489289,"decision":"ALLOW_CAPPED","cert_hash":"75fa0cc3e6c8027d8287e4fd64bcfd4435ad627d4c8d7ee4d94602d85f14807c","prev_hash":"9d345f7427ffa2f5516facdeed7f43bd4f76b8e48ed64be6d5164f8fa36aed55","record_hash":"0a249f49c6b09bba17d20734be2c8f57b3879e05dc3e424b7dd834acd1212386","signature_hex":"31db62c09c6f65b5acf7d15d9f2f3ea25df8a9ec042e4d8a0a5a408be25c7387f633817d330e2e9e3b5000507450725e48524fb691670e1b73f0a567a44ea00f","public_key_hex":"c2f8243b0d573587f285c830a868acd19249d17d59ecbf9329e796dfed6fb630"}
{"seq":6,"ts":1780437600000,"agent_id":"benchmark-buyhold","symbol":"ETHUSDT","side":"buy","price":1868.1278748692564,"quantity":0.25398809467109273,"notional_usd":474.48223954,"fee_usd":0.284689343724,"balance_before_usd":8804.794401155985,"balance_after_usd":8804.403576570408,"decision":"ALLOW","cert_hash":"b7ee63c1e8fe4c53bfca08e69c24e0c4ad9937c8dc57dfb07c16e255e0ace480","prev_hash":"0a249f49c6b09bba17d20734be2c8f57b3879e05dc3e424b7dd834acd1212386","record_hash":"fdda5b85380e32445011781d80c864363bc0657b64a1257df0de84adffa6ceea","signature_hex":"8399fbf50ec0000cd4570f543a0a4d903c5cec8d3ab7d985f777bb9bf2f51aa1273fd39373eb9b9a7813ce4b478b39d4210d9c2912e7ae3b3a5aa045c98cb10c","public_key_hex":"c2f8243b0d573587f285c830a868acd19249d17d59ecbf9329e796dfed6fb630"}
{"seq":7,"ts":1780718400000,"agent_id":"benchmark-buyhold","symbol":"ETHUSDT","side":"buy","price":1521.7540962104347,"quantity":0.25737446329557273,"notional_usd":391.66064378,"fee_usd":0.23499638626799996,"balance_before_usd":7824.931068347124,"balance_after_usd":7824.610084128006,"decision":"ALLOW","cert_hash":"adc123879665ba4fa0090ca0a8bfbffbe6c46389448a87fb1ccd34f1d311adfb","prev_hash":"fdda5b85380e32445011781d80c864363bc0657b64a1257df0de84adffa6ceea","record_hash":"f4bb97e4b11fa3e668492269ee3b4fe352e8db66a283a3c536389b93a252ae97","signature_hex":"3a7230c22c6cf6522cf9a05f156e9ea078a3dd0aa9bd444853174439c1d6045651174182f82fd0523b8640e2b69ce8e53424b34788683e9820b83e25f5d5d206","public_key_hex":"c2f8243b0d573587f285c830a868acd19249d17d59ecbf9329e796dfed6fb630"}
{"seq":8,"ts":1778356800000,"agent_id":"benchmark-buyhold","symbol":"ETHUSDT","side":"buy","price":2329.298626572,"quantity":0.85862756161213,"notional_usd":2000.0,"fee_usd":1.2,"balance_before_usd":10000.0,"balance_after_usd":9998.200139970006,"decision":"ALLOW_CAPPED","cert_hash":"70f60d0bcf8970b32500fccb1816e65627c777d87651742c9e398b0c55807490","prev_hash":"f4bb97e4b11fa3e668492269ee3b4fe352e8db66a283a3c536389b93a252ae97","record_hash":"b84568bb95dd0855b93b51a883cb28748a62795981f6cc67306c21b4f0492210","signature_hex":"c6a97ae07291e3847b5f4377804083f2427a6e62ce5c1f2fa73b68dcd7525b49deb9485b0086188b756f87c829e276db7d48e708fb10ffdea2a500b48fc57d0b","public_key_hex":"c2f8243b0d573587f285c830a868acd19249d17d59ecbf9329e796dfed6fb630"}
{"seq":9,"ts":1778360400000,"agent_id":"benchmark-buyhold","symbol":"ETHUSDT","side":"buy","price":2330.8190826024,"quantity":0.8580674557404795,"notional_usd":2000.0,"fee_usd":1.2,"balance_before_usd":9999.505253863657,"balance_after_usd":9997.705393833663,"decision":"ALLOW_CAPPED","cert_hash":"6040b9014027c0af1cda00f9d62a3278c8f2c133f29d676f592480f0d2b4fb14","prev_hash":"b84568bb95dd0855b93b51a883cb28748a62795981f6cc67306c21b4f0492210","record_hash":"bbc2632bbcdfe0d0e346d3e4cc155f8458103a329fd8a11c9d028476e7cc5d47","signature_hex":"e174a5723788dc915362b0b1e44a53c2c8b1e809ee29ebfa9483964c27f48f2138532edd5219d8ccb44b8d39932c20be63c1f563fcb042908bfe2bfa0e71010a","public_key_hex":"c2f8243b0d573587f285c830a868acd19249d17d59ecbf9329e796dfed6fb630"}
{"seq":10,"ts":1778364000000,"agent_id":"benchmark-buyhold","symbol":"ETHUSDT","side":"buy","price":2329.968722934667,"quantity":0.8579950018608278,"notional_usd":1999.10151877,"fee_usd":1.199460911262,"balance_before_usd":9996.246203068913,"balance_after_usd":9994.447241372021,"decision":"ALLOW","cert_hash":"b34a0417a9007a9b41587a276c04e2fe48262330a67850ec8a2dee9b290a48c8","prev_hash":"bbc2632bbcdfe0d0e346d3e4cc155f8458103a329fd8a11c9d028476e7cc5d47","record_hash":"2a2b49ec8b0bb010d2ec80c909efc046a8cdf68179557f7c944c2e4161cbdc53","signature_hex":"8e9d59cb7097b9fc6be3a82361aab1e749f7c640b991b6f1f0208c557b91180cd653cf4eb4dea29d18f98d2dc9b0ea069f11f280a62ccabfb11c2dfa5bd77d01","public_key_hex":"c2f8243b0d573587f285c830a868acd19249d17d59ecbf9329e796dfed6fb630"}
{"seq":11,"ts":1780437600000,"agent_id":"benchmark-buyhold","symbol":"ETHUSDT","side":"buy","price":1868.1262920333832,"quantity":0.24491623185817457,"notional_usd":457.53445208,"fee_usd":0.274520671248,"balance_before_usd":8777.18124644386,"balance_after_usd":8776.804769096443,"decision":"ALLOW","cert_hash":"97c54716f64bb291a4ac0c460001c04b11898d6bd59435ac81164154fd46b203","prev_hash":"2a2b49ec8b0bb010d2ec80c909efc046a8cdf68179557f7c944c2e4161cbdc53","record_hash":"5e8ab222f2052cccca6bb8d9c277212eb402393ea49bd6a2a772798c3567eec6","signature_hex":"4094f1c5b5fdcb7bb811449e020cf7e129bd3210e2f9781dbb5d456b8bd63bc956a2acb3f5074a9f2b9de4d243ca855de5d495db65f5a990313395e685356804","public_key_hex":"c2f8243b0d573587f285c830a868acd19249d17d59ecbf9329e796dfed6fb630"}
{"seq":12,"ts":1780718400000,"agent_id":"benchmark-buyhold","symbol":"ETHUSDT","side":"buy","price":1521.7540098253999,"quantity":0.2566283186957446,"notional_usd":390.52517301,"fee_usd":0.234315103806,"balance_before_usd":7800.550859185942,"balance_after_usd":7800.230827702215,"decision":"ALLOW","cert_hash":"cfa8b8e2cdc0ad529fde124ab46702b128cb0065811bd9268358e542c871a0b9","prev_hash":"5e8ab222f2052cccca6bb8d9c277212eb402393ea49bd6a2a772798c3567eec6","record_hash":"3cc342cac1eee5fb9560568ea8db30b01e77b3a62b3ca918caab2db99620b73a","signature_hex":"84fdd25b0ca2365a68695fc8c53b8ca5b7462ed0f9933729793bcd38d0569efb0645c17d3526d064348cfd601892dd5cc98f078badcf7936d4d882842dece000","public_key_hex":"c2f8243b0d573587f285c830a868acd19249d17d59ecbf9329e796dfed6fb630"}
