{"seq":0,"ts":1778356800000,"agent_id":"funding-carry","symbol":"ETHUSDT","side":"sell","price":2327.9014665719997,"quantity":0.8591428927381287,"notional_usd":2000.0,"fee_usd":1.2,"balance_before_usd":10000.0,"balance_after_usd":9998.199859969993,"decision":"ALLOW_CAPPED","cert_hash":"cf1aed11ac457ef6ad5bc747a310604f77484c0643875e8af763fb5a6202d5a0","prev_hash":"0000000000000000000000000000000000000000000000000000000000000000","record_hash":"4af26e1d10e920d71e1ac52831d3cddf3359ca4d5385e729f2dd6f1ac0a997dd","signature_hex":"808424238ef638b26370b9cf97e155e0d00c2c303d6ad03916acde239a9c62dfe01be83e2da9f3012d7f5d9ce42c97e97d6aca455a6c24cef1a5bf5a79070106","public_key_hex":"c2f8243b0d573587f285c830a868acd19249d17d59ecbf9329e796dfed6fb630"}
{"seq":1,"ts":1778360400000,"agent_id":"funding-carry","symbol":"ETHUSDT","side":"sell","price":2329.4210106023997,"quantity":0.8585824507021125,"notional_usd":2000.0,"fee_usd":1.2,"balance_before_usd":9996.89396277303,"balance_after_usd":9995.093822743023,"decision":"ALLOW_CAPPED","cert_hash":"7731d22d1a7385b9985ee733db3090c499a1be50b9cf92484bce66ea1912f47a","prev_hash":"4af26e1d10e920d71e1ac52831d3cddf3359ca4d5385e729f2dd6f1ac0a997dd","record_hash":"fd0be3c7e16720ec96d2c712c604faad5509e2f1e940e88d082a7a75c01b2c28","signature_hex":"c1b4c7c79601a00e727f5c3861663cba916ac5bdb6169d790b907392f02f8e252e38e396cc48133719649d6f33eea78c19d149da2c7bcfa50652b9e9d7231d04","public_key_hex":"c2f8243b0d573587f285c830a868acd19249d17d59ecbf9329e796dfed6fb630"}
{"seq":2,"ts":1778364000000,"agent_id":"funding-carry","symbol":"ETHUSDT","side":"sell","price":2328.688039913572,"quantity":0.4282371948657458,"notional_usd":997.23083393,"fee_usd":0.5983385003580001,"balance_before_usd":9996.553889284947,"balance_after_usd":9995.706333829654,"decision":"ALLOW","cert_hash":"b6e4378e0ea6b09f8eedb4409148bd443a710acaf7c32080bff612316a99d530","prev_hash":"fd0be3c7e16720ec96d2c712c604faad5509e2f1e940e88d082a7a75c01b2c28","record_hash":"a603c3babf3c72e100974f97e10bf94b2b0abd5c029f51150807bbc0151ff53e","signature_hex":"42eee926ab181b29ccafdd70749286360f494f65f0bcb45ecdd435283c24fb67eead080e8237fb4a66b730dadca56608d84d700c2e6b85246544c09bbd2d2b08","public_key_hex":"c2f8243b0d573587f285c830a868acd19249d17d59ecbf9329e796dfed6fb630"}
{"seq":3,"ts":1778457600000,"agent_id":"funding-carry","symbol":"ETHUSDT","side":"buy","price":2352.5355960365996,"quantity":0.8501465411913304,"notional_usd":2000.0,"fee_usd":1.2,"balance_before_usd":9949.083824073941,"balance_after_usd":9947.283964043949,"decision":"ALLOW_CAPPED","cert_hash":"60ec55353cc951b1fc13c9b754c6a9865b74dd1eb5f2303feb34767520c3d230","prev_hash":"a603c3babf3c72e100974f97e10bf94b2b0abd5c029f51150807bbc0151ff53e","record_hash":"a334f65b87e546f550fd623c7343e0931bb1ccf29b6b64f4d4fcce19c49b641c","signature_hex":"c467e63df92f90134d570f679fcf3e7a3e784e6e9774b1cdaa5f86c0fdab87d9bd4a261d554a8cb8f4b9f49b45ddabda69ddf21e3a902a619128ad0193fb380a","public_key_hex":"c2f8243b0d573587f285c830a868acd19249d17d59ecbf9329e796dfed6fb630"}
{"seq":4,"ts":1778461200000,"agent_id":"funding-carry","symbol":"ETHUSDT","side":"buy","price":2358.9675251652,"quantity":0.8478285430656527,"notional_usd":2000.0,"fee_usd":1.2,"balance_before_usd":9938.951867182499,"balance_after_usd":9937.152007152505,"decision":"ALLOW_CAPPED","cert_hash":"58c12b472cc716288feece43e53ecd482215d110579df34988e91b24ca7377ad","prev_hash":"a334f65b87e546f550fd623c7343e0931bb1ccf29b6b64f4d4fcce19c49b641c","record_hash":"4551d719fa83c8020c8c96afa59fb98a2c11be56224da32bf895f01f0d7e282c","signature_hex":"18f2c1eaab60f1323aee832201a7ae47c2352c14f809a60e585a8c41fea9c556224a03095dad3368a21a543056bf6480e4cd94ccb452ed9d81b64d2253e5f20c","public_key_hex":"c2f8243b0d573587f285c830a868acd19249d17d59ecbf9329e796dfed6fb630"}
{"seq":5,"ts":1778464800000,"agent_id":"funding-carry","symbol":"ETHUSDT","side":"buy","price":2345.65222878244,"quantity":0.4478743464606916,"notional_usd":1050.55745899,"fee_usd":0.630334475394,"balance_before_usd":9943.065441545952,"balance_after_usd":9942.169862991666,"decision":"ALLOW","cert_hash":"e98f9aa36f5a67f98f3c89c1bf3e498a8b3574ffc1056a6fe62adf2f62de2213","prev_hash":"4551d719fa83c8020c8c96afa59fb98a2c11be56224da32bf895f01f0d7e282c","record_hash":"8cc5e7fa1783a712e3b3793aa5a302394e4ad43b8e788707b55b565523830d75","signature_hex":"ac2c487d7ab665a3101b65d5f70a381719e13f4b8ec04471405b07747cd8904b15f1b954787676a7dcb9481aa662ef6db2d8f4f04781fc1c562ce95bea8e0009","public_key_hex":"c2f8243b0d573587f285c830a868acd19249d17d59ecbf9329e796dfed6fb630"}
{"seq":6,"ts":1778486400000,"agent_id":"funding-carry","symbol":"ETHUSDT","side":"sell","price":2329.2410645988,"quantity":0.8586487806681743,"notional_usd":2000.0,"fee_usd":1.2,"balance_before_usd":9942.171599531792,"balance_after_usd":9940.371459501785,"decision":"ALLOW_CAPPED","cert_hash":"6340e329b876312eb76950eca63399d2ca38c16be2477b8042fa30a8fca21839","prev_hash":"8cc5e7fa1783a712e3b3793aa5a302394e4ad43b8e788707b55b565523830d75","record_hash":"a9bd9c19bf4dbe2deb18bdbd81b749b63684c0db2581b2d3d4705907f4b6e8d6","signature_hex":"1f8237060f1b98ffefa106f8a93d2f88721dd47e8cde89bc883a05eb4010530a0f66b18e23240237ae4cc8b3afcc3575ff438fb596732cbaf08206a42c73de0f","public_key_hex":"c2f8243b0d573587f285c830a868acd19249d17d59ecbf9329e796dfed6fb630"}
{"seq":7,"ts":1778490000000,"agent_id":"funding-carry","symbol":"ETHUSDT","side":"sell","price":2334.8193907104,"quantity":0.8565973059661258,"notional_usd":2000.0,"fee_usd":1.2,"balance_before_usd":9935.579568165314,"balance_after_usd":9933.779428135307,"decision":"ALLOW_CAPPED","cert_hash":"3a3027a61c1f7846a84c3a64a1684123161a455d9d14b3d6bf46b3ba368d6794","prev_hash":"a9bd9c19bf4dbe2deb18bdbd81b749b63684c0db2581b2d3d4705907f4b6e8d6","record_hash":"4bc60da21c1da88389b945c4b396776de48296b22a42d3e46ae4ef7cb64552f5","signature_hex":"1d29a5a81b8df059935c0890e3a4d78e58e0f38197f33631e97601286834ee3c1b49d4dcbbcabb53790b1a71076a3c94279132fd7419b46d19f6c73223773a0c","public_key_hex":"c2f8243b0d573587f285c830a868acd19249d17d59ecbf9329e796dfed6fb630"}
{"seq":8,"ts":1778493600000,"agent_id":"funding-carry","symbol":"ETHUSDT","side":"sell","price":2328.6304259137023,"quantity":0.4195040452444051,"notional_usd":976.86988355,"fee_usd":0.58612193013,"balance_before_usd":9944.603344650852,"balance_after_usd":9943.774089047001,"decision":"ALLOW","cert_hash":"64ae30bcde2c8cf89fabf041701e7873e762ffa0b3f210cf1d6babefa4747af3","prev_hash":"4bc60da21c1da88389b945c4b396776de48296b22a42d3e46ae4ef7cb64552f5","record_hash":"14e56665b3d41bcc716320a946cb87ca13318a52e3c7dc5334f532aeeaeb27a0","signature_hex":"9e38895839da0241fb82cedb98bb595ca0fd2706e5a5016bef2603a240a6cd357c0b731063075a598fe17ce946326cd2b1c7330f5aa7880acf8353c3f35fbf0f","public_key_hex":"c2f8243b0d573587f285c830a868acd19249d17d59ecbf9329e796dfed6fb630"}
{"seq":9,"ts":1778598000000,"agent_id":"funding-carry","symbol":"ETHUSDT","side":"sell","price":2260.853172103785,"quantity":0.0961830783100574,"notional_usd":217.4558177,"fee_usd":0.13047349062,"balance_before_usd":10090.172214006248,"balance_after_usd":10089.995877740745,"decision":"ALLOW","cert_hash":"6b95bed94ef7c96e8895447f6a9fdd385b65154b58d855a19d0875a88b18f7fe","prev_hash":"14e56665b3d41bcc716320a946cb87ca13318a52e3c7dc5334f532aeeaeb27a0","record_hash":"c90353d8e99010dbffd51b43805503f181e335302c8623427d97b9b3608037b1","signature_hex":"a808b71080f9f52516f70daab04d2c8088403115879bf968c541b57af17a51028535aad596bb5f653fcbaae5ac94cc4ea37a29430e7548c494e5df815f98a605","public_key_hex":"c2f8243b0d573587f285c830a868acd19249d17d59ecbf9329e796dfed6fb630"}
{"seq":10,"ts":1778803200000,"agent_id":"funding-carry","symbol":"ETHUSDT","side":"buy","price":2291.0171448066,"quantity":0.8729746979561925,"notional_usd":2000.0,"fee_usd":1.2,"balance_before_usd":10029.065292280935,"balance_after_usd":10027.26543225094,"decision":"ALLOW_CAPPED","cert_hash":"e56a45815781f3c4702ef9d1b2826cd5e5b437bd6f3f7da79d67f2211dc87de9","prev_hash":"c90353d8e99010dbffd51b43805503f181e335302c8623427d97b9b3608037b1","record_hash":"1884123f7ed1124faa376a79a12f4a7516547905ae778ee4d39b9af3099014a6","signature_hex":"149b90e2cb87ea3aee53c71fe07808dd7f829812034f6cf2a91255c3725d86ef61bd951d502f3de3ea7a348e8ba70e8f86e3b16b069bc0080839d4705f3c8009","public_key_hex":"c2f8243b0d573587f285c830a868acd19249d17d59ecbf9329e796dfed6fb630"}
{"seq":11,"ts":1778806800000,"agent_id":"funding-carry","symbol":"ETHUSDT","side":"buy","price":2275.7625695016,"quantity":0.8788263006004212,"notional_usd":2000.0,"fee_usd":1.2,"balance_before_usd":10047.976024453208,"balance_after_usd":10046.176164423214,"decision":"ALLOW_CAPPED","cert_hash":"ada61b88574a3e82747ffddc9d11f47590c867d0d5027907d428c288ed0e05dc","prev_hash":"1884123f7ed1124faa376a79a12f4a7516547905ae778ee4d39b9af3099014a6","record_hash":"5069128ef0655e02848d0df9c18211e97059d7c28ed5cbf3324b9597f63275a8","signature_hex":"86f13cf7eab43cab62c10a4341704c80ce679abd624dde63a356215b2a200ab213ad31d79aa230de4c418ec5aace664f1ed7df92e6b48f113c2bb65de43e330d","public_key_hex":"c2f8243b0d573587f285c830a868acd19249d17d59ecbf9329e796dfed6fb630"}
{"seq":12,"ts":1778810400000,"agent_id":"funding-carry","symbol":"ETHUSDT","side":"buy","price":2276.579363927913,"quantity":0.4791233566608656,"notional_usd":1090.76234655,"fee_usd":0.6544574079300001,"balance_before_usd":10045.735258729532,"balance_after_usd":10044.80321453173,"decision":"ALLOW","cert_hash":"22059696c891ebcb230289b24b38b3d08a88d7e9e666cbd7052e2d2da9ba1126","prev_hash":"5069128ef0655e02848d0df9c18211e97059d7c28ed5cbf3324b9597f63275a8","record_hash":"4e13a009d8cb3317d5f241ac2769142928aab571ed62010135311cf26971176d","signature_hex":"33ee37c8682464e7c899fe9134ca2f0a56cf26fe0fa752dd986742e2b0fd4a70b6f22ca1c0e127e0e193ed1747964de2fe1200b786dbea831bb619a523c04e06","public_key_hex":"c2f8243b0d573587f285c830a868acd19249d17d59ecbf9329e796dfed6fb630"}
{"seq":13,"ts":1778832000000,"agent_id":"funding-carry","symbol":"ETHUSDT","side":"sell","price":2256.2929541394,"quantity":0.8864097174663403,"notional_usd":2000.0,"fee_usd":1.2,"balance_before_usd":10044.805563005822,"balance_after_usd":10043.005422975815,"decision":"ALLOW_CAPPED","cert_hash":"735e2a2c3ac1d639ca9360154f8dc1b3ed04db47c338ffb22092e967abdce256","prev_hash":"4e13a009d8cb3317d5f241ac2769142928aab571ed62010135311cf26971176d","record_hash":"006e5c2e8c930010a856edc6e7b46a0f6fca975811d1ecde69006babdefe8f10","signature_hex":"4be2422435a6b2b3a95d81c28343b5154cfa588b35e8531ca5b86b87dfe609e32388ce0bcdcd802c0225a2e56a06966a4fe84e7c5274fd05224dc1e0fdfece0e","public_key_hex":"c2f8243b0d573587f285c830a868acd19249d17d59ecbf9329e796dfed6fb630"}
{"seq":14,"ts":1778835600000,"agent_id":"funding-carry","symbol":"ETHUSDT","side":"sell","price":2253.1838870772003,"quantity":0.8876328343508496,"notional_usd":2000.0,"fee_usd":1.2,"balance_before_usd":10045.762536500697,"balance_after_usd":10043.96239647069,"decision":"ALLOW_CAPPED","cert_hash":"cb479050a54f5bf7befc224e600ed16dfc977c746875b7224008192294d069c8","prev_hash":"006e5c2e8c930010a856edc6e7b46a0f6fca975811d1ecde69006babdefe8f10","record_hash":"838df86f6016249912d24a50685fdcdfa50ec2aacc7e8bb790e2184a58580918","signature_hex":"f6f6cb797b8619276195814b6aa15509e73ae3a68ebb0cd6d6789393a3431b9ddf5a1d37d5542ad19256cbd34b44753b9a7c46d96d22bd5ae823b68e21ebe70d","public_key_hex":"c2f8243b0d573587f285c830a868acd19249d17d59ecbf9329e796dfed6fb630"}
{"seq":15,"ts":1778839200000,"agent_id":"funding-carry","symbol":"ETHUSDT","side":"sell","price":2261.424352454633,"quantity":0.4429185652497274,"notional_usd":1001.62682961,"fee_usd":0.600976097766,"balance_before_usd":10029.538438968808,"balance_after_usd":10028.686927071809,"decision":"ALLOW","cert_hash":"d26ea8ad82d69e8381c702d0e7c2a95a1c63c6922090ff938e2e7becdbab71ea","prev_hash":"838df86f6016249912d24a50685fdcdfa50ec2aacc7e8bb790e2184a58580918","record_hash":"6d0c383cb38f500da5adadcdc193e617d1409bbe171591a6b3abfff7fa3ee9ba","signature_hex":"3236ecc0136a6ed49bcac01893b5ea0661ea301e865d7d5cbbd4ffe5d31fab2a27b0fdb47dbb28ab2bf1a36a1c6871f3b7f4d8697df06275c2815df42839ff07","public_key_hex":"c2f8243b0d573587f285c830a868acd19249d17d59ecbf9329e796dfed6fb630"}
{"seq":16,"ts":1778914800000,"agent_id":"funding-carry","symbol":"ETHUSDT","side":"sell","price":2193.2563973435394,"quantity":0.1034340586649005,"notional_usd":226.85741087,"fee_usd":0.136114446522,"balance_before_usd":10181.03380862501,"balance_after_usd":10180.84974187412,"decision":"ALLOW","cert_hash":"4b74456d400fb74cc2ec46d5690c4f7696435de364a7372510ef8907f1d69ba7","prev_hash":"6d0c383cb38f500da5adadcdc193e617d1409bbe171591a6b3abfff7fa3ee9ba","record_hash":"6263aef9915d9bfe46ca9088159654a7c59abe55c013e9e6b0686af04155e341","signature_hex":"06722554b49e32b1d02984728328cab88f5c1f6198ec38c255a55d7af64a5f61ae577063dc6ceeeafec9b31000ebf67d19792c49d0f8ad08a700e06d1dfc2d0c","public_key_hex":"c2f8243b0d573587f285c830a868acd19249d17d59ecbf9329e796dfed6fb630"}
{"seq":17,"ts":1779058800000,"agent_id":"funding-carry","symbol":"ETHUSDT","side":"sell","price":2129.63029535025,"quantity":0.1045451631093476,"notional_usd":222.64254659,"fee_usd":0.133585527954,"balance_before_usd":10331.059385048196,"balance_after_usd":10330.878785074283,"decision":"ALLOW","cert_hash":"7f1e01a31124169a8b9126364282b9f6fdd6f6817cd8c70f9d0dc4e446d18be9","prev_hash":"6263aef9915d9bfe46ca9088159654a7c59abe55c013e9e6b0686af04155e341","record_hash":"36a71c272b596737c4fbef31d979aed80963b63a6148ccfad9feaf39123ba8cb","signature_hex":"c36ca5bea2f19dba3dbcf6372c4494e9f99c14dc21d8234377da88d1302a9aa5e777f54409d2dc5d4ae079a3173cda824b4a8fef36258b1d193299d8d26d4506","public_key_hex":"c2f8243b0d573587f285c830a868acd19249d17d59ecbf9329e796dfed6fb630"}
{"seq":18,"ts":1779091200000,"agent_id":"funding-carry","symbol":"ETHUSDT","side":"buy","price":2121.0461654081996,"quantity":0.942930914290164,"notional_usd":2000.0,"fee_usd":1.2,"balance_before_usd":10354.960210109235,"balance_after_usd":10353.16035007924,"decision":"ALLOW_CAPPED","cert_hash":"6fdd5eb7a9a17e687b2132ef7a067eb13c429a04e305ff49378ae1c21648e7ad","prev_hash":"36a71c272b596737c4fbef31d979aed80963b63a6148ccfad9feaf39123ba8cb","record_hash":"b31e4c3107dfdefe81d40683e2555a599c1cdaa73c1775aa75ce1ab18e64c87a","signature_hex":"7aa7be9b4fe4811c8d7be0b62397d41c13a5a33f080c7bad3115464d9593c0b875c5bfaaba1563a13872dbca01648e8b5748210535d64b6b1b20f39643201f04","public_key_hex":"c2f8243b0d573587f285c830a868acd19249d17d59ecbf9329e796dfed6fb630"}
{"seq":19,"ts":1779094800000,"agent_id":"funding-carry","symbol":"ETHUSDT","side":"buy","price":2116.534812318,"quantity":0.9449407533295553,"notional_usd":2000.0,"fee_usd":1.2,"balance_before_usd":10359.84476263511,"balance_after_usd":10358.044902605114,"decision":"ALLOW_CAPPED","cert_hash":"faf0bfabcc7cba819663830a4a6429d9da7df502fd01c1eb17cf6ee1802556ef","prev_hash":"b31e4c3107dfdefe81d40683e2555a599c1cdaa73c1775aa75ce1ab18e64c87a","record_hash":"574955c20dfd4b5d5a29082eb51071b7700a5df6191bbdb005147997d713992e","signature_hex":"aae1186bcf9abc7cb2394cb36f77b4d6f8586902aa1c5743040d00555383c42db7c362efe32f6bb5c1c61cf2d9b181ae4c56629aaa5e9e0890b94a4392135e00","public_key_hex":"c2f8243b0d573587f285c830a868acd19249d17d59ecbf9329e796dfed6fb630"}
{"seq":20,"ts":1779098400000,"agent_id":"funding-carry","symbol":"ETHUSDT","side":"buy","price":2114.042711498182,"quantity":0.5370527276127723,"notional_usd":1135.3524045,"fee_usd":0.6812114427,"balance_before_usd":10359.334160126189,"balance_after_usd":10358.361483993085,"decision":"ALLOW","cert_hash":"2e1a0bb443d46319646d75c0668caec0a7f4280c8812f21649888520f0054024","prev_hash":"574955c20dfd4b5d5a29082eb51071b7700a5df6191bbdb005147997d713992e","record_hash":"303f22ec8983ea9b732e7dd74d1d0e3a9f487c802dd2a7368867fa762dcbc84f","signature_hex":"30563b6aff1052ac5e643ff386f29aaf1053b51a168b10752b8237e7dbbbf97e484272f5c913e1bc8798d065929261935a64b768bdb6bf831b5ec202073c4e00","public_key_hex":"c2f8243b0d573587f285c830a868acd19249d17d59ecbf9329e796dfed6fb630"}
{"seq":21,"ts":1779235200000,"agent_id":"funding-carry","symbol":"ETHUSDT","side":"sell","price":2110.0868262144,"quantity":0.94782829557213,"notional_usd":2000.0,"fee_usd":1.2,"balance_before_usd":10358.361980804299,"balance_after_usd":10356.561840774291,"decision":"ALLOW_CAPPED","cert_hash":"15ff94c8a8a0b3e9114d42b023967512914fa7ef633dbc57c426fac4e3299cab","prev_hash":"303f22ec8983ea9b732e7dd74d1d0e3a9f487c802dd2a7368867fa762dcbc84f","record_hash":"36797772d6804cb8c480a5a4c45ff38704b39222fbd40237c23f693acc2f152e","signature_hex":"1eb0333a3f310b2927341f55ecd685db35da5a99045baa03418bb5adfc541c50a1d2d9915e98dafd637dd12e62e8ce1172f9d27a7cf84b826e2faa0ebb71b50d","public_key_hex":"c2f8243b0d573587f285c830a868acd19249d17d59ecbf9329e796dfed6fb630"}
{"seq":22,"ts":1779238800000,"agent_id":"funding-carry","symbol":"ETHUSDT","side":"sell","price":2113.6957432866,"quantity":0.9462099766971126,"notional_usd":2000.0,"fee_usd":1.2,"balance_before_usd":10353.13968278601,"balance_after_usd":10351.339542756003,"decision":"ALLOW_CAPPED","cert_hash":"1816279ed1b220ed54236b000cd59b45857793c623cea5b76da30c8e3410bff8","prev_hash":"36797772d6804cb8c480a5a4c45ff38704b39222fbd40237c23f693acc2f152e","record_hash":"24399f1e3916e899f4c112069a540568736f6f8756ae5e4c97698f28a97a0e6c","signature_hex":"188930d86db13207b3dfd4de11855d10537a7030f41f9a412454ba3cda5c3c989995aa6769f5d7a25a79cca43421f1bcd12110da89ae90c0a606cdd3f5a5d10b","public_key_hex":"c2f8243b0d573587f285c830a868acd19249d17d59ecbf9329e796dfed6fb630"}
{"seq":23,"ts":1779242400000,"agent_id":"funding-carry","symbol":"ETHUSDT","side":"sell","price":2108.033163518324,"quantity":0.5631284849327188,"notional_usd":1187.09352156,"fee_usd":0.712256112936,"balance_before_usd":10362.231055782018,"balance_after_usd":10361.210860469651,"decision":"ALLOW","cert_hash":"b7b821edada699347cdaa8f0a673d03f5c4c7f6dc86877932944b53aae4947e5","prev_hash":"24399f1e3916e899f4c112069a540568736f6f8756ae5e4c97698f28a97a0e6c","record_hash":"6aa3687a07ac57f67863b1c6121df308a3f1b2e2f79a7a2f3a106ab49d2b0c7a","signature_hex":"73dce59c384a3bef36fb5b214d0f39b37ceda6f2603a380a65905b7adb9e12418f955c4adbae298762bda6f68eac5ddd76cbaee4fe284df4a25927dc08c34908","public_key_hex":"c2f8243b0d573587f285c830a868acd19249d17d59ecbf9329e796dfed6fb630"}
{"seq":24,"ts":1779264000000,"agent_id":"funding-carry","symbol":"ETHUSDT","side":"buy","price":2131.4492856161996,"quantity":0.9383286825057169,"notional_usd":2000.0,"fee_usd":1.2,"balance_before_usd":10306.961973356112,"balance_after_usd":10305.162113326118,"decision":"ALLOW_CAPPED","cert_hash":"2293fa615c993ee8776b909ff174cbc0f14e59f7339500d296dcf9bbbf04f3f5","prev_hash":"6aa3687a07ac57f67863b1c6121df308a3f1b2e2f79a7a2f3a106ab49d2b0c7a","record_hash":"41baaea75146541551e9366dfe5ce1f6e37bda19bd228d1861955440fab3e6f0","signature_hex":"00ea9e4863d7421b9239d24bb11257947dcc80900c27d70835cc41d34a5028dfb6d5f3ac08584685f02589be408f6c3b5c800a32fc88115fb327f2de5d9c3c01","public_key_hex":"c2f8243b0d573587f285c830a868acd19249d17d59ecbf9329e796dfed6fb630"}
{"seq":25,"ts":1779267600000,"agent_id":"funding-carry","symbol":"ETHUSDT","side":"buy","price":2129.2486255722,"quantity":0.9392984811543712,"notional_usd":2000.0,"fee_usd":1.2,"balance_before_usd":10308.50386048402,"balance_after_usd":10306.704000454025,"decision":"ALLOW_CAPPED","cert_hash":"25206c647fa534e62c5875803167b40413fd84e8ff9ca547eff2880d38cecad1","prev_hash":"41baaea75146541551e9366dfe5ce1f6e37bda19bd228d1861955440fab3e6f0","record_hash":"fefb73aa22c0fca798f51ebe402f8b666554f54970d7ad407dedfa55a3ef134f","signature_hex":"50a2536fe1c2c3b9a8531ee2aa50166afb2a721fbef0d85c7bd1b828dc5a401e296cd76f50850324fb3395306b06b963d54a531284039ddf525e5faf361c2506","public_key_hex":"c2f8243b0d573587f285c830a868acd19249d17d59ecbf9329e796dfed6fb630"}
{"seq":26,"ts":1779271200000,"agent_id":"funding-carry","symbol":"ETHUSDT","side":"buy","price":2130.357466694544,"quantity":0.5795258111285883,"notional_usd":1234.59713888,"fee_usd":0.7407582833280001,"balance_before_usd":10306.01418422937,"balance_after_usd":10304.95035960771,"decision":"ALLOW","cert_hash":"6bafe1c5862c88d4127a7acd9af96788ddddd1696ac7063d8a0be50647f29ec9","prev_hash":"fefb73aa22c0fca798f51ebe402f8b666554f54970d7ad407dedfa55a3ef134f","record_hash":"a41f736978ec4e9ff2afd2c403b1a6e8a40c64c010df133bb432c5e9bcc10cba","signature_hex":"3cd3549e95fe5c439db3c151e2dcb41cc50bf237bd1a1e1e9ce79a88d5f910da98ee3fdd55e3005ae39b4b054eff261de3c80648ca99aa9f55459c82ff386b07","public_key_hex":"c2f8243b0d573587f285c830a868acd19249d17d59ecbf9329e796dfed6fb630"}
{"seq":27,"ts":1779465600000,"agent_id":"funding-carry","symbol":"ETHUSDT","side":"sell","price":2121.5733794442003,"quantity":0.9426965946018565,"notional_usd":2000.0,"fee_usd":1.2,"balance_before_usd":10304.951658872826,"balance_after_usd":10303.151518842818,"decision":"ALLOW_CAPPED","cert_hash":"e9377745b5f2d46a2a18e5fa198367fe290ca2d683b7e30b6fb203a906509b1f","prev_hash":"a41f736978ec4e9ff2afd2c403b1a6e8a40c64c010df133bb432c5e9bcc10cba","record_hash":"779f7757a95852628b31a0e6082a2c4ccd9a9c5ea3764bbd1f969f6be6600ed8","signature_hex":"470f9f585d2bbb3e07e6531af7a721a06902d86422b022f966032d8e6e7c055164746e28d740fb08bd7e8c583d1c979ecbb11cf79d9eb3a0bbab5afb240f3006","public_key_hex":"c2f8243b0d573587f285c830a868acd19249d17d59ecbf9329e796dfed6fb630"}
{"seq":28,"ts":1779469200000,"agent_id":"funding-carry","symbol":"ETHUSDT","side":"sell","price":2118.4743093822003,"quantity":0.9440756449783192,"notional_usd":2000.0,"fee_usd":1.2,"balance_before_usd":10306.074348520688,"balance_after_usd":10304.27420849068,"decision":"ALLOW_CAPPED","cert_hash":"9894fc3f2a989a37a0a76d322e6d89cc8a751aae59b2406610d5e23fe7e93b40","prev_hash":"779f7757a95852628b31a0e6082a2c4ccd9a9c5ea3764bbd1f969f6be6600ed8","record_hash":"400b43b65544dd43529a91f297037cf5e5fbc1c5f8667a85d41d97494664de5f","signature_hex":"6c823d6478e7f0bd88b2d0688d027efc7679cba56026785ccd406665cbe359237a4d121b6b91ee4357ffe5f3783519936f13882a6daf1555d2aebdd29686ac09","public_key_hex":"c2f8243b0d573587f285c830a868acd19249d17d59ecbf9329e796dfed6fb630"}
{"seq":29,"ts":1779472800000,"agent_id":"funding-carry","symbol":"ETHUSDT","side":"sell","price":2098.4331955224816,"quantity":0.57686535336599,"notional_usd":1210.51340685,"fee_usd":0.7263080441099999,"balance_before_usd":10342.257987164576,"balance_after_usd":10341.216246562319,"decision":"ALLOW","cert_hash":"03f70ca182f9e4bc3f0f0f45bfe96671dbd01548b60c745ba48f7e80aee5cbec","prev_hash":"400b43b65544dd43529a91f297037cf5e5fbc1c5f8667a85d41d97494664de5f","record_hash":"3d0897f060655c8a0d41d937ceab6ffb1597316af1507bd75d413da74fb862e8","signature_hex":"48b46021e615981db272fc0b220d855afadd671b3a02e0d790fd803e89c9991c6ac1152b0525d07497ee260092e28d9b3e6b3d7cdd23bc42764b0eccc4dd3e04","public_key_hex":"c2f8243b0d573587f285c830a868acd19249d17d59ecbf9329e796dfed6fb630"}
{"seq":30,"ts":1779494400000,"agent_id":"funding-carry","symbol":"ETHUSDT","side":"buy","price":2064.1591032707997,"quantity":0.9689175591313987,"notional_usd":2000.0,"fee_usd":1.2,"balance_before_usd":10428.451592655918,"balance_after_usd":10426.651732625924,"decision":"ALLOW_CAPPED","cert_hash":"6feb53dbfc3a0d43c842ac63495c207443e802f714acd845cf7d056277f5aa2b","prev_hash":"3d0897f060655c8a0d41d937ceab6ffb1597316af1507bd75d413da74fb862e8","record_hash":"4204db564204a7981be8802c5727aede2d160d6931259793e8162d4bf8049057","signature_hex":"42c2ebfda02818975fd906fdca86eb341e2680fe7ef990104298ecd1db9352b0f2135b6686da8aebc6490b6f19a01fcf56d944fd3199f8749776e3ae36dbc40c","public_key_hex":"c2f8243b0d573587f285c830a868acd19249d17d59ecbf9329e796dfed6fb630"}
{"seq":31,"ts":1779498000000,"agent_id":"funding-carry","symbol":"ETHUSDT","side":"buy","price":2068.5704263589996,"quantity":0.9668512971638611,"notional_usd":2000.0,"fee_usd":1.2,"balance_before_usd":10420.059348330156,"balance_after_usd":10418.259488300162,"decision":"ALLOW_CAPPED","cert_hash":"abb2f08a256fb8e17c435246af95a2131f403e567d7dcb053420b776ba3e1535","prev_hash":"4204db564204a7981be8802c5727aede2d160d6931259793e8162d4bf8049057","record_hash":"67b3e9a9deaacf6814aa9b61eaa93fe3941fc54ba6f5f61430f70bbb18232904","signature_hex":"14cbd1b0d9c81f4ab3b8a95bb346443b413c56d5f4834e036a35cf4c370a47cc02cf9b2f348405e7c5bea705be6d92d2a5017b249baf72a2e8db9e5d89abd609","public_key_hex":"c2f8243b0d573587f285c830a868acd19249d17d59ecbf9329e796dfed6fb630"}
{"seq":32,"ts":1779501600000,"agent_id":"funding-carry","symbol":"ETHUSDT","side":"buy","price":2067.6462671226454,"quantity":0.527886030974203,"notional_usd":1091.48158141,"fee_usd":0.6548889488459999,"balance_before_usd":10418.697745253105,"balance_after_usd":10417.765047241654,"decision":"ALLOW","cert_hash":"7729e23c786514a4dc26a40b0e0b5410954740f9f3bdfdd029fac2f8a1d4ba5f","prev_hash":"67b3e9a9deaacf6814aa9b61eaa93fe3941fc54ba6f5f61430f70bbb18232904","record_hash":"e0fdbe8102f4a429ea4b72edff473a191923226b70e3d075b00a215b4b36662d","signature_hex":"8c41772f88920414dd707424d5b88584fecf8b862af0dc26e776f3e5e9aee757e48bf2ca1b6b6486c63f9ccb74c6686a6a147b0eac232ac6c96937e86d6b890f","public_key_hex":"c2f8243b0d573587f285c830a868acd19249d17d59ecbf9329e796dfed6fb630"}
{"seq":33,"ts":1780070400000,"agent_id":"funding-carry","symbol":"ETHUSDT","side":"sell","price":2038.88819079,"quantity":0.9809267663790175,"notional_usd":2000.0,"fee_usd":1.2,"balance_before_usd":10417.769051063156,"balance_after_usd":10415.96891103315,"decision":"ALLOW_CAPPED","cert_hash":"e1413a5b53163907f77d27c7df7d921322929309c65fe96fee14ea23cc85aeb6","prev_hash":"e0fdbe8102f4a429ea4b72edff473a191923226b70e3d075b00a215b4b36662d","record_hash":"635d6e22e8828668ae9d5b82eec88757fac10f09d3671b353ddabb52bfc73869","signature_hex":"2b7a0ecdd3e964797b6878476f7801a8b131aa1f914b4eeb4cebadaeec07e971c820712d2594160b83adce9c2a71bc8766ced42e382689b2f88ed850bb73df0f","public_key_hex":"c2f8243b0d573587f285c830a868acd19249d17d59ecbf9329e796dfed6fb630"}
{"seq":34,"ts":1780074000000,"agent_id":"funding-carry","symbol":"ETHUSDT","side":"sell","price":2026.7918205480003,"quantity":0.9867811680132218,"notional_usd":2000.0,"fee_usd":1.2,"balance_before_usd":10427.83975107686,"balance_after_usd":10426.039611046854,"decision":"ALLOW_CAPPED","cert_hash":"a967dd25060f912a83056089f30e70972141009d5693fb8ca1aa2ec8dcccffda","prev_hash":"635d6e22e8828668ae9d5b82eec88757fac10f09d3671b353ddabb52bfc73869","record_hash":"df7a60a8ac846d4be5e1981fc0daea828129d8503805693075763e307e88effe","signature_hex":"d0df4fdc253eb2932d244028a7224684478b4195f6e462df994dca7bb5a52aada5e3c0e1083e0beb633454c484ea26e584c40a1be63a9fe7981a9c248f7f5d01","public_key_hex":"c2f8243b0d573587f285c830a868acd19249d17d59ecbf9329e796dfed6fb630"}
{"seq":35,"ts":1780077600000,"agent_id":"funding-carry","symbol":"ETHUSDT","side":"sell","price":2009.989934975664,"quantity":0.6334569213628504,"notional_usd":1273.24203618,"fee_usd":0.763945221708,"balance_before_usd":10459.256789554474,"balance_after_usd":10458.157070974328,"decision":"ALLOW","cert_hash":"b90c7e89ac7074d47700672bce31bcea0732d9fde7203fe8c3c9e333c6fe50bb","prev_hash":"df7a60a8ac846d4be5e1981fc0daea828129d8503805693075763e307e88effe","record_hash":"cc29bb2106f46eda54eb4877893b844b42d126f7a14784781a6e6b39301074df","signature_hex":"c4f392af71cab0695c3ca49814bd23b75708ef87f0d0e11574a34eed5522da12f26e0d58eac6dd8bb3a9e305ce0173533e6f83fdca16a6b180ef9e54788d1006","public_key_hex":"c2f8243b0d573587f285c830a868acd19249d17d59ecbf9329e796dfed6fb630"}
{"seq":36,"ts":1780099200000,"agent_id":"funding-carry","symbol":"ETHUSDT","side":"buy","price":2014.654255281,"quantity":0.9927261686502352,"notional_usd":2000.0,"fee_usd":1.2,"balance_before_usd":10449.388377215384,"balance_after_usd":10447.58851718539,"decision":"ALLOW_CAPPED","cert_hash":"79b49a127212fc22258734fe43f0d66f6a5b13641cb198049512e549429807af","prev_hash":"cc29bb2106f46eda54eb4877893b844b42d126f7a14784781a6e6b39301074df","record_hash":"24e059e4f4f021926db17dc83951b739cccb0bbbcbb2e277475839ba4bcfced2","signature_hex":"c86302e41495f19954b867ad39aa45c2329e16132f6d69e17efb6bb2e7cc5db5e69781ef1e57549d328a0d2c52ef10f67fb6e2d0b1efca991bd4a14dc16fa10f","public_key_hex":"c2f8243b0d573587f285c830a868acd19249d17d59ecbf9329e796dfed6fb630"}
{"seq":37,"ts":1780102800000,"agent_id":"funding-carry","symbol":"ETHUSDT","side":"buy","price":2019.4256863763999,"quantity":0.9903805886458458,"notional_usd":2000.0,"fee_usd":1.2,"balance_before_usd":10439.915623587287,"balance_after_usd":10438.115763557293,"decision":"ALLOW_CAPPED","cert_hash":"0d64c1bc902f1f926b207ff53d30811f6bf1692b2b0c8f27d143ba6baf3cfe19","prev_hash":"24e059e4f4f021926db17dc83951b739cccb0bbbcbb2e277475839ba4bcfced2","record_hash":"55dd59a589c16f5b0ac589fed98a115e813c3a634757160a70d2782cc4a6ff60","signature_hex":"598961124f697f23731261681925f804b6fb92b130dbfac51784ec68e847231e396729a277537ad39864d1f9489a55a3fdda9fc85057d256c4271b9cfd53a00a","public_key_hex":"c2f8243b0d573587f285c830a868acd19249d17d59ecbf9329e796dfed6fb630"}
{"seq":38,"ts":1780106400000,"agent_id":"funding-carry","symbol":"ETHUSDT","side":"buy","price":2021.120348144937,"quantity":0.6180302771215406,"notional_usd":1249.11356886,"fee_usd":0.749468141316,"balance_before_usd":10437.021562845184,"balance_after_usd":10435.94432349288,"decision":"ALLOW","cert_hash":"935b451451ab7e711ac09ee8dec41632e4d723d95bf44579b9256481930c0bd1","prev_hash":"55dd59a589c16f5b0ac589fed98a115e813c3a634757160a70d2782cc4a6ff60","record_hash":"e033064223a84d7934d0e63b89dc8ec6a5663bb29344f32cfa32f614206995aa","signature_hex":"2e045b829838ac908253f133a87163a78c06e3e6e0db744aff352df9369b104c4af636e6a35df822ac965805107043846cc7925d755cac4e81f39b54a3c66303","public_key_hex":"c2f8243b0d573587f285c830a868acd19249d17d59ecbf9329e796dfed6fb630"}
{"seq":39,"ts":1780272000000,"agent_id":"funding-carry","symbol":"ETHUSDT","side":"sell","price":2014.2955702980003,"quantity":0.99290294308899,"notional_usd":2000.0,"fee_usd":1.2,"balance_before_usd":10435.94534462202,"balance_after_usd":10434.145204592012,"decision":"ALLOW_CAPPED","cert_hash":"98473e5ff888dcc4affef85b28fea20b34e67be7ac916af3dcb384d075ec8ace","prev_hash":"e033064223a84d7934d0e63b89dc8ec6a5663bb29344f32cfa32f614206995aa","record_hash":"b24d7e50146b4c0c27aebdafa3af6be0feb4460ee2a5ede739911c42c01e0e75","signature_hex":"1526a75c2bbe2d64ace289fea82d7aacf8ce6863bc576284a14ea9acf29f488960c804aeae1509264e7ffd62eed3b848c8115b40738aae2cf88455e35f37610f","public_key_hex":"c2f8243b0d573587f285c830a868acd19249d17d59ecbf9329e796dfed6fb630"}
{"seq":40,"ts":1780275600000,"agent_id":"funding-carry","symbol":"ETHUSDT","side":"sell","price":1993.7517348869999,"quantity":1.0031339233484626,"notional_usd":2000.0,"fee_usd":1.2,"balance_before_usd":10454.552693602984,"balance_after_usd":10452.752553572976,"decision":"ALLOW_CAPPED","cert_hash":"c264e8c6a4bde941093c19775132bd0c2161cd66cc8c44e8782a4f6508d62e8d","prev_hash":"b24d7e50146b4c0c27aebdafa3af6be0feb4460ee2a5ede739911c42c01e0e75","record_hash":"9549651f09992335f5e08b62615ae6ea0dcff9e00f60229a80543c489ff53c6c","signature_hex":"6da420d16e02166bdfa1b9813084f8f9b750cc1daae20ab85f3870a5e42661a4c6b5faab26f701a8d9b45333746f2854723816ed5ca3ac5461bf30a1ddbf8f0f","public_key_hex":"c2f8243b0d573587f285c830a868acd19249d17d59ecbf9329e796dfed6fb630"}
{"seq":41,"ts":1780279200000,"agent_id":"funding-carry","symbol":"ETHUSDT","side":"sell","price":2010.0876184210435,"quantity":0.5952821812115456,"notional_usd":1196.56934192,"fee_usd":0.717941605152,"balance_before_usd":10420.294356499116,"balance_after_usd":10419.26545044822,"decision":"ALLOW","cert_hash":"508712be01cc81699ce589b241c4237422d8ec6afe08d2a354821d537c4e1799","prev_hash":"9549651f09992335f5e08b62615ae6ea0dcff9e00f60229a80543c489ff53c6c","record_hash":"e68098d5886183c40ad0528675d804ca50bd2910f6c403110389509259d4ce59","signature_hex":"b4a92921c39a88959466c08b0ba895e99b24a50c592bae7094dc725af09c85c79f91c98ac878d50d5a8c4b7ed9504cf964a999d5f37e430cb81cac6d57422507","public_key_hex":"c2f8243b0d573587f285c830a868acd19249d17d59ecbf9329e796dfed6fb630"}
{"seq":42,"ts":1780387200000,"agent_id":"funding-carry","symbol":"ETHUSDT","side":"buy","price":1979.3136555744,"quantity":1.0104512715139111,"notional_usd":2000.0,"fee_usd":1.2,"balance_before_usd":10503.825793905396,"balance_after_usd":10502.025933875402,"decision":"ALLOW_CAPPED","cert_hash":"01b3bb8287c3567f8c71eafdcdc523eae1911b2a973ee9462f6884ade2fa841a","prev_hash":"e68098d5886183c40ad0528675d804ca50bd2910f6c403110389509259d4ce59","record_hash":"a9fe4133a106a11463462c92fed6db996280835519fce4d12d6136a57f6c6c05","signature_hex":"b60d487f3956919a3ea0596354a9866ab31c74cb117198e126be8cff498bcbd4e0b4756e2401e99ba3d16ce94fe187096974dcb8ca9999da052518da933bb503","public_key_hex":"c2f8243b0d573587f285c830a868acd19249d17d59ecbf9329e796dfed6fb630"}
{"seq":43,"ts":1780390800000,"agent_id":"funding-carry","symbol":"ETHUSDT","side":"buy","price":1975.1824164917998,"quantity":1.0125647045563921,"notional_usd":2000.0,"fee_usd":1.2,"balance_before_usd":10508.55558774125,"balance_after_usd":10506.755727711256,"decision":"ALLOW_CAPPED","cert_hash":"facfbcb3ee712fdb6ce57c12a12c785163c6e1a00312f0de360de52b6c2c957b","prev_hash":"a9fe4133a106a11463462c92fed6db996280835519fce4d12d6136a57f6c6c05","record_hash":"b51eb1c3dc057424dcf886877aba72198204c7b33f06fbc23a149f4fd2f1f284","signature_hex":"3973fb457448aa678409520086c16452e6e7952a65aea30ea265816aba51ac46211f30a6cd9b030a77972ebe319b990f54de5209e649d8af078093ca70d24604","public_key_hex":"c2f8243b0d573587f285c830a868acd19249d17d59ecbf9329e796dfed6fb630"}
{"seq":44,"ts":1780394400000,"agent_id":"funding-carry","symbol":"ETHUSDT","side":"buy","price":1983.3283432029234,"quantity":0.568319584895215,"notional_usd":1127.16434072,"fee_usd":0.676298604432,"balance_before_usd":10502.07725839781,"balance_after_usd":10501.112058395307,"decision":"ALLOW","cert_hash":"4092bc5583c8bfff0e6101c6f52c176943b924b3aa2157554c5310ae1a9b57ca","prev_hash":"b51eb1c3dc057424dcf886877aba72198204c7b33f06fbc23a149f4fd2f1f284","record_hash":"b5109827ac014bd8adc4d439013d2fb1db8f74d829c63d9c59c8b3aef7061b11","signature_hex":"1d2e0e595061d5dde1dbb4a5a3d528a0ddf1af3dcab340fb4200e5acb572dc7567ca8cc4060059d2b7a8c614c2c01e11e62b18953474c1e9053cff7d571ff40b","public_key_hex":"c2f8243b0d573587f285c830a868acd19249d17d59ecbf9329e796dfed6fb630"}
{"seq":45,"ts":1781308800000,"agent_id":"funding-carry","symbol":"ETHUSDT","side":"sell","price":1666.3899663378002,"quantity":1.200199257317523,"notional_usd":2000.0,"fee_usd":1.2,"balance_before_usd":10501.15802390571,"balance_after_usd":10499.357883875702,"decision":"ALLOW_CAPPED","cert_hash":"c751f83b852cb308953c6edf55ab8a9036203dcbeb4cd22b8b902485815ed571","prev_hash":"b5109827ac014bd8adc4d439013d2fb1db8f74d829c63d9c59c8b3aef7061b11","record_hash":"eba4ddee0ca7a08d18902de7781c9c6093b11da81c5f07c5732ce66d7d93ccb0","signature_hex":"6da5f172df85dd3f04d487ce127fb23a251482ad480e6a9e497acc9435b050bb91451e1f7de2d27a11b9a8791acc893208253a432cf3ed873deee5d5eab44509","public_key_hex":"c2f8243b0d573587f285c830a868acd19249d17d59ecbf9329e796dfed6fb630"}
{"seq":46,"ts":1781312400000,"agent_id":"funding-carry","symbol":"ETHUSDT","side":"sell","price":1672.9879864698,"quantity":1.1954658468410364,"notional_usd":2000.0,"fee_usd":1.2,"balance_before_usd":10491.435607142364,"balance_after_usd":10489.635467112359,"decision":"ALLOW_CAPPED","cert_hash":"dde3ce526bcdc759a7b874506d2ebc2651001513a4e3ae9da33207e44a5912ff","prev_hash":"eba4ddee0ca7a08d18902de7781c9c6093b11da81c5f07c5732ce66d7d93ccb0","record_hash":"38f90d20d6b1916bc3aaa914542815d06eb2f11d997ed00db5a7c394e2fef0ea","signature_hex":"8a99364607c6c819840531997396ef6b7caaee030b0310418b29a6b3dc2e302f10926425079984f653bb57832e823833a73f2c916b0faa0643cef269798f1504","public_key_hex":"c2f8243b0d573587f285c830a868acd19249d17d59ecbf9329e796dfed6fb630"}
{"seq":47,"ts":1781316000000,"agent_id":"funding-carry","symbol":"ETHUSDT","side":"sell","price":1666.971723251425,"quantity":0.754243208875574,"notional_usd":1257.30210165,"fee_usd":0.75438126099,"balance_before_usd":10504.2019968155,"balance_after_usd":10503.11704829329,"decision":"ALLOW","cert_hash":"c241b0b9d9db95b62eb90052aee46e57d0e681ae260b81ea3dff329655bf471a","prev_hash":"38f90d20d6b1916bc3aaa914542815d06eb2f11d997ed00db5a7c394e2fef0ea","record_hash":"499b190ea9b8175c26460415f7c68be9825547e29de014f53fb0edbbd14f0512","signature_hex":"4bd68b74f0f852ee95f000b9144a4a81a9ab4544a988aa256a181d409658a472a3fb7e988d841e22b7c2fedb5e812a96cb6fbef80586fb03a3b5c6e08eda9407","public_key_hex":"c2f8243b0d573587f285c830a868acd19249d17d59ecbf9329e796dfed6fb630"}
{"seq":48,"ts":1781366400000,"agent_id":"funding-carry","symbol":"ETHUSDT","side":"buy","price":1676.5228395203999,"quantity":1.192945275098153,"notional_usd":2000.0,"fee_usd":1.2,"balance_before_usd":10476.48535718738,"balance_after_usd":10474.685497157385,"decision":"ALLOW_CAPPED","cert_hash":"0bc4898faf20c3846489a5af43acdf1ebb694894cb7e16ce2fe37f5c451e1a5e","prev_hash":"499b190ea9b8175c26460415f7c68be9825547e29de014f53fb0edbbd14f0512","record_hash":"43377b565dd10748817a59d6440a2679353fe7d2ed3df17bdaefddc0af4fe906","signature_hex":"68f5352ecb907870fd091c4607f3a3c126777fdcccf1837f5c2fc673d19ef9b5e99a5afacda2bd4f8ce6b5dff705d95cef71bb6ac29733ea766b22c089d02e0e","public_key_hex":"c2f8243b0d573587f285c830a868acd19249d17d59ecbf9329e796dfed6fb630"}
{"seq":49,"ts":1781370000000,"agent_id":"funding-carry","symbol":"ETHUSDT","side":"buy","price":1674.3321824765999,"quantity":1.1945060967780516,"notional_usd":2000.0,"fee_usd":1.2,"balance_before_usd":10478.971565298456,"balance_after_usd":10477.17170526846,"decision":"ALLOW_CAPPED","cert_hash":"0187f2bb4633bb97b2c4a34c4b34a5806c2e9395b67968a3d9e953bd6a6f927e","prev_hash":"43377b565dd10748817a59d6440a2679353fe7d2ed3df17bdaefddc0af4fe906","record_hash":"2a23d617073c619e923b1a61cb74f152a73510eae8df4241103cd478631316bd","signature_hex":"1568dbe2829bdda5a8decb8654b18162ce22379fbfc1f0e27918f531c3646b7654f3c3ec1989868fc08879368a3ca2993b8046f5100ed5a9844344b8b5a90e00","public_key_hex":"c2f8243b0d573587f285c830a868acd19249d17d59ecbf9329e796dfed6fb630"}
{"seq":50,"ts":1781373600000,"agent_id":"funding-carry","symbol":"ETHUSDT","side":"buy","price":1678.052862009982,"quantity":0.7624013817583714,"notional_usd":1279.34982066,"fee_usd":0.7676098923960001,"balance_before_usd":10474.289067276268,"balance_after_usd":10473.183818775533,"decision":"ALLOW","cert_hash":"4238174adb017335ed01a43906fc667350c68fe06701dea32ff204b96ed22b78","prev_hash":"2a23d617073c619e923b1a61cb74f152a73510eae8df4241103cd478631316bd","record_hash":"a56367e02913d9bc83fc791615202c17016c4d4b88d2c37b702e3f2e3f3bea74","signature_hex":"bd3eda01a744b8b1c44275b3f9c4b57d3d35489bfd09f799c4e94ba762414985d6474fb1055b52ea724f5a0f075d25bc5e28cf0b508a0b3a15d3a8d770df4207","public_key_hex":"c2f8243b0d573587f285c830a868acd19249d17d59ecbf9329e796dfed6fb630"}
{"seq":51,"ts":1781452800000,"agent_id":"funding-carry","symbol":"ETHUSDT","side":"sell","price":1660.1618352132002,"quantity":1.2047018294112015,"notional_usd":2000.0,"fee_usd":1.2,"balance_before_usd":10473.187309536304,"balance_after_usd":10471.387169506299,"decision":"ALLOW_CAPPED","cert_hash":"0266d80b2e9eef04bfe94b5d623c44624295e31b05575c4b7741c3bf85108f59","prev_hash":"a56367e02913d9bc83fc791615202c17016c4d4b88d2c37b702e3f2e3f3bea74","record_hash":"3d61d7eca451a40cd5270ea2ac4ad881b11bece32d5c7ba9a7c22ed9fb085339","signature_hex":"5782efcb2916e7d2350215cf630ba7466547bd27d8a8b3c1b7e18ef8a03204161e68d4bf2e057c21b15e065281bccfa917f6f346a20790dac829642fcc50210d","public_key_hex":"c2f8243b0d573587f285c830a868acd19249d17d59ecbf9329e796dfed6fb630"}
{"seq":52,"ts":1781456400000,"agent_id":"funding-carry","symbol":"ETHUSDT","side":"sell","price":1661.101553232,"quantity":1.204020305747476,"notional_usd":2000.0,"fee_usd":1.2,"balance_before_usd":10470.254560600673,"balance_after_usd":10468.454420570666,"decision":"ALLOW_CAPPED","cert_hash":"82b40cfc3bb3e3184a2958c14ab75a9b8b8f8a2e39a75274faf4b90e55ebe0d6","prev_hash":"3d61d7eca451a40cd5270ea2ac4ad881b11bece32d5c7ba9a7c22ed9fb085339","record_hash":"a0d9d6fd4006a673b005c56c920c6c0b7ef333ea387acfcd3f3974487e60149a","signature_hex":"efd7e09a9eaddd4aa9a360673abdf88a82abd47b04277901613c3cdbc6d3c53b0c925ea2ae6aae8ed521f8c49274b3abdf499f3e88b9e888d000fc9a75e85407","public_key_hex":"c2f8243b0d573587f285c830a868acd19249d17d59ecbf9329e796dfed6fb630"}
{"seq":53,"ts":1781460000000,"agent_id":"funding-carry","symbol":"ETHUSDT","side":"sell","price":1660.8753776540075,"quantity":0.7421435661964375,"notional_usd":1232.60797578,"fee_usd":0.7395647854680001,"balance_before_usd":10469.15300835575,"balance_after_usd":10468.09089139248,"decision":"ALLOW","cert_hash":"68bc051011091ebc753e5525e954029e52907536080e835d4aba34c49799f13c","prev_hash":"a0d9d6fd4006a673b005c56c920c6c0b7ef333ea387acfcd3f3974487e60149a","record_hash":"ab87e68dd303cf9b43bfa56d0f179112b2c02557dc2e889aab75a59e7d2bfa03","signature_hex":"f6d07f251c1b4e41a2d4cbbc983707ef359f3cf9e1c33881ba3c0d0c4165827b26fd131491478099ea67078ffe5722089fce097adb7b2091fa0404a403350508","public_key_hex":"c2f8243b0d573587f285c830a868acd19249d17d59ecbf9329e796dfed6fb630"}
{"seq":54,"ts":1781470800000,"agent_id":"funding-carry","symbol":"ETHUSDT","side":"buy","price":1718.496790343225,"quantity":0.15677599715865084,"notional_usd":269.41904792,"fee_usd":0.161651428752,"balance_before_usd":10289.047266552894,"balance_after_usd":10288.828111202332,"decision":"ALLOW","cert_hash":"ad78b09c7b9fcc5f395b9f9643b3e0ae53de1991f3b3c0f6c1aa11c13870babd","prev_hash":"ab87e68dd303cf9b43bfa56d0f179112b2c02557dc2e889aab75a59e7d2bfa03","record_hash":"40c4cf77c60f85c068459da61195052081de3f2b19d6475fc539bdcf22aa0b74","signature_hex":"6f0611796868c10a8456a0f4eb2337279816ef9eed8fa949036523225aec75fff38c8f3611ee1e31c9c408fa74dd5647ebf56523e4091cc31b95462dcc26880f","public_key_hex":"c2f8243b0d573587f285c830a868acd19249d17d59ecbf9329e796dfed6fb630"}
{"seq":55,"ts":1781481600000,"agent_id":"funding-carry","symbol":"ETHUSDT","side":"buy","price":1720.8261274062,"quantity":1.162232469711858,"notional_usd":2000.0,"fee_usd":1.2,"balance_before_usd":10282.805365548493,"balance_after_usd":10281.005505518498,"decision":"ALLOW_CAPPED","cert_hash":"45c26432d44595395479a1aac11388503b11af52696b566a46304ba71ffacc3e","prev_hash":"40c4cf77c60f85c068459da61195052081de3f2b19d6475fc539bdcf22aa0b74","record_hash":"08c9ec792b67244cfc943378db02ab018f793ca9f90e75e7e7d67a10b72929f0","signature_hex":"18b19c7c325ab588e468a85d4a7991f7d74dd7c448f9b71c2b88d1ef8d6f1fb83646e535bf5ebe9e741f68d1bc171a67cda22fac86271359a25b589f4d8e780e","public_key_hex":"c2f8243b0d573587f285c830a868acd19249d17d59ecbf9329e796dfed6fb630"}
{"seq":56,"ts":1781485200000,"agent_id":"funding-carry","symbol":"ETHUSDT","side":"buy","price":1715.7346003044,"quantity":1.1656814519245382,"notional_usd":2000.0,"fee_usd":1.2,"balance_before_usd":10290.33068326397,"balance_after_usd":10288.530823233976,"decision":"ALLOW_CAPPED","cert_hash":"8cdc6b47b1d40e82b1413fafbfb66cf224618aaa437f3c905804504102684d37","prev_hash":"08c9ec792b67244cfc943378db02ab018f793ca9f90e75e7e7d67a10b72929f0","record_hash":"c7f2cb547107cb1a77f0f44b99b225a19593abacdeca0c4d861e2251e935a4c6","signature_hex":"c93b30ba1cee94b34897690de937cc18b467c6f17442d65271c394406f4ec0c07c042ec71bd3641726a2b56de3370cd8d7114f5fb97a47c2ca6bd669d9c05005","public_key_hex":"c2f8243b0d573587f285c830a868acd19249d17d59ecbf9329e796dfed6fb630"}
{"seq":57,"ts":1781488800000,"agent_id":"funding-carry","symbol":"ETHUSDT","side":"buy","price":1716.6313992611674,"quantity":0.6662056979979595,"notional_usd":1143.62961955,"fee_usd":0.6861777717299999,"balance_before_usd":10287.884437501063,"balance_after_usd":10286.904197026452,"decision":"ALLOW","cert_hash":"a2f565cba909301b2cb5a4210f5d64d65bc28228bf3b4a3b13832f77c21ef790","prev_hash":"c7f2cb547107cb1a77f0f44b99b225a19593abacdeca0c4d861e2251e935a4c6","record_hash":"20f79a12fa018aedd5c11d9cbf7aa917616724b23fad2b58c559cb1ae8342cbc","signature_hex":"1092dd90481a9c49f8e4ad86c9311bc43a60b4aba8946a19052d4f54d9372a9f5df5a408602e3703b3133115ace3c1eacab4da28e34a82e310a1dc311f0c1d0c","public_key_hex":"c2f8243b0d573587f285c830a868acd19249d17d59ecbf9329e796dfed6fb630"}
