{"seq":0,"ts":1781812680000,"agent_id":"persona-team","symbol":"ETHUSDT","side":"sell","price":1705.2240581128033,"quantity":0.2395961092421866,"notional_usd":408.56504971,"fee_usd":0.24513902982599997,"balance_before_usd":10000.0,"balance_after_usd":9999.664786756699,"decision":"ALLOW","cert_hash":"14ba4fe86ff3c79ec0e55c3999e23f227e78dd9a673f5514fddcf8c4cd84c17b","prev_hash":"0000000000000000000000000000000000000000000000000000000000000000","record_hash":"f4b90490a199e229e50de67c667ec4f5b0d3275b37e75dea26afce870aef8bad","signature_hex":"540e1831e0c49052499ae7b68d4363321b38f394fdd7f5ff794a1b71a54f8e8a7f2b529cef33592ac5534a55b21a8d9beda754e66e4cf0f40d017f686e605904","public_key_hex":"c2f8243b0d573587f285c830a868acd19249d17d59ecbf9329e796dfed6fb630"}
{"seq":1,"ts":1781812740000,"agent_id":"persona-team","symbol":"ETHUSDT","side":"buy","price":1704.9715719956657,"quantity":0.3484469990514952,"notional_usd":594.09222773,"fee_usd":0.356455336638,"balance_before_usd":9999.909174788127,"balance_after_usd":9999.416277364688,"decision":"ALLOW","cert_hash":"e64106648fd23365712be132de116601076f857b3372a5f1790574a7811971cb","prev_hash":"f4b90490a199e229e50de67c667ec4f5b0d3275b37e75dea26afce870aef8bad","record_hash":"7cf4b3fb80427dbe45177685fa5f2ce4db9979e14d6eb9005e400853087c06ba","signature_hex":"36d2adb871be9681e7cc0d965d1c39b710828c614623bbd146a95c3b595cd0eb4681893fbf1ea8ebc9b8f29901e7931bef5abbd094d9858aec0ffd4c6eeacd0f","public_key_hex":"c2f8243b0d573587f285c830a868acd19249d17d59ecbf9329e796dfed6fb630"}
{"seq":2,"ts":1781812800000,"agent_id":"persona-team","symbol":"ETHUSDT","side":"sell","price":1707.8608650402396,"quantity":0.46275977809315205,"notional_usd":790.32931492,"fee_usd":0.47419758895200004,"balance_before_usd":9999.817937148084,"balance_after_usd":9999.154408355942,"decision":"ALLOW","cert_hash":"b7a82ffa14158c66e8eb1d5223af176f8a75e91a8feef6587a22ac5f784c7b6d","prev_hash":"7cf4b3fb80427dbe45177685fa5f2ce4db9979e14d6eb9005e400853087c06ba","record_hash":"bc4d8e2418fd0adbaac9b8c1b826107cc38c6e0cec58d78aeff7dc141235df8d","signature_hex":"8fc4118364cf2028169cd844a41b0002b9cf02b28c025779cf6af6458994be5c82cfb90bfd467c90a85ce2e455e16fae16d2466c07a8eeb9c7626cff70898c08","public_key_hex":"c2f8243b0d573587f285c830a868acd19249d17d59ecbf9329e796dfed6fb630"}
{"seq":3,"ts":1781812860000,"agent_id":"persona-team","symbol":"ETHUSDT","side":"buy","price":1712.0563592407993,"quantity":0.16380579338191967,"notional_usd":280.44475024,"fee_usd":0.168266850144,"balance_before_usd":9997.94403995801,"balance_after_usd":9997.715761341766,"decision":"ALLOW","cert_hash":"ac0a482c6c9d2cb19c919d37f69efb8896bed3b82d306a56b9fcb440907167cd","prev_hash":"bc4d8e2418fd0adbaac9b8c1b826107cc38c6e0cec58d78aeff7dc141235df8d","record_hash":"19ab3b49a8927d88571557044b17a73a2e80803210b161b0c1cf11b880897aa0","signature_hex":"09a4d63f03ccf8f82f3c1126a524c2cedb7f984372cc287311154471a1c4c73d33c8865b6abb4e496ee3dec1d9f9fb1c020a64a59a51dcc3f2f12977d2047a0e","public_key_hex":"c2f8243b0d573587f285c830a868acd19249d17d59ecbf9329e796dfed6fb630"}
{"seq":4,"ts":1781813100000,"agent_id":"persona-team","symbol":"ETHUSDT","side":"buy","price":1712.0602068898297,"quantity":0.19006198800749252,"notional_usd":325.39756651,"fee_usd":0.195238539906,"balance_before_usd":9997.715761341766,"balance_after_usd":9997.450160544406,"decision":"ALLOW","cert_hash":"bdc5c2721a66e7bd045f0a10b5bf4d3be14ed583bdb0a1912b02b3db11804e10","prev_hash":"19ab3b49a8927d88571557044b17a73a2e80803210b161b0c1cf11b880897aa0","record_hash":"26349faae027e1a6680567c58975e1e1ae390904ed442db90ce71be1917cf1d8","signature_hex":"9132197fcf0b12109a1a99770ad21503960b6f077d2cb3a189d1cc90fe7468b5bd6ded1b5394c14ac95f6a60821d77f3f88965a44a1c0b6fd22a118a3e7a5906","public_key_hex":"c2f8243b0d573587f285c830a868acd19249d17d59ecbf9329e796dfed6fb630"}
{"seq":5,"ts":1781813820000,"agent_id":"persona-team","symbol":"ETHUSDT","side":"buy","price":1708.6113617119704,"quantity":0.13493967615841396,"notional_usd":230.55946383,"fee_usd":0.138335678298,"balance_before_usd":9997.450301952122,"balance_after_usd":9997.263204241435,"decision":"ALLOW","cert_hash":"745871a57fea7fdfe7cb04401a0064113fe4c33b9f79c8ed840b8a801d494e1c","prev_hash":"26349faae027e1a6680567c58975e1e1ae390904ed442db90ce71be1917cf1d8","record_hash":"3d1db33fbfab2d33bd9460e00950ab84d282e1a2ac6f308a189123a7ef46691a","signature_hex":"abcc8bb5895742dab04895cff9812c360122c904b4dd8b050ffb70521af5d14f165f359ad99c64e8985188a3b48f4bcc70a8b25f3ce5c03010118dbadd37c000","public_key_hex":"c2f8243b0d573587f285c830a868acd19249d17d59ecbf9329e796dfed6fb630"}
{"seq":6,"ts":1781813940000,"agent_id":"persona-team","symbol":"ETHUSDT","side":"sell","price":1712.0712891961373,"quantity":0.2472276525346892,"notional_usd":423.2713658,"fee_usd":0.25396281948,"balance_before_usd":9997.829778232343,"balance_after_usd":9997.482187629834,"decision":"ALLOW","cert_hash":"2a4bdbef890f851a1578aba9c17903901edf67b37153d919abc3574084f1aea9","prev_hash":"3d1db33fbfab2d33bd9460e00950ab84d282e1a2ac6f308a189123a7ef46691a","record_hash":"f65ac9506944d438e7bb34034bc9d6120aa0ccf8dcc2809737342003d852c886","signature_hex":"95dbf058774bccf6da66c9d790378d20af87a95c8276f26c14c88e28b720103711ecdc60fa72ccdd484bff0e3905eb310740e345b13ba2af7f048fe48b4f6c05","public_key_hex":"c2f8243b0d573587f285c830a868acd19249d17d59ecbf9329e796dfed6fb630"}
{"seq":7,"ts":1781814180000,"agent_id":"persona-team","symbol":"ETHUSDT","side":"sell","price":1712.499361853239,"quantity":0.12330998273860792,"notional_usd":211.16826675,"fee_usd":0.12670096005,"balance_before_usd":9997.436132705692,"balance_after_usd":9997.264961461991,"decision":"ALLOW","cert_hash":"1f6ab1b0e04b96c6ec1b71396c909c8ef8582e1a76871fdbaf89270fb184e109","prev_hash":"f65ac9506944d438e7bb34034bc9d6120aa0ccf8dcc2809737342003d852c886","record_hash":"14f6a2aba72d4506cd13776df8ce5bc72f29fd04afb9c5493b317e935870f78c","signature_hex":"cc8438f0422548da7c53d68eb1b841d1417371c1b3628e9727e88bf310498ff3eb36bf463e5870e2471bf35d6c3afdfec59eb0fe6444b1e582c2c854d098d10b","public_key_hex":"c2f8243b0d573587f285c830a868acd19249d17d59ecbf9329e796dfed6fb630"}
{"seq":8,"ts":1781814540000,"agent_id":"persona-team","symbol":"ETHUSDT","side":"buy","price":1712.6883703332096,"quantity":0.1765395799068661,"notional_usd":302.35728541,"fee_usd":0.18141437124599996,"balance_before_usd":9997.392206557635,"balance_after_usd":9997.145760242514,"decision":"ALLOW","cert_hash":"269bf9d1cb4d0ab47b3ca2ac6233e67d89a9df255f987950b9fa6135c43cec5d","prev_hash":"14f6a2aba72d4506cd13776df8ce5bc72f29fd04afb9c5493b317e935870f78c","record_hash":"139902d90830c5346c7d84e85f93509d25e6428f45b2d1b29dd1ae738adda4c9","signature_hex":"5466829b9ba6fd6d37ceeb8ea3708eaabb4de1be83fee3c50dc2ea41ac376bb1b01c3d12a4d76884c4025e6e4d29364ee68b421677fcee778b44b475039d8307","public_key_hex":"c2f8243b0d573587f285c830a868acd19249d17d59ecbf9329e796dfed6fb630"}
{"seq":9,"ts":1781814660000,"agent_id":"persona-team","symbol":"ETHUSDT","side":"sell","price":1712.4665832285307,"quantity":0.21048127617209017,"notional_usd":360.44215184,"fee_usd":0.21626529110400003,"balance_before_usd":9997.115028509741,"balance_after_usd":9996.820165980034,"decision":"ALLOW","cert_hash":"a437cadc27d562b498189708fb7304dad575472f16e1e222456606c795795912","prev_hash":"139902d90830c5346c7d84e85f93509d25e6428f45b2d1b29dd1ae738adda4c9","record_hash":"eca33e166e709c8d057ba6f05cd9ac709cacf6ea9e86d65c634694d06b541e79","signature_hex":"571ceae2a0c7ab0143ab2495a31f1653a2b6f7d20dece78947c40d10b304a9e03c290c5200ce976ea2eae4966492da79e6ffbe13c7ce6bccf925710c9a73910e","public_key_hex":"c2f8243b0d573587f285c830a868acd19249d17d59ecbf9329e796dfed6fb630"}
{"seq":10,"ts":1781814780000,"agent_id":"persona-team","symbol":"ETHUSDT","side":"buy","price":1713.127190430509,"quantity":0.16780754336620934,"notional_usd":287.4756653,"fee_usd":0.17248539918000003,"balance_before_usd":9996.841732441015,"balance_after_usd":9996.607629717744,"decision":"ALLOW","cert_hash":"aa4c3b64df208c0365ad564ed99cbfa4f92d123d17343f3ec81f1e3c9990f9d4","prev_hash":"eca33e166e709c8d057ba6f05cd9ac709cacf6ea9e86d65c634694d06b541e79","record_hash":"b3e6aa3623c6b59d423c3c749560e4313f6bc014bd3481d3730cefde03f91c4e","signature_hex":"f193028212a937e1ceb39e8570555d3c40b8665a3d4c72af26c0b2dbb28dbb76dd2fa0cfd3ab15b7add0bd3b251fb9ef04c7ed3314c45f8f805f34b8db93d001","public_key_hex":"c2f8243b0d573587f285c830a868acd19249d17d59ecbf9329e796dfed6fb630"}
{"seq":11,"ts":1781814900000,"agent_id":"persona-team","symbol":"ETHUSDT","side":"buy","price":1712.4232705507513,"quantity":0.14216215033780988,"notional_usd":243.44177443,"fee_usd":0.146065064658,"balance_before_usd":9996.67887097098,"balance_after_usd":9996.48116258367,"decision":"ALLOW","cert_hash":"556c7a8cb5f2924dd104b90ad6fd2e5335704e8486055d7aecb22e0a214c723e","prev_hash":"b3e6aa3623c6b59d423c3c749560e4313f6bc014bd3481d3730cefde03f91c4e","record_hash":"673fdb65ef865f1048a299818e54ca5b2695cf36d27bfbab1bbada241d168488","signature_hex":"648072d3af2ae59e6e9f0f4de24604da1338033e23c81a972a66bd2c055cbddf065aee637725e3985781c53548784ceda65a3cee7ce9faed87fa8785df011b0d","public_key_hex":"c2f8243b0d573587f285c830a868acd19249d17d59ecbf9329e796dfed6fb630"}
{"seq":12,"ts":1781815320000,"agent_id":"persona-team","symbol":"ETHUSDT","side":"sell","price":1713.1114289850823,"quantity":0.3126829888043812,"notional_usd":535.66080177,"fee_usd":0.32139648106200003,"balance_before_usd":9996.539322644929,"balance_after_usd":9996.09642661756,"decision":"ALLOW","cert_hash":"58a14cf72d4361231901d70ac771967d8ed59a150646a75458ff2c5b7161a0bc","prev_hash":"673fdb65ef865f1048a299818e54ca5b2695cf36d27bfbab1bbada241d168488","record_hash":"100de0097a8436c3be4470662237cf4bec2f67a9a32db8f6b5221cb7a4293f24","signature_hex":"5d3f7185de87e53c0dba35ad88c5a6a99b87c86685127037afff6e1a0a3429bdc0107cb17ccea69ac60243385584b2b69440f3371d071fdc34df7d538f75f00b","public_key_hex":"c2f8243b0d573587f285c830a868acd19249d17d59ecbf9329e796dfed6fb630"}
{"seq":13,"ts":1781815380000,"agent_id":"persona-team","symbol":"ETHUSDT","side":"buy","price":1712.084959056114,"quantity":0.35896690471997594,"notional_usd":614.58183837,"fee_usd":0.36874910302200004,"balance_before_usd":9996.58927886141,"balance_after_usd":9996.078752528523,"decision":"ALLOW","cert_hash":"c231bc81c57cd0f09d6532edb11d1d20339736f78e5aa3165640f05a0b15b9d2","prev_hash":"100de0097a8436c3be4470662237cf4bec2f67a9a32db8f6b5221cb7a4293f24","record_hash":"d6e23a85dcaa537b8ae92a6994ad27ce66af3fd0daa12dbb1f45a14005da3585","signature_hex":"126a230bee189b523dddaa9bb1f211e1626c412971e4c5176f632498f998b8d71b8e639532289940ca53fb5ba321071bd8ad2392824e983d40c4ecd388863101","public_key_hex":"c2f8243b0d573587f285c830a868acd19249d17d59ecbf9329e796dfed6fb630"}
{"seq":14,"ts":1781818140000,"agent_id":"persona-team","symbol":"ETHUSDT","side":"sell","price":1704.7492854152426,"quantity":0.2044212573141602,"notional_usd":348.48699233,"fee_usd":0.209092195398,"balance_before_usd":9995.509311921465,"balance_after_usd":9995.224437784545,"decision":"ALLOW","cert_hash":"640c96baaa23a8f28b94a58d4aa73d3110665630a36c95edba41f54986cdd3d5","prev_hash":"d6e23a85dcaa537b8ae92a6994ad27ce66af3fd0daa12dbb1f45a14005da3585","record_hash":"fe40beb0e735cc83cc52749df426656b6ef0399a30320f1de74dcbd9a3032d35","signature_hex":"cc17b6f4fba4080453d18354375338e49445caa146528210edac7749c3cf09bf6004fa85c56835ec0a7d51a16e056d9c5bee2d40af697e0c303569a69ec9f305","public_key_hex":"c2f8243b0d573587f285c830a868acd19249d17d59ecbf9329e796dfed6fb630"}
{"seq":15,"ts":1781818260000,"agent_id":"persona-team","symbol":"ETHUSDT","side":"sell","price":1706.0608571972725,"quantity":0.12281745358968253,"notional_usd":209.53405015,"fee_usd":0.12572043009,"balance_before_usd":9995.071364851585,"balance_after_usd":9994.90153541699,"decision":"ALLOW","cert_hash":"ded7e02e83a5b38b2d281b5a3dbbf782cdaa9ed86a6ff28fa8d4dfe8e520b389","prev_hash":"fe40beb0e735cc83cc52749df426656b6ef0399a30320f1de74dcbd9a3032d35","record_hash":"9fc6914b700906f6f25f58a37d0e0600ce4c73f90bbbc12f271e4d08e4478cb7","signature_hex":"638c318fdc96ee97d42cd838bcb20bf65c69557c144f6f3992f828edf226629038a6139c528354639b427a0162f991194adb9481d25315f3587ede3973c4f30a","public_key_hex":"c2f8243b0d573587f285c830a868acd19249d17d59ecbf9329e796dfed6fb630"}
{"seq":16,"ts":1781818320000,"agent_id":"persona-team","symbol":"ETHUSDT","side":"sell","price":1707.632795853743,"quantity":0.24427162055730772,"notional_usd":417.12623036,"fee_usd":0.25027573821599997,"balance_before_usd":9994.519035693931,"balance_after_usd":9994.176619687629,"decision":"ALLOW","cert_hash":"d99a4c841fbae9092aadcce7836a91fe704c5090eff7fee3b5d8d24c50af7f58","prev_hash":"9fc6914b700906f6f25f58a37d0e0600ce4c73f90bbbc12f271e4d08e4478cb7","record_hash":"fdc965ed1e478e2d855cfadc2f4e8a8ac5f377db6b474121138338b44090e24b","signature_hex":"716566d650aa2d0a312d2bba9657203fb9b51fc92724b4d4970062869519a1f6093f32ffd1eb03333c0793f1cb67866ac116ed5d5554a4cec872b362e339a60f","public_key_hex":"c2f8243b0d573587f285c830a868acd19249d17d59ecbf9329e796dfed6fb630"}
{"seq":17,"ts":1781818620000,"agent_id":"persona-team","symbol":"ETHUSDT","side":"buy","price":1706.2491910466288,"quantity":0.39853009716176735,"notional_usd":679.99165589,"fee_usd":0.407994993534,"balance_before_usd":9995.223868653318,"balance_after_usd":9994.656784013185,"decision":"ALLOW","cert_hash":"3440873d3dfb43e9a23e48a961fbbad4354bdd2149166b993bdc42d7bde0bd37","prev_hash":"fdc965ed1e478e2d855cfadc2f4e8a8ac5f377db6b474121138338b44090e24b","record_hash":"c5616d2d8a0dfe4e5336d9e9494027df8008c26bc1c6ff13899632af11168338","signature_hex":"2e41d0c3a9c84ecd5063425c27a22e188416a5f830ff044838d1721cb7cea9bb30c230f76581c0898c06405bc8a5256745f6aaf469116101d0a32046edb03e0a","public_key_hex":"c2f8243b0d573587f285c830a868acd19249d17d59ecbf9329e796dfed6fb630"}
{"seq":18,"ts":1781819340000,"agent_id":"persona-team","symbol":"ETHUSDT","side":"buy","price":1706.3528355255894,"quantity":0.14852730224574898,"notional_usd":253.43998334,"fee_usd":0.152063990004,"balance_before_usd":9994.644700979012,"balance_after_usd":9994.438746007232,"decision":"ALLOW","cert_hash":"c032afe0cd7da249f755d650efdd84f7718793534b45e0da83dcf166f1f812ee","prev_hash":"c5616d2d8a0dfe4e5336d9e9494027df8008c26bc1c6ff13899632af11168338","record_hash":"83895cdb7f1581ff58fbe455d6827b7021ffc818ef5d210adeb3f48a7362e255","signature_hex":"f5bb262405e9ea1eeefdd219c7043ecb04c7fb04eb796c65dc32f837b4fd6b682babb86ac9a48ac827c5c1d60f79cbb044037fa8c87fea757ed1fee02c7c8f07","public_key_hex":"c2f8243b0d573587f285c830a868acd19249d17d59ecbf9329e796dfed6fb630"}
{"seq":19,"ts":1781819640000,"agent_id":"persona-team","symbol":"ETHUSDT","side":"sell","price":1705.754963949476,"quantity":0.16377781128841826,"notional_usd":279.36481459,"fee_usd":0.167618888754,"balance_before_usd":9994.44683459622,"balance_after_usd":9994.21943090207,"decision":"ALLOW","cert_hash":"a9cbdbcc3fb693231081278ac3d0c9f494ee610f2b780e8a6744355a7ee6f576","prev_hash":"83895cdb7f1581ff58fbe455d6827b7021ffc818ef5d210adeb3f48a7362e255","record_hash":"7173828f99200ab0c923a1d2a339cffbecb94af0d2c64504012ffc8cedee74cb","signature_hex":"9555ba246e8bc248403ccacef0be455a0d3861dfa39f23243109f06238ce4c35202631bea86b6eafb977ed84ac40460fcfba6232e9f6c277ff320576887fed0b","public_key_hex":"c2f8243b0d573587f285c830a868acd19249d17d59ecbf9329e796dfed6fb630"}
{"seq":20,"ts":1781819700000,"agent_id":"persona-team","symbol":"ETHUSDT","side":"sell","price":1707.5383680712512,"quantity":0.4804982262897907,"notional_usd":820.46915718,"fee_usd":0.49228149430800006,"balance_before_usd":9994.033579952395,"balance_after_usd":9993.34351004644,"decision":"ALLOW","cert_hash":"94a247793c9c13dd3ae474fa2891e8069096bc0e8ad7b9a20f99964d19f06234","prev_hash":"7173828f99200ab0c923a1d2a339cffbecb94af0d2c64504012ffc8cedee74cb","record_hash":"350dfa1303fa9743e593c312edd624534a828e5bfb83c4830bebe08cc6d06b39","signature_hex":"23a3f088cc0feb605216b0cb865b9b8507ba0b6313743865426409beb15c7944200d17adadb2210b09bf024688a6efefa116993281a60c39d4fca281ccf67107","public_key_hex":"c2f8243b0d573587f285c830a868acd19249d17d59ecbf9329e796dfed6fb630"}
{"seq":21,"ts":1781819940000,"agent_id":"persona-team","symbol":"ETHUSDT","side":"buy","price":1708.0246833393455,"quantity":0.2271941213761152,"notional_usd":388.05316722,"fee_usd":0.232831900332,"balance_before_usd":9993.518126883126,"balance_after_usd":9993.200169130716,"decision":"ALLOW","cert_hash":"ac0586b45d74e433d9b713029ea4dac241c0833e7a6006a47ceab3e27a8cfc73","prev_hash":"350dfa1303fa9743e593c312edd624534a828e5bfb83c4830bebe08cc6d06b39","record_hash":"4c48764d95df40bd1d03c369f465fcd69d0451c1f4dd8f9f822cf704bff5c0f8","signature_hex":"6c5d9757c4e371cbaca9f9a2f585c7a7563d745c486a36718ac932240d552761991657902fba549467b578296be70a508826dbff0f92736605fb62e54dd5c50d","public_key_hex":"c2f8243b0d573587f285c830a868acd19249d17d59ecbf9329e796dfed6fb630"}
{"seq":22,"ts":1781820000000,"agent_id":"persona-team","symbol":"ETHUSDT","side":"buy","price":1707.3769531808225,"quantity":0.2438335872605101,"notional_usd":416.3158473,"fee_usd":0.24978950838,"balance_before_usd":9993.430829431309,"balance_after_usd":9993.08912607662,"decision":"ALLOW","cert_hash":"1e5c401c378d7f4198f654b3ef1c414ea3312b75eade21c0996fd6bc597853bd","prev_hash":"4c48764d95df40bd1d03c369f465fcd69d0451c1f4dd8f9f822cf704bff5c0f8","record_hash":"a29962984e05f79e0a2dcdd7f0b29914e9edbce1763ee36bc54351b47ed0f476","signature_hex":"2f5c24ef9b28dc3a77ea06c2da31a1f0756e95e01dce8da58690c6db327f5d9f9c318b667b2579f444d44160a42be16838269d4c36f6893abb1479d8e0f2e90b","public_key_hex":"c2f8243b0d573587f285c830a868acd19249d17d59ecbf9329e796dfed6fb630"}
{"seq":23,"ts":1781820060000,"agent_id":"persona-team","symbol":"ETHUSDT","side":"sell","price":1707.1212753567581,"quantity":0.11834085654388024,"notional_usd":202.02219395,"fee_usd":0.12121331637,"balance_before_usd":9993.035832438067,"balance_after_usd":9992.872167340154,"decision":"ALLOW","cert_hash":"f17765c6ad38e957ebbb261f48ba77cf120681b0179531e095e845c91594ec9f","prev_hash":"a29962984e05f79e0a2dcdd7f0b29914e9edbce1763ee36bc54351b47ed0f476","record_hash":"2bac7e95103dc4249a658ad2950156a00c5b151c7b012fdb5364150d1c9e002f","signature_hex":"a8d6382010edc9a9f02288eca5475162d0660085b5ae634dd219adb22fd5695d308b8ffd7dba5be7e202a0db27892ee95b20c1d3a2d2974084576151bb061b0f","public_key_hex":"c2f8243b0d573587f285c830a868acd19249d17d59ecbf9329e796dfed6fb630"}
{"seq":24,"ts":1781820120000,"agent_id":"persona-team","symbol":"ETHUSDT","side":"buy","price":1706.699464690397,"quantity":0.2622081679220427,"notional_usd":447.51053983,"fee_usd":0.26850632389800005,"balance_before_usd":9993.13823569358,"balance_after_usd":9992.770230628419,"decision":"ALLOW","cert_hash":"90eaca13fb27d9691b3ac333eef986e6b581794544dc9402fe08a5e8f494cd79","prev_hash":"2bac7e95103dc4249a658ad2950156a00c5b151c7b012fdb5364150d1c9e002f","record_hash":"1b36a8807119be73af2f4a27ca53146a356d24184f08a9152efc16e35f4d5954","signature_hex":"08efe57e1cbc3948e4593009d6a8d6bc56cc9c4df2d94b4d562bd13eed0c425d0522d644d4cd93a01d6489f59f490525513a218cfc1fc2f12f27b80234edce0f","public_key_hex":"c2f8243b0d573587f285c830a868acd19249d17d59ecbf9329e796dfed6fb630"}
{"seq":25,"ts":1781820600000,"agent_id":"persona-team","symbol":"ETHUSDT","side":"sell","price":1706.7293048021372,"quantity":0.1324587606798072,"notional_usd":226.07124853,"fee_usd":0.13564274911799998,"balance_before_usd":9992.79551657967,"balance_after_usd":9992.61209659166,"decision":"ALLOW","cert_hash":"f344278218dff02c650ca2af1b98da8fdbff62352a9cd5168c1041ff5c04e484","prev_hash":"1b36a8807119be73af2f4a27ca53146a356d24184f08a9152efc16e35f4d5954","record_hash":"7decf0508847fbb649dd401dae721133a830c114ffae34bf85758765da2083bf","signature_hex":"adcc72e2fe53298032252c2e1a7ae89a613fc95e3b1b2096893e6bdd7e499eb49374308479b95f7bc4d39b2ebd9d8093935234453f2bd1bad64558f53c77e502","public_key_hex":"c2f8243b0d573587f285c830a868acd19249d17d59ecbf9329e796dfed6fb630"}
{"seq":26,"ts":1781820660000,"agent_id":"persona-team","symbol":"ETHUSDT","side":"buy","price":1706.0054537997487,"quantity":0.23580415620243383,"notional_usd":402.28317651,"fee_usd":0.241369905906,"balance_before_usd":9992.757541591569,"balance_after_usd":9992.427638119221,"decision":"ALLOW","cert_hash":"ebbb451451df6ca462474e2436fb87647498c1b30f6194c76b0a2f9cb5496a31","prev_hash":"7decf0508847fbb649dd401dae721133a830c114ffae34bf85758765da2083bf","record_hash":"5d0d07b3f295d79de756df8adea638b5f456fa5916040c98442ab1059ae342f0","signature_hex":"568220ff320de262f285fed1c5efa7f69f1acf1951b8eed31cbffc1358c958492e0390b971e7d7d273e4bde7c600789cf3e8fa3dd6acbdb7e993c2373bfbdd07","public_key_hex":"c2f8243b0d573587f285c830a868acd19249d17d59ecbf9329e796dfed6fb630"}
{"seq":27,"ts":1781822220000,"agent_id":"persona-team","symbol":"ETHUSDT","side":"sell","price":1701.58990519052,"quantity":0.1362131129204417,"notional_usd":231.7788579,"fee_usd":0.13906731473999998,"balance_before_usd":9991.92647992006,"balance_after_usd":9991.738362970375,"decision":"ALLOW","cert_hash":"90650aee4013b8b3e84461defb91366b886e8139a87f6fa3094f722838f9dc1b","prev_hash":"5d0d07b3f295d79de756df8adea638b5f456fa5916040c98442ab1059ae342f0","record_hash":"162d7138b41b6a831edb36b147e763a1ee144d31b87c8b87936a2d56efeae771","signature_hex":"9f40c36c856fd80d9415f847b9230db49414ace53c84a477dde474c7e0aab6c253f559d89c7391ad8a3a6f2d77f4926dd1202ab149f7a3e06e087bc5512a0902","public_key_hex":"c2f8243b0d573587f285c830a868acd19249d17d59ecbf9329e796dfed6fb630"}
{"seq":28,"ts":1781822520000,"agent_id":"persona-team","symbol":"ETHUSDT","side":"sell","price":1702.9028691707647,"quantity":0.25164802563793637,"notional_usd":428.53214488,"fee_usd":0.25711928692799996,"balance_before_usd":9991.738324640213,"balance_after_usd":9991.386301124703,"decision":"ALLOW","cert_hash":"1a0d899298e599b2e0deece0cd7536e25a7380ee77ddcf5ad471ee524f33f09a","prev_hash":"162d7138b41b6a831edb36b147e763a1ee144d31b87c8b87936a2d56efeae771","record_hash":"f657eef1107b4c2b7922698e6e7a0bd3e0d9500f352fb95c2c84f30e7f9f4d50","signature_hex":"2455eb8534907ecda7256654a5b37578011bd75aa50cc26ed301e945626e7188ee273b3b966421d1d5b6ab0c0bac16a35a10e71dbb4789ef84e26ead12939b03","public_key_hex":"c2f8243b0d573587f285c830a868acd19249d17d59ecbf9329e796dfed6fb630"}
{"seq":29,"ts":1781822640000,"agent_id":"persona-team","symbol":"ETHUSDT","side":"sell","price":1703.5573107450532,"quantity":0.15106139078904907,"notional_usd":257.34173665,"fee_usd":0.15440504198999996,"balance_before_usd":9991.225227943705,"balance_after_usd":9991.016034558439,"decision":"ALLOW","cert_hash":"a8a1de62dbf7a567301523c3f5cd935650a7adcfaa2695dbb2d41e4f33bb9000","prev_hash":"f657eef1107b4c2b7922698e6e7a0bd3e0d9500f352fb95c2c84f30e7f9f4d50","record_hash":"2837b29a115c71cda53e7574e6e0cb19168280705193eaad4b44ec33a620439f","signature_hex":"ec969e3a2e4601ea80ecd81d870e72e7a1b1a1029817f3f634b899b0c8844aa7bc5d1567b6e217a3c02af658f497051659d960afcf48d8c3c717b68b43eb6c0a","public_key_hex":"c2f8243b0d573587f285c830a868acd19249d17d59ecbf9329e796dfed6fb630"}
{"seq":30,"ts":1781822700000,"agent_id":"persona-team","symbol":"ETHUSDT","side":"buy","price":1703.154059466932,"quantity":0.2309101705239107,"notional_usd":393.2755943,"fee_usd":0.23596535658000004,"balance_before_usd":9991.475156147588,"balance_after_usd":9991.152816655715,"decision":"ALLOW","cert_hash":"61bec0b282e5e4382bb09fe5988c001cc15058ad07541a5e16482d7139c93a5f","prev_hash":"2837b29a115c71cda53e7574e6e0cb19168280705193eaad4b44ec33a620439f","record_hash":"13a2804f8ce1cccd5643227661b6a50a49eec94fed02ba9e0b1924c9affd90ee","signature_hex":"4265522aaa2ecce055767518b01042c94a2122afb94d12938b277fdc96d8129ce4f3f86aba0d1fd427e67d867d1d6111cc0a3429807110c29bbe7fd0b7466102","public_key_hex":"c2f8243b0d573587f285c830a868acd19249d17d59ecbf9329e796dfed6fb630"}
{"seq":31,"ts":1781822760000,"agent_id":"persona-team","symbol":"ETHUSDT","side":"sell","price":1702.3993271363524,"quantity":0.1389544757327393,"notional_usd":236.55600599,"fee_usd":0.14193360359399998,"balance_before_usd":9991.156253217025,"balance_after_usd":9990.964202504752,"decision":"ALLOW","cert_hash":"588a14d1bc14a3b8b8cbfabce2a4425a69e5fbefa6bd28d8ae51c3ae9f2eb2ed","prev_hash":"13a2804f8ce1cccd5643227661b6a50a49eec94fed02ba9e0b1924c9affd90ee","record_hash":"5864d7e14d32f2c6b3afb1cf8be36308a84bcd485b1d4a0203be5a718583c9fa","signature_hex":"7d07dd795f72dff1b3fdd16dac0d978a15229541d94123b74a75540a10a9dae74b244908fa01af48b0fef12926f2a9a25306af8ad67dad847df0608a194be80f","public_key_hex":"c2f8243b0d573587f285c830a868acd19249d17d59ecbf9329e796dfed6fb630"}
{"seq":32,"ts":1781822820000,"agent_id":"persona-team","symbol":"ETHUSDT","side":"sell","price":1702.9761481303206,"quantity":0.228920509026511,"notional_usd":389.84616669,"fee_usd":0.23390770001400002,"balance_before_usd":9990.780840805382,"balance_after_usd":9990.46135074506,"decision":"ALLOW","cert_hash":"f690dfb4634193dc89f3aad5e68b56d742191c94fc2a3fa170890a844f7bb4a3","prev_hash":"5864d7e14d32f2c6b3afb1cf8be36308a84bcd485b1d4a0203be5a718583c9fa","record_hash":"2ec688ad5a41111b9489004617f27c7c18231dab324a704f44ee6292d9cff0dd","signature_hex":"9775b538d9ff6ead802d2bc44f45cb62906f523ff70d39b1b84161d6dab5decb4890dbcbf1a5fccbb6d895fae8bdc1efe8f82fc32326deb3e696046a61b37e05","public_key_hex":"c2f8243b0d573587f285c830a868acd19249d17d59ecbf9329e796dfed6fb630"}
{"seq":33,"ts":1781822880000,"agent_id":"persona-team","symbol":"ETHUSDT","side":"sell","price":1704.3727049515292,"quantity":0.1814945496318525,"notional_usd":309.33435649,"fee_usd":0.185600613894,"balance_before_usd":9989.711163505099,"balance_after_usd":9989.4589008418,"decision":"ALLOW","cert_hash":"04fd27eefbc618b44a3641ffb26d38e6046d3d224f9ecaa9a7f4105504664b19","prev_hash":"2ec688ad5a41111b9489004617f27c7c18231dab324a704f44ee6292d9cff0dd","record_hash":"8f6e2089630047077084f2ac0f62e7371a40989e12de3a482f29306f8e0b84e4","signature_hex":"e5618e9f39462e2826d8933617719a595b25031862d7726cde32593b78dd449f51ba66142bcb90778d1d47b4751e0eb3d59b16439c2ab033e4670a3586776305","public_key_hex":"c2f8243b0d573587f285c830a868acd19249d17d59ecbf9329e796dfed6fb630"}
{"seq":34,"ts":1781823060000,"agent_id":"persona-team","symbol":"ETHUSDT","side":"buy","price":1707.0027479269954,"quantity":0.1469204502362792,"notional_usd":250.79361228,"fee_usd":0.150476167368,"balance_before_usd":9988.08862540187,"balance_after_usd":9987.884854145745,"decision":"ALLOW","cert_hash":"635d76c17f9488d5399266e6629ccd9c87a66b7c6eb7fac3923e7fa1b2eb59a2","prev_hash":"8f6e2089630047077084f2ac0f62e7371a40989e12de3a482f29306f8e0b84e4","record_hash":"1432c3e7c77dadecabe5b04313bd186d5c6c73aade22500813df9d6d4991d63d","signature_hex":"5adc30f811ff46fa40c27d5883584c76818aab823250ffa696c783bbe4322b68d604b087d0847b4d0117d8bad423bb0211b8d2153f379675e3052a389df43f0d","public_key_hex":"c2f8243b0d573587f285c830a868acd19249d17d59ecbf9329e796dfed6fb630"}
{"seq":35,"ts":1781823120000,"agent_id":"persona-team","symbol":"ETHUSDT","side":"buy","price":1706.3787128878173,"quantity":0.12016063487043743,"notional_usd":205.03954947,"fee_usd":0.123023729682,"balance_before_usd":9988.240905978577,"balance_after_usd":9988.074779080558,"decision":"ALLOW","cert_hash":"fcc129acc830095c00b20936873c92acf4e261d7d2ff4c653ce2d4399d56096e","prev_hash":"1432c3e7c77dadecabe5b04313bd186d5c6c73aade22500813df9d6d4991d63d","record_hash":"cb463c27840bdd73832cb4dd2fc2a53ce5288f861573de12ee0be9311fb5527d","signature_hex":"fe612fcd2760c622a27597471843fae089f022a58fd60b2a4e229f3bba1e69becae93bc152c9f4ac7239c9d7f1fe5f32cf38dd0e45b4410f4f37af49e30ba10d","public_key_hex":"c2f8243b0d573587f285c830a868acd19249d17d59ecbf9329e796dfed6fb630"}
{"seq":36,"ts":1781823360000,"agent_id":"persona-team","symbol":"ETHUSDT","side":"buy","price":1706.5510553596669,"quantity":0.13599145233371784,"notional_usd":232.0763565,"fee_usd":0.13924581390000002,"balance_before_usd":9987.997579273031,"balance_after_usd":9987.809233016398,"decision":"ALLOW","cert_hash":"3146275e32a78aa76233e9843a8e9a100cb7cc1a732bd70ac1bcd07a431a9983","prev_hash":"cb463c27840bdd73832cb4dd2fc2a53ce5288f861573de12ee0be9311fb5527d","record_hash":"cf66c48c486027b6fdead31d5dca2f287db0ed260692edbd9864e7cd0c222a42","signature_hex":"ffa7ef9474586d7ec40137f7830d2562d16fdbdc7c45de988059a0674c00a0dd3dc7f5016a9a92da3da627cc9967dcafd50e040ab912c0dab6258adeb9576600","public_key_hex":"c2f8243b0d573587f285c830a868acd19249d17d59ecbf9329e796dfed6fb630"}
{"seq":37,"ts":1781823780000,"agent_id":"persona-team","symbol":"ETHUSDT","side":"buy","price":1706.2421110472735,"quantity":0.28116370471336255,"notional_usd":479.73335308,"fee_usd":0.287840011848,"balance_before_usd":9987.914214287031,"balance_after_usd":9987.51893851752,"decision":"ALLOW","cert_hash":"31e1e84b338aebfdc0eb8a997fc399b9202f81d65826cefeb01f645c1dc555b6","prev_hash":"cf66c48c486027b6fdead31d5dca2f287db0ed260692edbd9864e7cd0c222a42","record_hash":"a93d20ef0df039898e141230de362a94a7bdd7d4b2baadbe7da51f34cfba22a6","signature_hex":"f4d67a16a57aadfc0af8735799da480273dc0133cd318d257b0d254026415f7d03b4d6d4cfa14cae1e9f05a57fb6d637e21d7bff9e70c8f0adfcda637cb84e06","public_key_hex":"c2f8243b0d573587f285c830a868acd19249d17d59ecbf9329e796dfed6fb630"}
{"seq":38,"ts":1781823960000,"agent_id":"persona-team","symbol":"ETHUSDT","side":"buy","price":1704.022545244387,"quantity":0.21904507786689423,"notional_usd":373.25775111,"fee_usd":0.223954650666,"balance_before_usd":9987.60062311828,"balance_after_usd":9987.295064265547,"decision":"ALLOW","cert_hash":"2eacf0ff200f97bad127a642f4ccd4d0abf8554254f8f1859b3a1d71abd619d2","prev_hash":"a93d20ef0df039898e141230de362a94a7bdd7d4b2baadbe7da51f34cfba22a6","record_hash":"6e65340209a3b0b0a57f36ff17cfd0513a1d571d6acc51c56b4b6c28699e67fe","signature_hex":"796a49be8404973c9938d0d2c162ddec1a7535d863ca0d83b0996b632e2ffd76154ccbe8ef91e0a32f3fef7d3dce6b1fbf82af409c470e38cad0338806f64703","public_key_hex":"c2f8243b0d573587f285c830a868acd19249d17d59ecbf9329e796dfed6fb630"}
{"seq":39,"ts":1781824320000,"agent_id":"persona-team","symbol":"ETHUSDT","side":"sell","price":1704.388912331224,"quantity":0.13874607836808314,"notional_usd":236.4772776,"fee_usd":0.14188636656,"balance_before_usd":9987.49535635761,"balance_after_usd":9987.303370493059,"decision":"ALLOW","cert_hash":"10cc71549143b567323d75190b10c72df7001f2e3de88030f41b65c754b4c125","prev_hash":"6e65340209a3b0b0a57f36ff17cfd0513a1d571d6acc51c56b4b6c28699e67fe","record_hash":"7bf4c3ec5edb92832ca510851107c1cf0ac73b02c93acd7107fcc83f4d45520c","signature_hex":"eb1432b4f49c677998809b40ec77bf1c6b23766646833d39300b330879d9dc9de397a2d7a94e3cd6ccd8f764a9e8db0531496582c2d9cbe129224c52a103a90b","public_key_hex":"c2f8243b0d573587f285c830a868acd19249d17d59ecbf9329e796dfed6fb630"}
{"seq":40,"ts":1781824440000,"agent_id":"persona-team","symbol":"ETHUSDT","side":"buy","price":1702.5603773239222,"quantity":0.13745779615630885,"notional_usd":234.03019729,"fee_usd":0.140418118374,"balance_before_usd":9987.192859506753,"balance_after_usd":9987.002904715648,"decision":"ALLOW","cert_hash":"a2590b0500ae38b18dacd6f30894ea6e3a290ddb272bcda4e23a951184d7607d","prev_hash":"7bf4c3ec5edb92832ca510851107c1cf0ac73b02c93acd7107fcc83f4d45520c","record_hash":"b03892093a3d4d161f200d7f8e4b877dfd4cf892492bcffe220998ad7213b3bf","signature_hex":"692754b28ec3c7f20a9e1e7268f5f7c9dd7d32ad2f86528c0f4a02972a9b00d561344f36bf506ae569b01ccebe64ee23576cb18eb167584ab476f5b94489d20f","public_key_hex":"c2f8243b0d573587f285c830a868acd19249d17d59ecbf9329e796dfed6fb630"}
{"seq":41,"ts":1781824680000,"agent_id":"persona-team","symbol":"ETHUSDT","side":"sell","price":1704.6286361625766,"quantity":0.2090834797849823,"notional_usd":356.40968699,"fee_usd":0.213845812194,"balance_before_usd":9987.509131941613,"balance_after_usd":9987.217640086026,"decision":"ALLOW","cert_hash":"609df6e9161abc34e28060cbaa09f8d355665d4c15de002f78dd6f704c992f96","prev_hash":"b03892093a3d4d161f200d7f8e4b877dfd4cf892492bcffe220998ad7213b3bf","record_hash":"2d3999d00a77a2c78b9db6682bc4f38479f2fa64bdaa657d2fa2faf06f1a7120","signature_hex":"fdcdd03065eb00a3d5b929ec2c99e3f9ee9b68cc89ad90ffdd69a1df33829ea15cc891780ed4ca7d65263f68dfee283b199abfd95762cd51d92e89e2f33e7504","public_key_hex":"c2f8243b0d573587f285c830a868acd19249d17d59ecbf9329e796dfed6fb630"}
{"seq":42,"ts":1781824800000,"agent_id":"persona-team","symbol":"ETHUSDT","side":"sell","price":1705.5987269527052,"quantity":0.34434151368024885,"notional_usd":587.30844737,"fee_usd":0.35238506842199996,"balance_before_usd":9987.189634924505,"balance_after_usd":9986.702518302716,"decision":"ALLOW","cert_hash":"24f622a2f8a265ddc7403f8a66b2d19756b41103fc305d6c2fbaf4a4a2e9668d","prev_hash":"2d3999d00a77a2c78b9db6682bc4f38479f2fa64bdaa657d2fa2faf06f1a7120","record_hash":"279a1b53a53438c8129d2279fff5e916ce05d0920575161facf808bafba901fb","signature_hex":"c9f4d441e1b0aca2ca6220525d6a74f8b0accfe534aba03f15f2b3b81c218af9cce39b728ad0e0cef9ec55a945719922654cd432f89bfdf5b58294cbc4e18601","public_key_hex":"c2f8243b0d573587f285c830a868acd19249d17d59ecbf9329e796dfed6fb630"}
{"seq":43,"ts":1781824980000,"agent_id":"persona-team","symbol":"ETHUSDT","side":"sell","price":1706.5461486388544,"quantity":0.15440639504543702,"notional_usd":263.50163879,"fee_usd":0.15810098327400002,"balance_before_usd":9986.359699111546,"balance_after_usd":9986.145417151265,"decision":"ALLOW","cert_hash":"34d9a7c55b5909518e84456dbb9cdb092f81920a75b8c53fc59370480ab05f20","prev_hash":"279a1b53a53438c8129d2279fff5e916ce05d0920575161facf808bafba901fb","record_hash":"c7b7699cc40acb98d3abfba8060238330457cd6104a1e470c2d74f910559d78e","signature_hex":"32c2e29febe12bed7a7d73dcace53918db0984f97e7dad50da7715db5a8f6d107b763e3d59e8ee687cd1c583177c85cec8f9b148785c103cd5ec686f8046da06","public_key_hex":"c2f8243b0d573587f285c830a868acd19249d17d59ecbf9329e796dfed6fb630"}
{"seq":44,"ts":1781825100000,"agent_id":"persona-team","symbol":"ETHUSDT","side":"buy","price":1706.6793893079075,"quantity":0.12435134818500541,"notional_usd":212.22788298,"fee_usd":0.127336729788,"balance_before_usd":9986.456368362158,"balance_after_usd":9986.284341087408,"decision":"ALLOW","cert_hash":"60a4882b9f68232aa6d4482039ec525d6d26eed898e44bab3463fabb765ebe76","prev_hash":"c7b7699cc40acb98d3abfba8060238330457cd6104a1e470c2d74f910559d78e","record_hash":"390f5d5248e49432136c6c54e1fe5c356e05fead61eb5ff787420be5e3506607","signature_hex":"19f6a772a84987099d62384ff5eddeb445bd4e81c939920043b4ef79ab5c92b6d3d1ba14071b8e5356e648839d7f2746001841872cc29fde7764fbe79a044408","public_key_hex":"c2f8243b0d573587f285c830a868acd19249d17d59ecbf9329e796dfed6fb630"}
{"seq":45,"ts":1781825220000,"agent_id":"persona-team","symbol":"ETHUSDT","side":"sell","price":1706.985662162365,"quantity":0.15706167526936068,"notional_usd":268.10202776,"fee_usd":0.16086121665599998,"balance_before_usd":9985.869575946854,"balance_after_usd":9985.651491219054,"decision":"ALLOW","cert_hash":"64c17e5eea2a67904f5b7e34f3ad6a6b2d0464ee247b0151590aa507740ef403","prev_hash":"390f5d5248e49432136c6c54e1fe5c356e05fead61eb5ff787420be5e3506607","record_hash":"d8737648ffc9967366d104b9fcc524dbe44c1edd62f889284923b050b2cd5984","signature_hex":"2fc8ba94d29692ceba77b51b0c2379a5958b6d08ff066a55e04595c0667e96fe7c56b471ad765224615ff21137bd94f4e428f937cda871bf3ec512ad541a5c04","public_key_hex":"c2f8243b0d573587f285c830a868acd19249d17d59ecbf9329e796dfed6fb630"}
{"seq":46,"ts":1781825580000,"agent_id":"persona-team","symbol":"ETHUSDT","side":"buy","price":1709.990538002472,"quantity":0.12719930029208473,"notional_usd":217.50959994,"fee_usd":0.130505759964,"balance_before_usd":9984.375269705784,"balance_after_usd":9984.198903764178,"decision":"ALLOW","cert_hash":"ccbefa8041a2b61554e180955fa3322f51c6319f5b35e09c66a24939a90c6620","prev_hash":"d8737648ffc9967366d104b9fcc524dbe44c1edd62f889284923b050b2cd5984","record_hash":"8db013b9d04d531b39ee9b2756ad6d8edc8bebf42f13cc987b4d8b576f356638","signature_hex":"ccafdb249b8dfe95143a5d7296c420594a9cc0650124d10f3e4c073ce091150e8d3d7340e55a83a075495c68089a6bff330da3ed3f007fd0ab813a916cc2e90f","public_key_hex":"c2f8243b0d573587f285c830a868acd19249d17d59ecbf9329e796dfed6fb630"}
{"seq":47,"ts":1781825640000,"agent_id":"persona-team","symbol":"ETHUSDT","side":"buy","price":1709.4690344706046,"quantity":0.1176974571477444,"notional_usd":201.20015843,"fee_usd":0.120720095058,"balance_before_usd":9984.423828192455,"balance_after_usd":9984.26085065318,"decision":"ALLOW","cert_hash":"8be8cc5fe972697a4e12fef2554542161069fb439d61d7a99937904cb5a624ca","prev_hash":"8db013b9d04d531b39ee9b2756ad6d8edc8bebf42f13cc987b4d8b576f356638","record_hash":"9fef3388bad68622145f4b375257696d96164f6f57215ef6a07dce7088b576b4","signature_hex":"8aeb02fcc0b544117a5d9347a8b009a8a1c503d236a2b2970d55615ccd5dab81786c1e44c64bf036cb495e76bfa30e121fa646a777888e3763993fd1b631130b","public_key_hex":"c2f8243b0d573587f285c830a868acd19249d17d59ecbf9329e796dfed6fb630"}
{"seq":48,"ts":1781826180000,"agent_id":"persona-team","symbol":"ETHUSDT","side":"buy","price":1709.4554146595046,"quantity":0.2298621040890189,"notional_usd":392.93901846,"fee_usd":0.23576341107600002,"balance_before_usd":9984.27029613879,"balance_after_usd":9983.948239124175,"decision":"ALLOW","cert_hash":"9933d6eccfd626dd2554656292078a2640005c2097b2ef21de4d250777f333f9","prev_hash":"9fef3388bad68622145f4b375257696d96164f6f57215ef6a07dce7088b576b4","record_hash":"26376e32e02710dae7031e14567927038d678ef7c760742f219847eca7d50bb6","signature_hex":"0b57fbfee6c200a3d0318244b3df064fd833f4773a4a80cce8642d0425650e393d6ff0913f8592ef61761caa6c94d94d8670255996d8b0c1f05fe9447cf1f30f","public_key_hex":"c2f8243b0d573587f285c830a868acd19249d17d59ecbf9329e796dfed6fb630"}
{"seq":49,"ts":1781826480000,"agent_id":"persona-team","symbol":"ETHUSDT","side":"buy","price":1708.0578812709264,"quantity":0.2490699320759847,"notional_usd":425.42586047,"fee_usd":0.255255516282,"balance_before_usd":9984.067221506884,"balance_after_usd":9983.717847128119,"decision":"ALLOW","cert_hash":"bd4af8e0c664fa19c13dabf75bfd62e886b593881c74cdb47a3c0d077b636cf5","prev_hash":"26376e32e02710dae7031e14567927038d678ef7c760742f219847eca7d50bb6","record_hash":"d372b58918eb57ffca6298f977c4140ed01d17869fb0caa114d5cf53ca0fda6e","signature_hex":"0f5ecd4cfca839fb5f74266f18381b144eb81bd0feb9b7a20bd178b965cb408dcec9a339ed255bdad93f0ed026c8a4aacfeec8466c4a9ab5c1e4c78812fc9900","public_key_hex":"c2f8243b0d573587f285c830a868acd19249d17d59ecbf9329e796dfed6fb630"}
{"seq":50,"ts":1781826540000,"agent_id":"persona-team","symbol":"ETHUSDT","side":"sell","price":1708.999624919992,"quantity":0.26371569611731155,"notional_usd":450.69002575,"fee_usd":0.27041401545,"balance_before_usd":9983.99678740507,"balance_after_usd":9983.626062510612,"decision":"ALLOW","cert_hash":"3d851003331215f28c9f1988cdcd87b134c1649c00ef24fc67256589ceaa8904","prev_hash":"d372b58918eb57ffca6298f977c4140ed01d17869fb0caa114d5cf53ca0fda6e","record_hash":"7ac9c808fef39d66e620e1d2dcc3bbd72022c49848e56848d28c1db1bafb82c5","signature_hex":"e0e292f3a7eea0da74dd6c41120340c5d55ccf8bc419ccc6a4f3feb3b8aadb6aef50dfd25aec4ca6d182883782443235391b01904a00d232aacc593238142702","public_key_hex":"c2f8243b0d573587f285c830a868acd19249d17d59ecbf9329e796dfed6fb630"}
{"seq":51,"ts":1781826600000,"agent_id":"persona-team","symbol":"ETHUSDT","side":"sell","price":1709.768577452606,"quantity":0.2695904210479485,"notional_usd":460.93723069,"fee_usd":0.27656233841399996,"balance_before_usd":9983.54934496181,"balance_after_usd":9983.169954758247,"decision":"ALLOW","cert_hash":"d175891d3177b26af16f3e7cb388164309710249e668a24a58260e7eab7c9f0e","prev_hash":"7ac9c808fef39d66e620e1d2dcc3bbd72022c49848e56848d28c1db1bafb82c5","record_hash":"b4e2794d2b1d09abbbeb6d57f3a8c3ffd832ee0d3bdb1ac230879db9057a9305","signature_hex":"1c84c1c4b6d02653e6bc7d4394332ed1bd4124e3aafd07ac55ff8d53daef5296a565735715adde3b3ccec64cd92efd163de8c7445cdcb1d85a6db2280d804608","public_key_hex":"c2f8243b0d573587f285c830a868acd19249d17d59ecbf9329e796dfed6fb630"}
{"seq":52,"ts":1781826660000,"agent_id":"persona-team","symbol":"ETHUSDT","side":"buy","price":1710.096149017972,"quantity":0.16542499542639866,"notional_usd":282.89264763,"fee_usd":0.169735588578,"balance_before_usd":9983.325028670797,"balance_after_usd":9983.094722882597,"decision":"ALLOW","cert_hash":"00fc299a02a2a7b68d833abbaa692c00c885211d13e47b68834c324c8f30f286","prev_hash":"b4e2794d2b1d09abbbeb6d57f3a8c3ffd832ee0d3bdb1ac230879db9057a9305","record_hash":"257a0435d851a0b9b58375b2b82a9b99328bf1ca7413d98e2c0fa9b58269efb7","signature_hex":"76af49363d6f32a9a8af50dfffc3e3df14cb275d469fd8e04904edb91d62e0394684e21b946e44bb5dd13490a8cfc9fd121f0e57333fc980511d86d0210c2300","public_key_hex":"c2f8243b0d573587f285c830a868acd19249d17d59ecbf9329e796dfed6fb630"}
{"seq":53,"ts":1781826720000,"agent_id":"persona-team","symbol":"ETHUSDT","side":"sell","price":1709.9693997271388,"quantity":0.19525369452416935,"notional_usd":333.87784282,"fee_usd":0.200326705692,"balance_before_usd":9982.970405733007,"balance_after_usd":9982.697717954848,"decision":"ALLOW","cert_hash":"c97907daef1d3d7dd77c56a66916dd7e3951f39b57777ae67706b4ce209a9355","prev_hash":"257a0435d851a0b9b58375b2b82a9b99328bf1ca7413d98e2c0fa9b58269efb7","record_hash":"153ebf4f74b597b270e87efd76c845761741996df278e4ef9249ac7c2056b7fa","signature_hex":"5cfb6f7fb14e974b17c3645825adcf726147ae11f375de55f4c3e7069401a20b4550f9e8891d100eaf8becfb886941da7b761637b8e71338fe7c603cf27a390e","public_key_hex":"c2f8243b0d573587f285c830a868acd19249d17d59ecbf9329e796dfed6fb630"}
{"seq":54,"ts":1781826960000,"agent_id":"persona-team","symbol":"ETHUSDT","side":"buy","price":1710.507423279485,"quantity":0.2418758425828821,"notional_usd":413.73042425,"fee_usd":0.24823825455,"balance_before_usd":9982.781518937933,"balance_after_usd":9982.441991109648,"decision":"ALLOW","cert_hash":"e6d59ae499035caf036bd2c86237e287d18e2b5c6a5652ece7a1dd0daa27c685","prev_hash":"153ebf4f74b597b270e87efd76c845761741996df278e4ef9249ac7c2056b7fa","record_hash":"fef820d990de50900689602bb85620a9a9ff4f2b0ed855175349b63754f70840","signature_hex":"8f59a76071f19a57c7eade574969a384e572c1eb014ebf81a4a378dba9acee683b57c3cefc49136eb05ba28d06deaf448d6759a79c416426193251ff11089d0d","public_key_hex":"c2f8243b0d573587f285c830a868acd19249d17d59ecbf9329e796dfed6fb630"}
{"seq":55,"ts":1781827020000,"agent_id":"persona-team","symbol":"ETHUSDT","side":"sell","price":1710.5587385122087,"quantity":0.2671609387570518,"notional_usd":456.99447838,"fee_usd":0.274196687028,"balance_before_usd":9982.314678178811,"balance_after_usd":9981.938623314792,"decision":"ALLOW","cert_hash":"e3e8eaf03436b3baf01ec6614d4b0c39fb8c15fae629283d65beae2102ef1445","prev_hash":"fef820d990de50900689602bb85620a9a9ff4f2b0ed855175349b63754f70840","record_hash":"ba1c559ae657c40e972522e8092a13dbdc9a2cfa8689808abe6f853a2dfc681a","signature_hex":"eb11e81c552e959ddd7dd0056fb24cdf76543a95d16b680998a1fcf874bf6be0911f1fb887849c7f89df33b4066e37baafc3110d306057f0869670516b547e06","public_key_hex":"c2f8243b0d573587f285c830a868acd19249d17d59ecbf9329e796dfed6fb630"}
{"seq":56,"ts":1781827080000,"agent_id":"persona-team","symbol":"ETHUSDT","side":"buy","price":1710.589539845034,"quantity":0.25621202302552615,"notional_usd":438.27360657,"fee_usd":0.262964163942,"balance_before_usd":9982.248389614299,"balance_after_usd":9981.888182778843,"decision":"ALLOW","cert_hash":"edfbc435553d861dd0d7d4c7eeab0803fbfb04792884c3a7e2e27c902c97c346","prev_hash":"ba1c559ae657c40e972522e8092a13dbdc9a2cfa8689808abe6f853a2dfc681a","record_hash":"5b4416c402e9ffb4cc4f8c505e2d2a5aa4c311468542b2ea5017b8ceaee2a053","signature_hex":"cddcb66552c090ceec310a5dd75e6aea15ac2b5c876132a0064e0a90934f49ba0813b7a2bf30eaeed696b7f2f1e5595202e3de47e2edc47ed36ab132c8f26d02","public_key_hex":"c2f8243b0d573587f285c830a868acd19249d17d59ecbf9329e796dfed6fb630"}
{"seq":57,"ts":1781827260000,"agent_id":"persona-team","symbol":"ETHUSDT","side":"buy","price":1709.5609516742502,"quantity":0.26759327119748605,"notional_usd":457.46700737,"fee_usd":0.274480204422,"balance_before_usd":9982.061351913606,"balance_after_usd":9981.684931604505,"decision":"ALLOW","cert_hash":"ad539c3ea8e229f2d0886c6fa212d54f025e64d00f36eb3348d948226189d798","prev_hash":"5b4416c402e9ffb4cc4f8c505e2d2a5aa4c311468542b2ea5017b8ceaee2a053","record_hash":"c98906ae3ef20a785e694d6ae70d39f3b7a1a1e2459ccd926c7b859487e01d44","signature_hex":"8e2a709f77186e6a9ac8c7fa896b0155ce4746db2e0da79e0ffd4ce4e2af140a2d9802c35ef8743280f1bd260654214230e1df248e17f5ae4d4b8fb8005ad10f","public_key_hex":"c2f8243b0d573587f285c830a868acd19249d17d59ecbf9329e796dfed6fb630"}
{"seq":58,"ts":1781827440000,"agent_id":"persona-team","symbol":"ETHUSDT","side":"sell","price":1710.1344530128943,"quantity":0.3655324460943345,"notional_usd":625.10962976,"fee_usd":0.375065777856,"balance_before_usd":9981.819213266319,"balance_after_usd":9981.29956223072,"decision":"ALLOW","cert_hash":"ec7349cd0071d6fc1bcd2451e43b7160c6403662b5bedca85653e4f6b6f3d8de","prev_hash":"c98906ae3ef20a785e694d6ae70d39f3b7a1a1e2459ccd926c7b859487e01d44","record_hash":"2afcdd6cd00d6518b3e603d5994fb7c7c1268d8bfdc29667f89a138df35863b1","signature_hex":"021e7b2a8fae3551a60f0c731531b38e408c05df55ffb5cf1f513bdd7e311bf266231872bd8d74d2b3c62c913ceda77c41f9b9333f3f5635fd182541e9717008","public_key_hex":"c2f8243b0d573587f285c830a868acd19249d17d59ecbf9329e796dfed6fb630"}
{"seq":59,"ts":1781827560000,"agent_id":"persona-team","symbol":"ETHUSDT","side":"buy","price":1709.234515989355,"quantity":0.4295180566576929,"notional_usd":734.14708768,"fee_usd":0.44048825260800006,"balance_before_usd":9981.751871963092,"balance_after_usd":9981.137636788848,"decision":"ALLOW","cert_hash":"0b95d6d09289850e1d0ab2efa0ac4858df368bef85cd2331ceaf2987bf844393","prev_hash":"2afcdd6cd00d6518b3e603d5994fb7c7c1268d8bfdc29667f89a138df35863b1","record_hash":"4df25221e1b1ac2c37426976361f19a452336de6fec37796a3abc12daeda1f9d","signature_hex":"ed83e4835dc9cf732a1b1d0be3016310e883518f4fc8afc12a3c60be5125688f022ed7aa294c0fe33a3275f14ee1bd186cfcd41f2530ded9b40ad6f7c04b2c0b","public_key_hex":"c2f8243b0d573587f285c830a868acd19249d17d59ecbf9329e796dfed6fb630"}
{"seq":60,"ts":1781827800000,"agent_id":"persona-team","symbol":"ETHUSDT","side":"sell","price":1709.4141719155155,"quantity":0.16348848854273582,"notional_usd":279.46953926,"fee_usd":0.167681723556,"balance_before_usd":9981.292917621642,"balance_after_usd":9981.065427217487,"decision":"ALLOW","cert_hash":"e136991a7eb27023a37006ed74c9c073ccb419ee23d883958c64fdbfa04100e4","prev_hash":"4df25221e1b1ac2c37426976361f19a452336de6fec37796a3abc12daeda1f9d","record_hash":"6a48028c5d7d9a5e4f2c12704a193b0ca226cc95b213d50314c554ec5c011f7c","signature_hex":"b13959fe38a5569d004d11e63030459d0ea1de2560d5416a76a9d2c5b7ad941dfb7c396145091757e853acb1c104c53b719ac8a95813a2a32e814b52306fdf05","public_key_hex":"c2f8243b0d573587f285c830a868acd19249d17d59ecbf9329e796dfed6fb630"}
{"seq":61,"ts":1781827920000,"agent_id":"persona-team","symbol":"ETHUSDT","side":"buy","price":1708.4579124692627,"quantity":0.18007512854404895,"notional_usd":307.6507782,"fee_usd":0.18459046692,"balance_before_usd":9981.06548633426,"balance_after_usd":9980.814643982143,"decision":"ALLOW","cert_hash":"e6bc5ec88df34d2a102bc6625075540930cf8ee90ec0aa2402dee7b67fcbad64","prev_hash":"6a48028c5d7d9a5e4f2c12704a193b0ca226cc95b213d50314c554ec5c011f7c","record_hash":"b28bb8b05902c11394feb21a8356032b15be6de1279093d2e25163255aed0cd9","signature_hex":"1658c491006f28eba90d9e7f6909b1bf836c8158be82ad2bd11ce6872903cbaac8277c2edd912c8111b4eefcfc4b5c108ecaca938325dd54c9c70500ae00630b","public_key_hex":"c2f8243b0d573587f285c830a868acd19249d17d59ecbf9329e796dfed6fb630"}
{"seq":62,"ts":1781827980000,"agent_id":"persona-team","symbol":"ETHUSDT","side":"sell","price":1708.8897406865362,"quantity":0.12618113552099158,"notional_usd":215.62964796,"fee_usd":0.12937778877599998,"balance_before_usd":9981.02349055406,"balance_after_usd":9980.84865483603,"decision":"ALLOW","cert_hash":"7a3f433ab5363ad15f021931ccaac5b9ea9277aec364a808bd56ee3b8d615867","prev_hash":"b28bb8b05902c11394feb21a8356032b15be6de1279093d2e25163255aed0cd9","record_hash":"1b26ab46afcecba89a7e21d611990891d6811ba84231bbfd2089f3a8832bb2dd","signature_hex":"09b17de3f971565d323c18dcc0f0e6e2eab952cb8e16cec3c616af7d2c2bc2e29b3f40e8c0f387184cfddc36b69f15535249e6b6649dda813bc007257ef5270e","public_key_hex":"c2f8243b0d573587f285c830a868acd19249d17d59ecbf9329e796dfed6fb630"}
{"seq":63,"ts":1781828100000,"agent_id":"persona-team","symbol":"ETHUSDT","side":"sell","price":1709.378381745308,"quantity":0.13473873205582454,"notional_usd":230.31947576,"fee_usd":0.138191685456,"balance_before_usd":9980.875045752246,"balance_after_usd":9980.688130081664,"decision":"ALLOW","cert_hash":"db9ea6789e9a5a6cc26d988f52ea411eb7ba78bbc49af0463ddba14d94aeeba5","prev_hash":"1b26ab46afcecba89a7e21d611990891d6811ba84231bbfd2089f3a8832bb2dd","record_hash":"2158be725d13799348e83c343e1dc2d3cb8ec0feb24e3e518f66a32ae93f8868","signature_hex":"a69668c15be00c103ea35ca28f774c2a3da137879d191a2ed8f658e29170a2f2cfbe686655ed1723790f66f1d311c1a6e856805a99d5e4e34445c28da3d3e30d","public_key_hex":"c2f8243b0d573587f285c830a868acd19249d17d59ecbf9329e796dfed6fb630"}
{"seq":64,"ts":1781828280000,"agent_id":"persona-team","symbol":"ETHUSDT","side":"sell","price":1710.5147133858236,"quantity":0.2947394279480147,"notional_usd":504.15612812,"fee_usd":0.302493676872,"balance_before_usd":9980.594309607193,"balance_after_usd":9980.178256774061,"decision":"ALLOW","cert_hash":"1fd032ac5c2de7e564a6cbba1b1e8d0dd1860b546edb1d40b2321f94a1f2c2bc","prev_hash":"2158be725d13799348e83c343e1dc2d3cb8ec0feb24e3e518f66a32ae93f8868","record_hash":"4e0d759625914c51c6a75c11b44005c16037680d01aa279fbfab00c4c6def159","signature_hex":"73085a4d916d4ae27f56af3636c06e3157e1a3bf78a69058d84850c0d7e10376d578ae8de1e45dad94e03bfa2b07ad25d33585eabca6b5c485ef64f5eea14d05","public_key_hex":"c2f8243b0d573587f285c830a868acd19249d17d59ecbf9329e796dfed6fb630"}
{"seq":65,"ts":1781828340000,"agent_id":"persona-team","symbol":"ETHUSDT","side":"sell","price":1713.2310148592398,"quantity":0.17906513321275894,"notional_usd":306.7799399,"fee_usd":0.18406796393999997,"balance_before_usd":9979.164085076298,"balance_after_usd":9978.913944738973,"decision":"ALLOW","cert_hash":"00b7b91cfea796a7be273b19ebba2ed74d13e6c17b8673ec0c82e828d615c875","prev_hash":"4e0d759625914c51c6a75c11b44005c16037680d01aa279fbfab00c4c6def159","record_hash":"30260b5e11d11c6e93180eed6a8973a96b9e322e1e4f6fece1929ad7fec49280","signature_hex":"c4dcff3b9def905948eb482c676e2fff034793c0d02308fa8b5e1c8afa412392d7403d6041a633c72d5982d4ce759485f941cc178656bdf9f7a66b12472f7807","public_key_hex":"c2f8243b0d573587f285c830a868acd19249d17d59ecbf9329e796dfed6fb630"}
{"seq":66,"ts":1781828520000,"agent_id":"persona-team","symbol":"ETHUSDT","side":"buy","price":1711.9968708173249,"quantity":0.1673904033382886,"notional_usd":286.57184672,"fee_usd":0.171943108032,"balance_before_usd":9980.006672771622,"balance_after_usd":9979.773319009504,"decision":"ALLOW","cert_hash":"7524027d59d258093db44bb5bf0c5af14ab99da83b7e4ab6d7d4f73256a40a63","prev_hash":"30260b5e11d11c6e93180eed6a8973a96b9e322e1e4f6fece1929ad7fec49280","record_hash":"a19b1174f8d9a32189eb5422e8a8e71b111876bee8f9a0cf2d2edb8dfda7491f","signature_hex":"7513250a84557f60a9cd12a5fc5ffed6562780792763843a1d5b7d5ff5dd88569542512a74c87db5aaacd13145fe7b455a8cddb71a8d9140db3be4daface3906","public_key_hex":"c2f8243b0d573587f285c830a868acd19249d17d59ecbf9329e796dfed6fb630"}
{"seq":67,"ts":1781828820000,"agent_id":"persona-team","symbol":"ETHUSDT","side":"buy","price":1711.972983442459,"quantity":0.14089174967293344,"notional_usd":241.20286903,"fee_usd":0.144721721418,"balance_before_usd":9979.781064887047,"balance_after_usd":9979.585201793321,"decision":"ALLOW","cert_hash":"fcd11c4e94b4adbbeea956df062c4d5c58c7f98766cb8fc5204771f5d2ff09c8","prev_hash":"a19b1174f8d9a32189eb5422e8a8e71b111876bee8f9a0cf2d2edb8dfda7491f","record_hash":"4451398939c6cf365fa8b807e8d31397b6adeb268147c95501cbaf491386cd1b","signature_hex":"cbcb8615c9b2e3ba100473abc2f943e3541d54c822dcdfdb23cc2effde88ea66d9f6bdb8fd5d14425be78694484003e227ff9c078053472411d8cf993e1be30f","public_key_hex":"c2f8243b0d573587f285c830a868acd19249d17d59ecbf9329e796dfed6fb630"}
{"seq":68,"ts":1781829000000,"agent_id":"persona-team","symbol":"ETHUSDT","side":"sell","price":1713.112091292308,"quantity":0.2400446990539821,"notional_usd":411.2234764,"fee_usd":0.24673408583999998,"balance_before_usd":9979.121965793582,"balance_after_usd":9978.784516725733,"decision":"ALLOW","cert_hash":"c23cd9d33612dd729a38c4203b1430ca325825d055f187fa76e23bd531d2551d","prev_hash":"4451398939c6cf365fa8b807e8d31397b6adeb268147c95501cbaf491386cd1b","record_hash":"e8b537fccb0fbe6a0ce4eb93fa5cfc4bf98a2c8e39df0691605d9be16524b483","signature_hex":"91bb61dea9ea1f6d13830409f729037ac479706b32cf980c59ba1c18e6a4d01471cff590b91f227cf9170ac55c742a503d4cd26cef56d39dbe33e18d07658a03","public_key_hex":"c2f8243b0d573587f285c830a868acd19249d17d59ecbf9329e796dfed6fb630"}
{"seq":69,"ts":1781829180000,"agent_id":"persona-team","symbol":"ETHUSDT","side":"buy","price":1714.301345047554,"quantity":0.19426265846554652,"notional_usd":333.0247367,"fee_usd":0.19981484202000002,"balance_before_usd":9978.57048012204,"balance_after_usd":9978.298526803874,"decision":"ALLOW","cert_hash":"9fc6d1ce50098c50a77ad492c787510533dc849d66872fe713b945e825ffae95","prev_hash":"e8b537fccb0fbe6a0ce4eb93fa5cfc4bf98a2c8e39df0691605d9be16524b483","record_hash":"42244624dd43d902635c451557300c4d0cd9dfda604e55b13f28eb01c3b12164","signature_hex":"37a2df4692ca41e49dccf4f0dec0950404f067360cbe62c36be3eb93c02fb90ae615cba9928a705256eb1f15de898ef01d476bd38fb04cd7db3d285b6d3d5e0d","public_key_hex":"c2f8243b0d573587f285c830a868acd19249d17d59ecbf9329e796dfed6fb630"}
{"seq":70,"ts":1781829240000,"agent_id":"persona-team","symbol":"ETHUSDT","side":"sell","price":1713.710775614258,"quantity":0.17994030894126242,"notional_usd":308.3656464,"fee_usd":0.18501938784,"balance_before_usd":9978.254699178658,"balance_after_usd":9978.003241440778,"decision":"ALLOW","cert_hash":"313aaedbadfd7cebd1a283bdfdea6eedcb469ae6a4bc2939de30215e4f52d0d6","prev_hash":"42244624dd43d902635c451557300c4d0cd9dfda604e55b13f28eb01c3b12164","record_hash":"4164cf6c221d2f9369703e31736f3fb29ce8a24acf05108efdc33614c3c06e2e","signature_hex":"c93a72171342b72c0ee633658f756d49b182485d94a7b726e1733c4dd53bb50495c23c0edf3b53c0b9683f1d3bfdd0e46f45f462b8ff265ebc987e8d1592860d","public_key_hex":"c2f8243b0d573587f285c830a868acd19249d17d59ecbf9329e796dfed6fb630"}
{"seq":71,"ts":1781829420000,"agent_id":"persona-team","symbol":"ETHUSDT","side":"buy","price":1714.565635951054,"quantity":0.1549893926939675,"notional_usd":265.73948665,"fee_usd":0.15944369199,"balance_before_usd":9977.946586503533,"balance_after_usd":9977.730473117543,"decision":"ALLOW","cert_hash":"7e369c8161c41baed31019975880b937c6e77ceccf6a376b5f403e0d004c44b4","prev_hash":"4164cf6c221d2f9369703e31736f3fb29ce8a24acf05108efdc33614c3c06e2e","record_hash":"e2e64285c7d766890496ff42a4ff92d245a778ec6b788dafd31838ba235a9fe6","signature_hex":"e8505c3f62eaca9bda12f3e7b7075d241b064f918a6892d614ff6a068bad23c7284160cbe3076e44df071930bdf2d15fab012963462205de1c9ffcc6b1c90e0d","public_key_hex":"c2f8243b0d573587f285c830a868acd19249d17d59ecbf9329e796dfed6fb630"}
{"seq":72,"ts":1781829480000,"agent_id":"persona-team","symbol":"ETHUSDT","side":"buy","price":1713.3922473817338,"quantity":0.27000685151747933,"notional_usd":462.62764613,"fee_usd":0.27757658767800003,"balance_before_usd":9978.107863867926,"balance_after_usd":9977.727077868207,"decision":"ALLOW","cert_hash":"0fc96d4052c9a17fd1df83b2a83b155040bc6a9747ea00233d792ce6984406a5","prev_hash":"e2e64285c7d766890496ff42a4ff92d245a778ec6b788dafd31838ba235a9fe6","record_hash":"941aa04a4fc247535d3ca2ed45970acb3466f047f03d70794dcba442c5d95b57","signature_hex":"4da7b974f4e8d92eccff0b0824871dd4d62a01b7ce49d323e7cde486db3329484f9e944c2b4a4a0594a872f8cdf224010e8da7cde370db4fc7bb8b2b41bf920d","public_key_hex":"c2f8243b0d573587f285c830a868acd19249d17d59ecbf9329e796dfed6fb630"}
{"seq":73,"ts":1781829660000,"agent_id":"persona-team","symbol":"ETHUSDT","side":"sell","price":1713.3997833491342,"quantity":0.25528988476641445,"notional_usd":437.41363325,"fee_usd":0.26244817994999997,"balance_before_usd":9977.69078912892,"balance_after_usd":9977.331275483984,"decision":"ALLOW","cert_hash":"42b162809bee3de6b4c08b755057c15842095c54baec80a8c22a5856600aceff","prev_hash":"941aa04a4fc247535d3ca2ed45970acb3466f047f03d70794dcba442c5d95b57","record_hash":"1177817574b55b9f753493db340018f47042453adf8d360247ae443a400366e0","signature_hex":"36c6efddf83943f9fd78ebc9ca180ce902b57b0e8822758cba421665804e0a0c52b77a66fbb0a3bf5d43fb0d7daac945317a762dccd101ff824205ad9d72b009","public_key_hex":"c2f8243b0d573587f285c830a868acd19249d17d59ecbf9329e796dfed6fb630"}
{"seq":74,"ts":1781829840000,"agent_id":"persona-team","symbol":"ETHUSDT","side":"sell","price":1714.8278247348596,"quantity":0.13025956048067802,"notional_usd":223.37271875,"fee_usd":0.13402363125,"balance_before_usd":9976.904865938159,"balance_after_usd":9976.723665516056,"decision":"ALLOW","cert_hash":"719d1c87fe06b83bfb020af2647672401436cb9c9d92394d937fa629a204f726","prev_hash":"1177817574b55b9f753493db340018f47042453adf8d360247ae443a400366e0","record_hash":"8c5f25bffc45c160e24e6bb054476aa12b274326b06c8c11039897adbaa8bb22","signature_hex":"f2852996b9e22fe066f2e41b695fec0f13ad9f8d84262aea58eb51032e7f22bc3adfaf3f426862ea61deab3631317c03ea7055908aa546102ae6a7b281520e03","public_key_hex":"c2f8243b0d573587f285c830a868acd19249d17d59ecbf9329e796dfed6fb630"}
{"seq":75,"ts":1781829900000,"agent_id":"persona-team","symbol":"ETHUSDT","side":"buy","price":1714.7297741322882,"quantity":0.18289368593293306,"notional_usd":313.61324877,"fee_usd":0.188167949262,"balance_before_usd":9977.082787988867,"balance_after_usd":9976.82699068559,"decision":"ALLOW","cert_hash":"fa91516d5a2b77051f032ae9bee82ca56caa925609f591cabf50b04f02c1f8cc","prev_hash":"8c5f25bffc45c160e24e6bb054476aa12b274326b06c8c11039897adbaa8bb22","record_hash":"b870d85579e265d457931fee3549be528bcf147583298c5306900d60664a6026","signature_hex":"226f9d79ba203ec52d9a09131990c0d92ca84ac125755971b68a74951c29e1942da4bac7fb4ce25e277143a038a1bd3eff3bc20a8a264c340aa9b1564a36bb06","public_key_hex":"c2f8243b0d573587f285c830a868acd19249d17d59ecbf9329e796dfed6fb630"}
{"seq":76,"ts":1781830200000,"agent_id":"persona-team","symbol":"ETHUSDT","side":"buy","price":1714.8304992320263,"quantity":0.1196338536268603,"notional_usd":205.15178094,"fee_usd":0.12309106856400001,"balance_before_usd":9976.799514446453,"balance_after_usd":9976.633295465532,"decision":"ALLOW","cert_hash":"02b789361b19f76a9fe61f9ebbadda697e10566bcc425bbcc95bb9ee970d4149","prev_hash":"b870d85579e265d457931fee3549be528bcf147583298c5306900d60664a6026","record_hash":"bcd0e248c1164992ce5d48f3e46d3d8550d30f54363fc7866c661a629eb3423e","signature_hex":"3ccc6e187a05729be8d31f026d37ffcbe0e9051eb45797717e9853dad27b1ef8cb54259edbade2db6d389151b5433710037160b7270769934af472daf1958505","public_key_hex":"c2f8243b0d573587f285c830a868acd19249d17d59ecbf9329e796dfed6fb630"}
{"seq":77,"ts":1781830260000,"agent_id":"persona-team","symbol":"ETHUSDT","side":"buy","price":1714.341932333194,"quantity":0.130122661193032,"notional_usd":223.07473443,"fee_usd":0.133844840658,"balance_before_usd":9976.697069033411,"balance_after_usd":9976.516128594385,"decision":"ALLOW","cert_hash":"63cff836e79638215227b63cd140a168538e0de22200f607844003bd30558d34","prev_hash":"bcd0e248c1164992ce5d48f3e46d3d8550d30f54363fc7866c661a629eb3423e","record_hash":"81b655a36e7b49a961f23c423281135e040b6bcc445e4d172c993b3c6664cffc","signature_hex":"b71cb39b2334da102ddc6b3c27ad14994e99549632b057dfd94ca1d13e5dd635c87d46e632548083f964fce2d37d69e52c87dedb925c536e8c0baaf79f831d0a","public_key_hex":"c2f8243b0d573587f285c830a868acd19249d17d59ecbf9329e796dfed6fb630"}
{"seq":78,"ts":1781830500000,"agent_id":"persona-team","symbol":"ETHUSDT","side":"buy","price":1712.8275756672015,"quantity":0.17090191240993655,"notional_usd":292.72550831,"fee_usd":0.175635304986,"balance_before_usd":9976.516170359931,"balance_after_usd":9976.277715670465,"decision":"ALLOW","cert_hash":"49d6e570e9bab08f4666e26e472eb42f0dc0c4ce4ae8ffdc4f1f086831f6f582","prev_hash":"81b655a36e7b49a961f23c423281135e040b6bcc445e4d172c993b3c6664cffc","record_hash":"e1765b0497447e2b9b1cbeefd832ff85c043b32983b37333eafe2312aaf46bff","signature_hex":"63093116dba9e2b23f619320340f87e3bf85994f15501124270a353d99a8a4c03b45d07989bd7baddc91b2a38b19ef05e761bb2aaa05f6c0b2372ea7f257b006","public_key_hex":"c2f8243b0d573587f285c830a868acd19249d17d59ecbf9329e796dfed6fb630"}
{"seq":79,"ts":1781830920000,"agent_id":"persona-team","symbol":"ETHUSDT","side":"sell","price":1713.7584642197241,"quantity":0.26367446477105444,"notional_usd":451.8743458,"fee_usd":0.27112460748000006,"balance_before_usd":9976.564784721393,"balance_after_usd":9976.19305887126,"decision":"ALLOW","cert_hash":"f24e30182eb5043f5162ce2d7b5b0594b965535adc844572785ffad0d39da7fd","prev_hash":"e1765b0497447e2b9b1cbeefd832ff85c043b32983b37333eafe2312aaf46bff","record_hash":"19f465369bd2b041cf2e84db791027d92f91f6284fd8b8ee1aa2febe56d836f3","signature_hex":"258d0cc4db2a69f4a0b2362eba95bcc6e8c2bfb02769b8c753096f10097cef50138e41bda0a8f76980a14c90532500b52379f3cb91a7492fd6221e1eebdc7808","public_key_hex":"c2f8243b0d573587f285c830a868acd19249d17d59ecbf9329e796dfed6fb630"}
{"seq":80,"ts":1781830980000,"agent_id":"persona-team","symbol":"ETHUSDT","side":"sell","price":1716.6870491777518,"quantity":0.4719231821012677,"notional_usd":810.14441492,"fee_usd":0.486086648952,"balance_before_usd":9975.918370783364,"balance_after_usd":9975.237403068324,"decision":"ALLOW","cert_hash":"62df9ca52a8e66c45a2462615c6da8b34cf8a3b7c214efe88706d5ed38019cb7","prev_hash":"19f465369bd2b041cf2e84db791027d92f91f6284fd8b8ee1aa2febe56d836f3","record_hash":"ce04247a3ba81b86fcf8a5e511af07799c9fbc898e7a5bd673f9cb193aab6505","signature_hex":"3a8cf627650a10f2fd9c965c21fa061d4c861d0e2c3eb22c28b5afafb0573a398aa0252ce473dd4a77e8289c84a37a4506acee8738bee37cf792e6b919132e0d","public_key_hex":"c2f8243b0d573587f285c830a868acd19249d17d59ecbf9329e796dfed6fb630"}
{"seq":81,"ts":1781831220000,"agent_id":"persona-team","symbol":"ETHUSDT","side":"buy","price":1716.1254898486627,"quantity":0.2874616068685651,"notional_usd":493.3201909,"fee_usd":0.29599211454,"balance_before_usd":9976.005426636366,"balance_after_usd":9975.598620990499,"decision":"ALLOW","cert_hash":"970fbb47c475fff2216f02d4535b33c73d23b5d6179adfe0f3020e93552aaca2","prev_hash":"ce04247a3ba81b86fcf8a5e511af07799c9fbc898e7a5bd673f9cb193aab6505","record_hash":"c4462640497cc116758bb24154e90ef3bc154051444c1b36e4547f6d95464f68","signature_hex":"09eec332c89df90f7cd83c411544a253ce9fb1fb76ada8d566cd11d576d832ff89c0cee98afc8a911e18146f09df909c00a9f6628dddeb8128edd8b001afe102","public_key_hex":"c2f8243b0d573587f285c830a868acd19249d17d59ecbf9329e796dfed6fb630"}
{"seq":82,"ts":1781831340000,"agent_id":"persona-team","symbol":"ETHUSDT","side":"buy","price":1713.6031635886582,"quantity":0.344029286515436,"notional_usd":589.52967374,"fee_usd":0.353717804244,"balance_before_usd":9976.300092850965,"balance_after_usd":9975.811115257831,"decision":"ALLOW","cert_hash":"6a05a262b4d403943e5e50e64a87faf7fada67d5ffacd310388c594d3ca3b569","prev_hash":"c4462640497cc116758bb24154e90ef3bc154051444c1b36e4547f6d95464f68","record_hash":"1d30670d9fdcea0fae3b5cc771805cf1a6fb2353429c181549fd42db453b09d6","signature_hex":"9620b7917bd12f55884a49e1c2889215e3f6025cfdbbc520497954409ce9600967b6cc9f5d056ccba41d542cc4217a97452aca560a2b6c5570c3b44236283104","public_key_hex":"c2f8243b0d573587f285c830a868acd19249d17d59ecbf9329e796dfed6fb630"}
{"seq":83,"ts":1781831760000,"agent_id":"persona-team","symbol":"ETHUSDT","side":"sell","price":1714.6241469390286,"quantity":0.2235851003232327,"notional_usd":383.36441191,"fee_usd":0.230018647146,"balance_before_usd":9975.930629407872,"balance_after_usd":9975.616575616385,"decision":"ALLOW","cert_hash":"77219f103757328333efb20806781ccd56039c24dc6fb95a059932552d729d45","prev_hash":"1d30670d9fdcea0fae3b5cc771805cf1a6fb2353429c181549fd42db453b09d6","record_hash":"8bbb0dfaf14e674ec85399d623c8e13e51cb4f563fe5e0e60f2ed96c45519fc5","signature_hex":"afc241ac7469b12b3bd086bdfe221f35cd96e3937d52ea2524ea5f9a68b7b1f7c45d4b51caf2529cdbef0a7da3927bd5a1332d4ea137da9620565d4c6b959909","public_key_hex":"c2f8243b0d573587f285c830a868acd19249d17d59ecbf9329e796dfed6fb630"}
{"seq":84,"ts":1781831820000,"agent_id":"persona-team","symbol":"ETHUSDT","side":"buy","price":1714.3767588762253,"quantity":0.1629244657592596,"notional_usd":279.31391755,"fee_usd":0.16758835052999999,"balance_before_usd":9975.771824860933,"balance_after_usd":9975.54448251643,"decision":"ALLOW","cert_hash":"8ee26e9e239112776abd9b79e0afebbe59dfad097580f9e913ff95589c71a3d5","prev_hash":"8bbb0dfaf14e674ec85399d623c8e13e51cb4f563fe5e0e60f2ed96c45519fc5","record_hash":"d3f50be9ff472ba7c718974266ecd25ea28a38a0c0d926ef55e71d2a6155a483","signature_hex":"89a6e714a796e07854060f1b65722cbd2966264db5be85a2471ab35e544608d3125325083e5323e747a609630ec5127b5c76dc26cb0b675233a293ed0795bd03","public_key_hex":"c2f8243b0d573587f285c830a868acd19249d17d59ecbf9329e796dfed6fb630"}
{"seq":85,"ts":1781832480000,"agent_id":"persona-team","symbol":"ETHUSDT","side":"buy","price":1709.3495252571363,"quantity":0.12123801954361868,"notional_usd":207.23815115,"fee_usd":0.12434289068999999,"balance_before_usd":9975.51382514037,"balance_after_usd":9975.34589411953,"decision":"ALLOW","cert_hash":"d4b782a4c3489f7efd00b3f4b9ea731461e1bd03aae2cbb5585d4ed827876b9f","prev_hash":"d3f50be9ff472ba7c718974266ecd25ea28a38a0c0d926ef55e71d2a6155a483","record_hash":"0dfe97857cfccd3a75d9a4f39d59d6c540184aed3dbf220303d283192e196925","signature_hex":"ac47faac843165d6a5c90196b53638f32884bda7881750b436aa587c4728310b10780c08ef89dfe5445a850f4d33157c9b469c51b3b1b37e0a8f99383510ef05","public_key_hex":"c2f8243b0d573587f285c830a868acd19249d17d59ecbf9329e796dfed6fb630"}
{"seq":86,"ts":1781833380000,"agent_id":"persona-team","symbol":"ETHUSDT","side":"sell","price":1708.1411684208342,"quantity":0.11753439593380113,"notional_usd":200.7653404,"fee_usd":0.12045920424,"balance_before_usd":9975.28349503691,"balance_after_usd":9975.12086077977,"decision":"ALLOW","cert_hash":"efe4d73d7c17302d24602ed7033d61df939bb6cecb58c140b77f6d16abf3d2b7","prev_hash":"0dfe97857cfccd3a75d9a4f39d59d6c540184aed3dbf220303d283192e196925","record_hash":"050a0a537e5b847235bfec2ed6721987636738728c2b19cd816b9907dfc97ad1","signature_hex":"b18c916fba5fe9b19c8a2597cec1a7051bad9972b004a9413159ef895b79483505b39afb024f4b58cf27ed86f1fbb9845ccb3ac41c6de08fe133eba82135690d","public_key_hex":"c2f8243b0d573587f285c830a868acd19249d17d59ecbf9329e796dfed6fb630"}
{"seq":87,"ts":1781833560000,"agent_id":"persona-team","symbol":"ETHUSDT","side":"sell","price":1709.2005239322807,"quantity":0.18878809759994233,"notional_usd":322.67671533,"fee_usd":0.193606029198,"balance_before_usd":9975.13135819735,"balance_after_usd":9974.867999484219,"decision":"ALLOW","cert_hash":"1dc011e238abdf5101c490d225ef3e1991b6ae07545309e6f186a69a72e80aaf","prev_hash":"050a0a537e5b847235bfec2ed6721987636738728c2b19cd816b9907dfc97ad1","record_hash":"e49501c4b2476981f2730918594026e654f39621e23ae582cdda65322dc7d535","signature_hex":"4bfa22e71ee020f1fbce3fcc02bb51a88556db22657e194ebdd5c6d56bae6ef464770c69371f30ebfe8074570c99c970911fb0ae91376cbdf8f1eb9af8fb2501","public_key_hex":"c2f8243b0d573587f285c830a868acd19249d17d59ecbf9329e796dfed6fb630"}
{"seq":88,"ts":1781833680000,"agent_id":"persona-team","symbol":"ETHUSDT","side":"sell","price":1709.213586628419,"quantity":0.16780701971587703,"notional_usd":286.81803803,"fee_usd":0.172090822818,"balance_before_usd":9974.86620970995,"balance_after_usd":9974.632632151262,"decision":"ALLOW","cert_hash":"706af5059fbc5b090090c8f792b7a7b5f22335b4f37dc788ab1f468d8e8a0390","prev_hash":"e49501c4b2476981f2730918594026e654f39621e23ae582cdda65322dc7d535","record_hash":"c7fc64d8a340ee3518d9d4f12efd07d9adaf4a54184d150e5d7497179347fc33","signature_hex":"6a037e5db832154d0d2b3daf99acc7c639ecca138390fc27044a3341b62add74d45a3a79ae3a0eed5eaa9238e8646bbf6bae682078fb7e66fdba36d35c9ab006","public_key_hex":"c2f8243b0d573587f285c830a868acd19249d17d59ecbf9329e796dfed6fb630"}
{"seq":89,"ts":1781833920000,"agent_id":"persona-team","symbol":"ETHUSDT","side":"buy","price":1709.6989734873446,"quantity":0.18537720279700806,"notional_usd":316.93921333,"fee_usd":0.19016352799799996,"balance_before_usd":9974.719328262934,"balance_after_usd":9974.460765461945,"decision":"ALLOW","cert_hash":"30e715b58b488177e5c11b5933b1bd5640b9f1194b1fe98a66b36ccc27f15d47","prev_hash":"c7fc64d8a340ee3518d9d4f12efd07d9adaf4a54184d150e5d7497179347fc33","record_hash":"9e7016bae941bdbe2be9cfdf86f31664a3bf249a6eae38349cfb0623608c14d2","signature_hex":"7a9d953a797ecf718122dd382ac8985124be2f5f4132da15d7a6b66e44d3d35f691c6fe5f83e511aa96a42fcd4906b1fc45501e1c6e147bbf7c3a4f5deb1b10c","public_key_hex":"c2f8243b0d573587f285c830a868acd19249d17d59ecbf9329e796dfed6fb630"}
{"seq":90,"ts":1781833980000,"agent_id":"persona-team","symbol":"ETHUSDT","side":"sell","price":1710.7666624448073,"quantity":0.41761642881736327,"notional_usd":714.44426411,"fee_usd":0.428666558466,"balance_before_usd":9974.163776133197,"balance_after_usd":9973.566669185322,"decision":"ALLOW","cert_hash":"0bfc9550a89cd75fdb4c2e7c25e8d341f7ef0d6e0f2a2dba2e0abc3db995d909","prev_hash":"9e7016bae941bdbe2be9cfdf86f31664a3bf249a6eae38349cfb0623608c14d2","record_hash":"3472c6d119426c6a6df5996be59efd27c3e72f27112f76995361925ba56039cb","signature_hex":"3885724407b01fa4ab5f5afbb67b27ee9ac6ef218f6bf2a50d56621f12f9c21e39043246c6fb193eb1c4bcff35f293335e50d654bd4454e7e064601a786d9a0e","public_key_hex":"c2f8243b0d573587f285c830a868acd19249d17d59ecbf9329e796dfed6fb630"}
{"seq":91,"ts":1781834460000,"agent_id":"persona-team","symbol":"ETHUSDT","side":"buy","price":1712.54902694553,"quantity":0.18123755105194547,"notional_usd":310.3781917,"fee_usd":0.18622691502,"balance_before_usd":9972.981855275893,"balance_after_usd":9972.728746820992,"decision":"ALLOW","cert_hash":"14ca28deeef4417dc367a44f1a9b60ab133aaa347c8d538479993d35a1493c81","prev_hash":"3472c6d119426c6a6df5996be59efd27c3e72f27112f76995361925ba56039cb","record_hash":"2ef59af2a0decd926f50e87db7fc07b0e25786a116a659edff2e2393eacff609","signature_hex":"45b75012f80cf64483a0e458047617c0aa61434f57f87c0115a1f9f743be051270cd608a0339841282cdeb3d7c5ea11043b06adb81be63a24f29250c19dbbf07","public_key_hex":"c2f8243b0d573587f285c830a868acd19249d17d59ecbf9329e796dfed6fb630"}
{"seq":92,"ts":1781834820000,"agent_id":"persona-team","symbol":"ETHUSDT","side":"buy","price":1711.5634031773338,"quantity":0.4175690415343328,"notional_usd":714.69588979,"fee_usd":0.428817533874,"balance_before_usd":9973.134488665077,"balance_after_usd":9972.537222453091,"decision":"ALLOW","cert_hash":"b69ee5c551d674f01ecf705fdfdd1eaf1c9e707fef4e6242feb0cfeeca2bfd8a","prev_hash":"2ef59af2a0decd926f50e87db7fc07b0e25786a116a659edff2e2393eacff609","record_hash":"e6b28ee34f4a166d5ee3aecc9f9447d62ea7bd9368db7d70c5d03d9cecc75f8f","signature_hex":"850c736315ff932ba3ad53e0882df7b2e3296b80d8c507b42f76c93786acfebbce78b072f5d6d815857d7b655161a3a1a4af44fe8fce533894bd21d460f30105","public_key_hex":"c2f8243b0d573587f285c830a868acd19249d17d59ecbf9329e796dfed6fb630"}
{"seq":93,"ts":1781835240000,"agent_id":"persona-team","symbol":"ETHUSDT","side":"buy","price":1710.5006289839473,"quantity":0.12704808314457477,"notional_usd":217.31582613,"fee_usd":0.130389495678,"balance_before_usd":9972.51704387481,"balance_after_usd":9972.340837157995,"decision":"ALLOW","cert_hash":"b9fb3665ac8f8a311dab076c866f838e62bc925dcfb445dbcf4186a5ed3043e3","prev_hash":"e6b28ee34f4a166d5ee3aecc9f9447d62ea7bd9368db7d70c5d03d9cecc75f8f","record_hash":"6766f3ca4d3914389030b4fb8620a2d5c2befb648c5a86c582ab66e683b22e40","signature_hex":"630a371b89b2be1348958a9bdab8131357186a363c3147624f73b74e06188e74dceb4dea7db54ab227d8a3f1310e7e3f2ed3495d62930e6b646ebdf8b988e104","public_key_hex":"c2f8243b0d573587f285c830a868acd19249d17d59ecbf9329e796dfed6fb630"}
{"seq":94,"ts":1781836500000,"agent_id":"persona-team","symbol":"ETHUSDT","side":"sell","price":1704.2015348192474,"quantity":0.12098110273200033,"notional_usd":206.17618096,"fee_usd":0.12370570857600001,"balance_before_usd":9971.521520161097,"balance_after_usd":9971.35444693966,"decision":"ALLOW","cert_hash":"a6ebcef60c3b9e8a38872919f3dfb5d8d22e4a798cd406ae199aab4ca3a358a6","prev_hash":"6766f3ca4d3914389030b4fb8620a2d5c2befb648c5a86c582ab66e683b22e40","record_hash":"977ccc6c5d30106579b40ef14b74e9eb4fbd40a98bbaa084f24b2bc8f3fdc400","signature_hex":"a6068fc9edcefc46b64be32091520e7607b825effa5f58009530ff93f5602d4a40243ff430dd569e258148f7fd913a3d91a9dbdc2428735f62e30ae61f967702","public_key_hex":"c2f8243b0d573587f285c830a868acd19249d17d59ecbf9329e796dfed6fb630"}
{"seq":95,"ts":1781837460000,"agent_id":"persona-team","symbol":"ETHUSDT","side":"sell","price":1705.8914365709256,"quantity":0.4626088418418467,"notional_usd":789.16046178,"fee_usd":0.473496277068,"balance_before_usd":9971.399425766176,"balance_after_usd":9970.736924434366,"decision":"ALLOW","cert_hash":"a3e5c49ad9408768c5e5e85c4cdc9642bc3b40772b5c1cc049ed8d4bf397e85e","prev_hash":"977ccc6c5d30106579b40ef14b74e9eb4fbd40a98bbaa084f24b2bc8f3fdc400","record_hash":"d2b753e7774b6ac44ded88400c2298aaaf1f1636b32f13d2908c626c02aa0f10","signature_hex":"969fd04edc2abaaaadb3c78ec15708c4a3c0ee2db0765484a78abf7b9b531cafaaadec3e51c33fadd580cb861bb5564f0a47449f5d0b69f4290090e3f97c160e","public_key_hex":"c2f8243b0d573587f285c830a868acd19249d17d59ecbf9329e796dfed6fb630"}
{"seq":96,"ts":1781837580000,"agent_id":"persona-team","symbol":"ETHUSDT","side":"buy","price":1705.8906977953914,"quantity":0.13454637728936683,"notional_usd":229.52141344,"fee_usd":0.137712848064,"balance_before_usd":9971.073228819358,"balance_after_usd":9970.886985389629,"decision":"ALLOW","cert_hash":"ef764569d8048e1507042a31e78cc085ad6cbcef09ffc5b79911baa6d37b98fd","prev_hash":"d2b753e7774b6ac44ded88400c2298aaaf1f1636b32f13d2908c626c02aa0f10","record_hash":"7cbb91d39d64e6e98e190cafae20bc0d4217a0a1998dba9d34f5382d3de0a694","signature_hex":"f85fdb087f056a0963ae4e9c70b9bacf4240f4ee04a333892d2a81c554811df5aaead3cdc9e6ee2b9bd31fcbb2a24acd66a27e94285a3691638e969e0f6b7b05","public_key_hex":"c2f8243b0d573587f285c830a868acd19249d17d59ecbf9329e796dfed6fb630"}
{"seq":97,"ts":1781837640000,"agent_id":"persona-team","symbol":"ETHUSDT","side":"sell","price":1705.76136350317,"quantity":0.1197931416563125,"notional_usd":204.33851265,"fee_usd":0.12260310759000001,"balance_before_usd":9970.708679976717,"balance_after_usd":9970.543114676459,"decision":"ALLOW","cert_hash":"ce116935991d030e95df4f92cef9ba474172d520a5b826f83bac51e0c243dbd1","prev_hash":"7cbb91d39d64e6e98e190cafae20bc0d4217a0a1998dba9d34f5382d3de0a694","record_hash":"024249c0cd018ef42f702173806cdb99f6a19f36ec4d418b42f5be4106ce552f","signature_hex":"27e76d3def57ec58a761164992c2b6fd9cda0e305ec27aad8ec1442fdf66846fbc0c9ddecbb5a9da61f35e83a8853b3728cacd5c37460c176099c120d80c720f","public_key_hex":"c2f8243b0d573587f285c830a868acd19249d17d59ecbf9329e796dfed6fb630"}
{"seq":98,"ts":1781838120000,"agent_id":"persona-team","symbol":"ETHUSDT","side":"buy","price":1705.7668224026315,"quantity":0.1768487179479184,"notional_usd":301.66267566,"fee_usd":0.180997605396,"balance_before_usd":9970.846958784716,"balance_after_usd":9970.6010891077,"decision":"ALLOW","cert_hash":"760e5c27ecbfa1e6b9d9d1efb546e685124069abb53a2b2e798a98b116af327c","prev_hash":"024249c0cd018ef42f702173806cdb99f6a19f36ec4d418b42f5be4106ce552f","record_hash":"db60a00f433e98aba92173ebadfb615b3e76df109318c0af41742a41b6b90b82","signature_hex":"61f633057867392c04141795b3584772e0cbc27a6d6f1e31ae379d44e76c96f7b36e4bb31719e1dfa62035596ddf67e39d4b7946af8ff38ec7fcf8019cc3fa01","public_key_hex":"c2f8243b0d573587f285c830a868acd19249d17d59ecbf9329e796dfed6fb630"}
{"seq":99,"ts":1781838300000,"agent_id":"persona-team","symbol":"ETHUSDT","side":"buy","price":1705.4282047662318,"quantity":0.25568114973785727,"notional_usd":436.04584419,"fee_usd":0.261627506514,"balance_before_usd":9970.686894053488,"balance_after_usd":9970.32856671751,"decision":"ALLOW","cert_hash":"75d083e6e6fc6df49d3412244ca7132c144f887f232d6c1235b1e723ee26eda7","prev_hash":"db60a00f433e98aba92173ebadfb615b3e76df109318c0af41742a41b6b90b82","record_hash":"a44ffca4fa619ba0de5b51a2bd24660698d6bbba7d059039c4b9ef0a33a06498","signature_hex":"1f50e099108e6bec5bd3c24f15a283d9fc0194699da10866a57b52034e1224dfc28a9766a53ec8c12cc690d37eceb0e8212884c3f017af1a366ab21eaebe9c0d","public_key_hex":"c2f8243b0d573587f285c830a868acd19249d17d59ecbf9329e796dfed6fb630"}
{"seq":100,"ts":1781838600000,"agent_id":"persona-team","symbol":"ETHUSDT","side":"buy","price":1704.0234204719984,"quantity":0.15617341234446555,"notional_usd":266.12315229,"fee_usd":0.159673891374,"balance_before_usd":9970.313938132644,"balance_after_usd":9970.097507626042,"decision":"ALLOW","cert_hash":"0dcd2c3651d9199654fcb5f93af91e20da7dc4f479221a3b0b2985d801c4285e","prev_hash":"a44ffca4fa619ba0de5b51a2bd24660698d6bbba7d059039c4b9ef0a33a06498","record_hash":"62aaa08b41652c67fc281402ed22d748d417e10f367dad0911673156dbb18d75","signature_hex":"a298eaf6ed4bdd96dc6a483cf2c65e05f0e9cc55a8999f79f31f485448e293c925b3fa718a22f5da09fc3ad9d821814434100bc873081f84f3050b2a8f24b404","public_key_hex":"c2f8243b0d573587f285c830a868acd19249d17d59ecbf9329e796dfed6fb630"}
{"seq":101,"ts":1781838960000,"agent_id":"persona-team","symbol":"ETHUSDT","side":"sell","price":1684.84616910736,"quantity":0.11840530565807875,"notional_usd":199.49472564,"fee_usd":0.119696835384,"balance_before_usd":9967.020270407826,"balance_after_usd":9966.858678117447,"decision":"ALLOW","cert_hash":"bfe340ff1a0da0c7c88fe42e2d685dae1ca4af1b49e6b013080e6ad5cccf688d","prev_hash":"62aaa08b41652c67fc281402ed22d748d417e10f367dad0911673156dbb18d75","record_hash":"37d10ff098d4d0386e40e36e7dcc515c5edab851eaa150622bb4959faca55d3a","signature_hex":"92dd46f1795d89d1bf9bfe25495d148d326c101ad7328496b84e966c7bd90ed660be69fea521e3ce89fffa27d488547da5fc026e4707992ad0ccacce25797a0b","public_key_hex":"c2f8243b0d573587f285c830a868acd19249d17d59ecbf9329e796dfed6fb630"}
{"seq":102,"ts":1781839620000,"agent_id":"persona-team","symbol":"ETHUSDT","side":"sell","price":1698.3101282686994,"quantity":0.13974109332547752,"notional_usd":237.32371413,"fee_usd":0.142394228478,"balance_before_usd":9967.5091749736,"balance_after_usd":9967.316491875934,"decision":"ALLOW","cert_hash":"76cbbe59cce4af913c37b0ab89fa27141ac4522914776ab9893b605b0f819280","prev_hash":"37d10ff098d4d0386e40e36e7dcc515c5edab851eaa150622bb4959faca55d3a","record_hash":"1b9436d7c4a229eb7cd2c55c9e09d8cdff0d8d717c0fa4c196bc3fbe4df6a2fb","signature_hex":"9bfb985a1e9ef1f270c0f977d0a7cde57d2fdc63c7309c4a0b87a7c3796f2982da0e88b19b129e49cf59c9b65672425d66747c4ef34740ea6bd14a816d5fcd03","public_key_hex":"c2f8243b0d573587f285c830a868acd19249d17d59ecbf9329e796dfed6fb630"}
{"seq":103,"ts":1781839740000,"agent_id":"persona-team","symbol":"ETHUSDT","side":"sell","price":1698.6424980066006,"quantity":0.2613887391496752,"notional_usd":444.00602082,"fee_usd":0.266403612492,"balance_before_usd":9967.28448478723,"balance_after_usd":9966.919406404657,"decision":"ALLOW","cert_hash":"73584428d70858f72ee2545d0838d56398f71d5a3528c246afa2799c328ddafb","prev_hash":"1b9436d7c4a229eb7cd2c55c9e09d8cdff0d8d717c0fa4c196bc3fbe4df6a2fb","record_hash":"df83bd54b18feaeb3b9cd66c709666e9104e7a44840e89fc0fec0b9b2da1b398","signature_hex":"cfe6a31139c2f48c35a038f8903ae8758b484d5729cbaada97a5e954cef6059a425fe0c1bb6fbee10e6f4457406be406ab5e5083186c31bf5c498626698b5f03","public_key_hex":"c2f8243b0d573587f285c830a868acd19249d17d59ecbf9329e796dfed6fb630"}
{"seq":104,"ts":1781840040000,"agent_id":"persona-team","symbol":"ETHUSDT","side":"buy","price":1696.0266988321025,"quantity":0.19157319791235472,"notional_usd":324.91325844,"fee_usd":0.194947955064,"balance_before_usd":9968.104940619749,"balance_after_usd":9967.839742996748,"decision":"ALLOW","cert_hash":"9792527d465cbb752516bba0d3b60c8256f6ea981b81e189c22c302955836289","prev_hash":"df83bd54b18feaeb3b9cd66c709666e9104e7a44840e89fc0fec0b9b2da1b398","record_hash":"719253e5fa2156ada7ffca2d4515a901a5bab4a18c1d929e1b60fc92ae7d6543","signature_hex":"5fe51d7d7fa77043ca256ec07e4f4b172b3cea60445750add7fefb2872de20632d04ae06e3794af49255a70a0b56103c25519b62da053b70df897b228d8e9709","public_key_hex":"c2f8243b0d573587f285c830a868acd19249d17d59ecbf9329e796dfed6fb630"}
{"seq":105,"ts":1781840100000,"agent_id":"persona-team","symbol":"ETHUSDT","side":"buy","price":1695.8723010434433,"quantity":0.16122991406945306,"notional_usd":273.42534537,"fee_usd":0.16405520722199998,"balance_before_usd":9967.863932651664,"balance_after_usd":9967.64146367834,"decision":"ALLOW","cert_hash":"5db50c6c62c0444de86b40e7bb23913d65962c4dd7847d3c9b4d8a9475bc3558","prev_hash":"719253e5fa2156ada7ffca2d4515a901a5bab4a18c1d929e1b60fc92ae7d6543","record_hash":"9d9f0912e33b2210cde743d5ea71ac43c6d1006bf2cea3079365a6c7a2804cc1","signature_hex":"2955be7d0b09cbcfa882188b06aeb1a5c96e9f65d6db2b85f42fe2dffac4cd2c76bb229b6bde985c03798695051e6516b2aefc0756bbe25127bb2f39a1ee030c","public_key_hex":"c2f8243b0d573587f285c830a868acd19249d17d59ecbf9329e796dfed6fb630"}
{"seq":106,"ts":1781841000000,"agent_id":"persona-team","symbol":"ETHUSDT","side":"sell","price":1696.7163525524259,"quantity":0.23788905801656585,"notional_usd":403.63025483,"fee_usd":0.24217815289800002,"balance_before_usd":9967.641409244126,"balance_after_usd":9967.310344451895,"decision":"ALLOW","cert_hash":"0ec036fd62fdbdc07cf6886e4c6e469930a85d84e781b51456ae049d71cdf484","prev_hash":"9d9f0912e33b2210cde743d5ea71ac43c6d1006bf2cea3079365a6c7a2804cc1","record_hash":"dc43337737c03dfb87cf5e80540c4bdb86b36acec3362fd3940979e2a81e699b","signature_hex":"0db6c19e1239c89745a681968067f534e827fabd24b37747f71677a0c0d524eb300e49f71fcb08bbee5a434a283436e6aae500186e027825df4f0833b0014808","public_key_hex":"c2f8243b0d573587f285c830a868acd19249d17d59ecbf9329e796dfed6fb630"}
{"seq":107,"ts":1781841060000,"agent_id":"persona-team","symbol":"ETHUSDT","side":"sell","price":1697.3633411095473,"quantity":0.25770772532065,"notional_usd":437.42364568,"fee_usd":0.26245418740800003,"balance_before_usd":9967.155694170362,"balance_after_usd":9966.796172077075,"decision":"ALLOW","cert_hash":"82674bd91b5ec7635c399a20442ba80145216073f286407524ac88343d507d14","prev_hash":"dc43337737c03dfb87cf5e80540c4bdb86b36acec3362fd3940979e2a81e699b","record_hash":"30f6e4983e120bf83ba49f9f173b1e604c66408a0bee3b6d6c2671f1ff5e9a09","signature_hex":"ff4bff5e00c5b9d5c18acd4365030e17092cc0fe213e2706b61c0f0767ed1c42c65b5e68da7602f3d0194eaefa2f1c5e87a7a149be9323d68f0bc2e89bd4ab04","public_key_hex":"c2f8243b0d573587f285c830a868acd19249d17d59ecbf9329e796dfed6fb630"}
{"seq":108,"ts":1781841120000,"agent_id":"persona-team","symbol":"ETHUSDT","side":"buy","price":1697.2927417102587,"quantity":0.16204786386045358,"notional_usd":275.04266314,"fee_usd":0.16502559788399998,"balance_before_usd":9967.197633377724,"balance_after_usd":9966.973826260559,"decision":"ALLOW","cert_hash":"19b11b1629930133fd0fc9141273e1e836a922692d4cd89f04084bf16a4f92dc","prev_hash":"30f6e4983e120bf83ba49f9f173b1e604c66408a0bee3b6d6c2671f1ff5e9a09","record_hash":"c71e241a02428c079943e1ab0ab0e60b49f308f632b388150fa420804936d049","signature_hex":"8d036aef89f9f71273c51cb2bbff0ddf8419399e3de410af8f897e8532935c1d32ec36b8815cb2cb4e63da7712c06283aea0220be244bce3438634062fc31100","public_key_hex":"c2f8243b0d573587f285c830a868acd19249d17d59ecbf9329e796dfed6fb630"}
{"seq":109,"ts":1781841180000,"agent_id":"persona-team","symbol":"ETHUSDT","side":"buy","price":1696.4781909527255,"quantity":0.13170150332703343,"notional_usd":223.42872811,"fee_usd":0.134057236866,"balance_before_usd":9967.244028791483,"balance_after_usd":9967.062797267665,"decision":"ALLOW","cert_hash":"a770ca4129c72b361151d66caf9c47f78bf8afb98f84f8aa69813a90cc1547df","prev_hash":"c71e241a02428c079943e1ab0ab0e60b49f308f632b388150fa420804936d049","record_hash":"7b992f9e8fa538f4aa3853560904311181666494e059b9b784f4f6f39f40927b","signature_hex":"757e3341945dae4e7aae60cb977557b629a926156034e8d42c005f84c7e1afb2d7b49bd11c335595f5a9684ce95798bd7baf4b7075f9dcc4d2ac111b75658a00","public_key_hex":"c2f8243b0d573587f285c830a868acd19249d17d59ecbf9329e796dfed6fb630"}
{"seq":110,"ts":1781841360000,"agent_id":"persona-team","symbol":"ETHUSDT","side":"sell","price":1696.5971224450072,"quantity":0.16328173692218395,"notional_usd":277.02332501,"fee_usd":0.166213995006,"balance_before_usd":9966.89321649839,"balance_after_usd":9966.667751225914,"decision":"ALLOW","cert_hash":"3fff0113e6f1f1c2d30812064d1d3fcdc41af1fe3d2c47a98fcb1df1444ae72b","prev_hash":"7b992f9e8fa538f4aa3853560904311181666494e059b9b784f4f6f39f40927b","record_hash":"66d3b46a18b040b4685bf6a89acbde4e0cf61e9a6145507207badf9428ea6eda","signature_hex":"311d587ba19aa840f855bcfd3541b2ccefb0b30839d40ecec6077498cf4f05c0176d37c4b123cf6087ee50723b496f4b310df3099bf68fe9aae3faa46ef3c208","public_key_hex":"c2f8243b0d573587f285c830a868acd19249d17d59ecbf9329e796dfed6fb630"}
{"seq":111,"ts":1781841420000,"agent_id":"persona-team","symbol":"ETHUSDT","side":"sell","price":1697.8615781959224,"quantity":0.1303810838544433,"notional_usd":221.3690328,"fee_usd":0.13282141968,"balance_before_usd":9966.207645083481,"balance_after_usd":9966.028092240507,"decision":"ALLOW","cert_hash":"22379d48032edfa3c29373061a4e4dc29c5f8a5afe3dc564c0f46f16e694b142","prev_hash":"66d3b46a18b040b4685bf6a89acbde4e0cf61e9a6145507207badf9428ea6eda","record_hash":"1c09d9dd1f7acd590a9d5177b513a7243499642e9f1a2ee0d2217cf9040a826a","signature_hex":"2675b0cce259a4503bfab6ca207eaa59f5c7253f2b38033610965b88798fbbbdf37be7987e1587950a3eea371050358f3108c08b6e223061c953c0fce93eee00","public_key_hex":"c2f8243b0d573587f285c830a868acd19249d17d59ecbf9329e796dfed6fb630"}
{"seq":112,"ts":1781841480000,"agent_id":"persona-team","symbol":"ETHUSDT","side":"buy","price":1696.4950888159929,"quantity":0.45768457054119843,"notional_usd":776.45962615,"fee_usd":0.46587577568999994,"balance_before_usd":9967.083602427992,"balance_after_usd":9966.432323751525,"decision":"ALLOW","cert_hash":"ee3ee328e2201464ac9197586f506b261cc8a56e00d010f63a3838b92ee93fa1","prev_hash":"1c09d9dd1f7acd590a9d5177b513a7243499642e9f1a2ee0d2217cf9040a826a","record_hash":"e930dfbc6fadabf82ee12e7b26003582a8e692423ed3a278ccd7b63873ee51a6","signature_hex":"27d75f5c0f43df2cace40483af5594bff3bb6ef4c33441b38a76aa27e6a36c5d3f3a71f5eac3e3793ccf28dad076aedb590e34374fef066e941902338e6b630d","public_key_hex":"c2f8243b0d573587f285c830a868acd19249d17d59ecbf9329e796dfed6fb630"}
{"seq":113,"ts":1781841660000,"agent_id":"persona-team","symbol":"ETHUSDT","side":"buy","price":1692.6059235935636,"quantity":0.19171154699794052,"notional_usd":324.49210007,"fee_usd":0.194695260042,"balance_before_usd":9966.578085207437,"balance_after_usd":9966.313238169188,"decision":"ALLOW","cert_hash":"5f41c3b0c97f5a279657c6c8d74607f8c78355a4e373b27f7ce520b0bc477914","prev_hash":"e930dfbc6fadabf82ee12e7b26003582a8e692423ed3a278ccd7b63873ee51a6","record_hash":"59117fac1cd122ec2bad47185813a9e9b2047ebb8598c0e8966ce1a603980ef3","signature_hex":"fe3b7484a720ed3e4b5877b51e2b48e52a38c0a7dd6b71401a8afc8038f25586d184f66ad7d78a7dc7dba49a066269018e43a3c77806582881a9f880196a2a07","public_key_hex":"c2f8243b0d573587f285c830a868acd19249d17d59ecbf9329e796dfed6fb630"}
{"seq":114,"ts":1781841960000,"agent_id":"persona-team","symbol":"ETHUSDT","side":"sell","price":1694.1201824251832,"quantity":0.14589443851390713,"notional_usd":247.16271279,"fee_usd":0.148297627674,"balance_before_usd":9966.657865369207,"balance_after_usd":9966.457072358486,"decision":"ALLOW","cert_hash":"a9f357f4e60a329cab855c88aeb59e75841072fd206f94f2176f39a0dd80fd29","prev_hash":"59117fac1cd122ec2bad47185813a9e9b2047ebb8598c0e8966ce1a603980ef3","record_hash":"80b1de7db24f3e7924720e17f27a9f35df8cc2811b38aa137fa6c6f83bd8b27a","signature_hex":"efd5c650a99842f5e7c5c900b4d1c47381546afb5f2ac555369bd5ddc4a10dada12c31428176fa9457543fb692115a496ddbf9551c2afac53815f5948407c305","public_key_hex":"c2f8243b0d573587f285c830a868acd19249d17d59ecbf9329e796dfed6fb630"}
{"seq":115,"ts":1781842080000,"agent_id":"persona-team","symbol":"ETHUSDT","side":"sell","price":1695.7301012960318,"quantity":0.143942537649975,"notional_usd":244.08769395,"fee_usd":0.14645261636999998,"balance_before_usd":9966.469883112492,"balance_after_usd":9966.271625763373,"decision":"ALLOW","cert_hash":"a58176bd93ae692b82f363024ac9d2f549f43e6eb587ce7620cc5a245241f8f3","prev_hash":"80b1de7db24f3e7924720e17f27a9f35df8cc2811b38aa137fa6c6f83bd8b27a","record_hash":"bedea9c3ccfa87b34de15d0cad810b790e015694d88c7003bac78cfaca616729","signature_hex":"17db7d9c84070be9401ea222126b3957538154d6126592331c41de086331f1a93d6a4cff7dea768a6736b0f53dc653a7dd1eca0809f84a8faffa256c99874b00","public_key_hex":"c2f8243b0d573587f285c830a868acd19249d17d59ecbf9329e796dfed6fb630"}
{"seq":116,"ts":1781842200000,"agent_id":"persona-team","symbol":"ETHUSDT","side":"sell","price":1699.065850168461,"quantity":0.3067123798694034,"notional_usd":521.12453046,"fee_usd":0.31267471827599996,"balance_before_usd":9965.81471432349,"balance_after_usd":9965.384216096156,"decision":"ALLOW","cert_hash":"338fa2fc21d1b03a5a4c627a31ab715ed1279995ef76b0a52db3e67d29b7e794","prev_hash":"bedea9c3ccfa87b34de15d0cad810b790e015694d88c7003bac78cfaca616729","record_hash":"fdab9e7942fcb77eefa8db536ffeede3eda2cf56c4398a624e15f5e8a7c4c137","signature_hex":"1efc55612a69a30441eef11073b42b6828bd67742181eab1db62055a53c3d3b010b5de496dbc3fedd49b2232cba15dec549314b388747bbcdeec38f9d410de0c","public_key_hex":"c2f8243b0d573587f285c830a868acd19249d17d59ecbf9329e796dfed6fb630"}
{"seq":117,"ts":1781842320000,"agent_id":"persona-team","symbol":"ETHUSDT","side":"buy","price":1699.0177551804336,"quantity":0.1247682580677255,"notional_usd":211.98348574,"fee_usd":0.127190091444,"balance_before_usd":9965.733947458844,"balance_after_usd":9965.562120876722,"decision":"ALLOW","cert_hash":"433db29eecc5e925f682ed56d6b7f7c77c7e2da50726f9f92646eed56d7833a9","prev_hash":"fdab9e7942fcb77eefa8db536ffeede3eda2cf56c4398a624e15f5e8a7c4c137","record_hash":"71b06390b31f6c17aac87293696d3f28e6e2e4e71a654033deb4958bc059da10","signature_hex":"5c050cd23d7f204fbae81f8728001edf028ab61c936e9f6b89437a06d5e03d85e237b5d58af58415c57b55d3a79139356fca98ac221ac77bda2cb26940406d00","public_key_hex":"c2f8243b0d573587f285c830a868acd19249d17d59ecbf9329e796dfed6fb630"}
{"seq":118,"ts":1781842560000,"agent_id":"persona-team","symbol":"ETHUSDT","side":"sell","price":1700.9666072823943,"quantity":0.15996407184895844,"notional_usd":272.09354458,"fee_usd":0.163256126748,"balance_before_usd":9964.713248659462,"balance_after_usd":9964.491862753925,"decision":"ALLOW","cert_hash":"2fb537f1183798de905f17d56a17f83320b6132ede14ed1dd1f0f7b363ea904e","prev_hash":"71b06390b31f6c17aac87293696d3f28e6e2e4e71a654033deb4958bc059da10","record_hash":"62e093cc5ce79bda9ec6499ce9ff286b27b3020193c25e0a5f1711e06cc3594d","signature_hex":"b798d8b534d7d97685934ae21674daf90307dc3ddb3c923bc2c1d7e330522060bb28c5f11597c5ddeb4db371a3a2a7d17db08402a39c8e81fa1c3bb084c2f10b","public_key_hex":"c2f8243b0d573587f285c830a868acd19249d17d59ecbf9329e796dfed6fb630"}
{"seq":119,"ts":1781842680000,"agent_id":"persona-team","symbol":"ETHUSDT","side":"buy","price":1699.1759094549252,"quantity":0.2503246327959332,"notional_usd":425.34558559,"fee_usd":0.255207351354,"balance_before_usd":9965.70093391925,"balance_after_usd":9965.351627171627,"decision":"ALLOW","cert_hash":"f9ad8c8e3221c25e31dc7cfd5355e8de3d2584b1472fcd26f085b9b82c5f987b","prev_hash":"62e093cc5ce79bda9ec6499ce9ff286b27b3020193c25e0a5f1711e06cc3594d","record_hash":"96735aae2e472e93a0e5856e9563c41270d68bfae4766a874e067ab357ae3cda","signature_hex":"b1260f2b1a45baa9f9dea5f1b10f064fe47734d91054f034e908e4a1f90f95035d5e6f07294ca7dcd1b43b4cd0a8a73b5025cccf708c20997190a7ec63d45202","public_key_hex":"c2f8243b0d573587f285c830a868acd19249d17d59ecbf9329e796dfed6fb630"}
{"seq":120,"ts":1781842740000,"agent_id":"persona-team","symbol":"ETHUSDT","side":"buy","price":1696.882071097994,"quantity":0.22751920992964778,"notional_usd":386.07326816,"fee_usd":0.231643960896,"balance_before_usd":9965.872760429953,"balance_after_usd":9965.556463146804,"decision":"ALLOW","cert_hash":"0e392d50c56c903e3f90279ce5644b0ddb8b4ed009dd268c83680bf3187f30dd","prev_hash":"96735aae2e472e93a0e5856e9563c41270d68bfae4766a874e067ab357ae3cda","record_hash":"720584667b5c0b87a4c655c12592f19a2db56332844a55f8195022f6dd869cb5","signature_hex":"424cede8c8373a9e40e909cfd70b948d837a2784a7628ed5ea395b54570de3a72bc8abcdeeb414e714f27bba127af311e9185ac632ce854894cb91c14d985e0d","public_key_hex":"c2f8243b0d573587f285c830a868acd19249d17d59ecbf9329e796dfed6fb630"}
{"seq":121,"ts":1781843340000,"agent_id":"persona-team","symbol":"ETHUSDT","side":"buy","price":1694.3676096489417,"quantity":0.1309200375861532,"notional_usd":221.82667114,"fee_usd":0.133096002684,"balance_before_usd":9965.556587893077,"balance_after_usd":9965.376673621713,"decision":"ALLOW","cert_hash":"e45b205a0e45718f7c55bb91b362dc4197ab6ef6eefce54dbb55f4f92c8129bc","prev_hash":"720584667b5c0b87a4c655c12592f19a2db56332844a55f8195022f6dd869cb5","record_hash":"130680fccc42e7d6d167d8d3adc7ae3f766bdc25bd47505353b3b552d79a42a0","signature_hex":"e32ddfb41e6dadc90c0a33f6417c9ca59d3c456ff4d10f814be2594dfb3a99b0c99d7c95569328560bac3622c1d950c14e4182f1cbd83383781fdc9804ccac01","public_key_hex":"c2f8243b0d573587f285c830a868acd19249d17d59ecbf9329e796dfed6fb630"}
{"seq":122,"ts":1781844240000,"agent_id":"persona-team","symbol":"ETHUSDT","side":"sell","price":1690.7630810930493,"quantity":0.13089776567449196,"notional_usd":221.3171096,"fee_usd":0.13279026576,"balance_before_usd":9964.998458919783,"balance_after_usd":9964.818948766577,"decision":"ALLOW","cert_hash":"7756dab091d6c08d6dd5d83ee2d741a4dda305804deef95bd3aac8a902eca6c4","prev_hash":"130680fccc42e7d6d167d8d3adc7ae3f766bdc25bd47505353b3b552d79a42a0","record_hash":"d11199b67cb1c2ed7b861a4a8974b2356f593de45eaae472ec5eaf68f9d90dd6","signature_hex":"f569fbca635fc08b4e65ee0c8b422505464beadc1f487303dbafe64d9513a64c18b16ff4b1185a83060591a75ab5cea6a546f0d99076bbcbfc1eb180eb3b8f09","public_key_hex":"c2f8243b0d573587f285c830a868acd19249d17d59ecbf9329e796dfed6fb630"}
{"seq":123,"ts":1781844540000,"agent_id":"persona-team","symbol":"ETHUSDT","side":"sell","price":1692.3318572301448,"quantity":0.4860487866406325,"notional_usd":822.5558458,"fee_usd":0.49353350748,"balance_before_usd":9964.818904011487,"balance_after_usd":9964.126993205942,"decision":"ALLOW","cert_hash":"d0df7d6c3b1fa9e81b46b105da08ed920488b412b63958f4a6f51b4ece89ffff","prev_hash":"d11199b67cb1c2ed7b861a4a8974b2356f593de45eaae472ec5eaf68f9d90dd6","record_hash":"a855b873f5c744e244a5e8c07f3e026028b2572b93eb7b3cea6e2acd0871a733","signature_hex":"3eb0a72e686cbb85dc35ec9e30bba819002d2be18c6d1c8bf612492de165d0438b44176c744789cc131e201a0a45ea0cdfa78bbf8d83c4e6d81da2f7ae62d00f","public_key_hex":"c2f8243b0d573587f285c830a868acd19249d17d59ecbf9329e796dfed6fb630"}
{"seq":124,"ts":1781844600000,"agent_id":"persona-team","symbol":"ETHUSDT","side":"buy","price":1690.9307143995306,"quantity":0.4378780676906282,"notional_usd":740.42147382,"fee_usd":0.444252884292,"balance_before_usd":9965.2012220792,"balance_after_usd":9964.581505147944,"decision":"ALLOW","cert_hash":"e98af0465e01edfc8cbf381beb5bb2a622de08e00c1a53dcd421d7250a120743","prev_hash":"a855b873f5c744e244a5e8c07f3e026028b2572b93eb7b3cea6e2acd0871a733","record_hash":"b43925b73ea7a2b4107ca1fbdc9512cf34220dd2888d936d89ac9071e3dc2e47","signature_hex":"d8ba2bb529de864aff861e361ecfff250518e743fed4e7742887e72bcc9992378aaefa099258fbd3c88dbd2ef7fb5499ecc1018a18d383bca75f5c313c246702","public_key_hex":"c2f8243b0d573587f285c830a868acd19249d17d59ecbf9329e796dfed6fb630"}
{"seq":125,"ts":1781844780000,"agent_id":"persona-team","symbol":"ETHUSDT","side":"buy","price":1688.3672633940387,"quantity":0.13784338137553925,"notional_usd":232.73025259,"fee_usd":0.139638151554,"balance_before_usd":9964.702964978726,"balance_after_usd":9964.514080432897,"decision":"ALLOW","cert_hash":"602ef831cae577cc37920710eecfff502e1feea2a9807244c448d2183cd5affc","prev_hash":"b43925b73ea7a2b4107ca1fbdc9512cf34220dd2888d936d89ac9071e3dc2e47","record_hash":"5e59097fdfa88498e2f275c232993be9b30c57e1a500de1a3f1ac46726ef1fc5","signature_hex":"5e5d49971f2d52afd7447122b4beb4e562c3f8f0cfa855f25024444e6ec4a89d5fa3c330d9b7f3b3d9ca267863899fcdedde90b6a42b99c774f42797871b930c","public_key_hex":"c2f8243b0d573587f285c830a868acd19249d17d59ecbf9329e796dfed6fb630"}
{"seq":126,"ts":1781845260000,"agent_id":"persona-team","symbol":"ETHUSDT","side":"sell","price":1691.322558084368,"quantity":0.553030808132426,"notional_usd":935.35348111,"fee_usd":0.561212088666,"balance_before_usd":9964.848456416534,"balance_after_usd":9964.056386087917,"decision":"ALLOW","cert_hash":"7f05ad8f1707b613d8cf744589fddc543a5f934debf3f3f9d3553a860f512792","prev_hash":"5e59097fdfa88498e2f275c232993be9b30c57e1a500de1a3f1ac46726ef1fc5","record_hash":"3aa7116b9e4dcb7b91212b9ec2231405b3f881c20a0093ae4a6b23c066010ca3","signature_hex":"41131e3d39972c8ea812fa30e149fc262844c8dd090c3b20f5915c0091fcc3bb9e9f7364ffc09d76e4beea4b71d57c12b3dd13002a0747b11537fd3363258602","public_key_hex":"c2f8243b0d573587f285c830a868acd19249d17d59ecbf9329e796dfed6fb630"}
{"seq":127,"ts":1781845380000,"agent_id":"persona-team","symbol":"ETHUSDT","side":"buy","price":1692.818726033222,"quantity":0.1411161583554646,"notional_usd":238.88407541,"fee_usd":0.143330445246,"balance_before_usd":9963.722748331858,"balance_after_usd":9963.528795846902,"decision":"ALLOW","cert_hash":"403c3d90550fb7129607a45683dfa4356d8d06ea0e565537dd863b975bec90f9","prev_hash":"3aa7116b9e4dcb7b91212b9ec2231405b3f881c20a0093ae4a6b23c066010ca3","record_hash":"adfa510808c886aeff10e5cd7cf22dccc776f8b2afff1abd9f115606db108736","signature_hex":"fe26129a25357e3d4761a13fb0a18b6c4e3d469012f9bc589089ceb7e1d7bede13c49ffcd250d36559c1863f700fcd7859c00e5ed3b0a9fc415a88f5db71c70f","public_key_hex":"c2f8243b0d573587f285c830a868acd19249d17d59ecbf9329e796dfed6fb630"}
{"seq":128,"ts":1781845500000,"agent_id":"persona-team","symbol":"ETHUSDT","side":"sell","price":1693.5903214231448,"quantity":0.14575564238733285,"notional_usd":246.85034524,"fee_usd":0.148110207144,"balance_before_usd":9963.048614122117,"balance_after_usd":9962.84807873295,"decision":"ALLOW","cert_hash":"268f291c04eb35a1ae0fe3836fc94e793ba09fd75b4c1c90ab45033c140603f4","prev_hash":"adfa510808c886aeff10e5cd7cf22dccc776f8b2afff1abd9f115606db108736","record_hash":"d785bf7f2af955d854006b642fbe5ad71b74c4637fbc417c93e6a187481880c0","signature_hex":"a100e599798443548240324680d256a7ca3ae0d829f6fb1763af428dda04fb8d451d86fa3db28f3ee3c2293aa2771fac37d458e38957ff9984901e7333741500","public_key_hex":"c2f8243b0d573587f285c830a868acd19249d17d59ecbf9329e796dfed6fb630"}
{"seq":129,"ts":1781845740000,"agent_id":"persona-team","symbol":"ETHUSDT","side":"sell","price":1696.126078538292,"quantity":0.1712821927956939,"notional_usd":290.51619399,"fee_usd":0.174309716394,"balance_before_usd":9961.659294581856,"balance_after_usd":9961.422651599494,"decision":"ALLOW","cert_hash":"87fcf2a512cc69a00c20ff73117c73d2a2e9ed5ddeb7d06d7585b0c8d2a68d83","prev_hash":"d785bf7f2af955d854006b642fbe5ad71b74c4637fbc417c93e6a187481880c0","record_hash":"250e50460fdae93363c534b74902ecd400ba1cdccf2a8cd7b8d264533e26c5bd","signature_hex":"cae0adca6323f85b8d37f2fbbd7c62252a0637a7ab259c0e38f9537863d1646d156c839d8a4b13f846fea9973198885d2c55b39b6d067e1f0ee0af8d9c91a403","public_key_hex":"c2f8243b0d573587f285c830a868acd19249d17d59ecbf9329e796dfed6fb630"}
