{"seq":0,"ts":1778601600000,"agent_id":"regime","symbol":"ETHUSDT","side":"sell","price":2262.7410192684,"quantity":0.88388374231473,"notional_usd":2000.0,"fee_usd":1.2,"balance_before_usd":10000.0,"balance_after_usd":9998.199859969993,"decision":"ALLOW_CAPPED","cert_hash":"8fbbc99dfc3fd23a87e401f519fe0f2c1f24ed112ce777a557617e17137102e1","prev_hash":"0000000000000000000000000000000000000000000000000000000000000000","record_hash":"6e7d28903cc372f6fd764d93815258ec9be341f3dfbbc956f6928a5d70876036","signature_hex":"33b33cab3ba2378aad0a14d3bd18cf32d0b20ab5074a67c7c87020fe7517a08af402543210e35ed62f072ddd09a5128fe81bfa31c8dd9a066ff15570e90faa02","public_key_hex":"c2f8243b0d573587f285c830a868acd19249d17d59ecbf9329e796dfed6fb630"}
{"seq":1,"ts":1778605200000,"agent_id":"regime","symbol":"ETHUSDT","side":"sell","price":2275.5371795244,"quantity":0.8789133475806408,"notional_usd":2000.0,"fee_usd":1.2,"balance_before_usd":9986.886148068364,"balance_after_usd":9985.086008038357,"decision":"ALLOW_CAPPED","cert_hash":"d99aa14870076ba90034690353e00fcac2e8a439c6073403e3515b6d64618ac6","prev_hash":"6e7d28903cc372f6fd764d93815258ec9be341f3dfbbc956f6928a5d70876036","record_hash":"9a88a798658fda46d0de308e5cc564cac9b56493e58b77270bf0dd905d5e6770","signature_hex":"abceb97b25cec5229cd5329bc978515815aa277e98d19faa175f53beafa9a7d43004296c9a35aeb41301352aeb11319afb34c8a331c4cc5365b4538442919b00","public_key_hex":"c2f8243b0d573587f285c830a868acd19249d17d59ecbf9329e796dfed6fb630"}
{"seq":2,"ts":1778608800000,"agent_id":"regime","symbol":"ETHUSDT","side":"sell","price":2277.9396756969672,"quantity":0.8655929272739455,"notional_usd":1971.76847204,"fee_usd":1.183061083224,"balance_before_usd":9980.85529502261,"balance_after_usd":9979.083350034427,"decision":"ALLOW","cert_hash":"4e1d38d87f5900c3ac23de0080f5091a20c4cbe85c03dc69d48c60b168c4836e","prev_hash":"9a88a798658fda46d0de308e5cc564cac9b56493e58b77270bf0dd905d5e6770","record_hash":"f44d011259c36a784b82b980d446eda1e10f59a511200ed23268ed7b2a1e1e37","signature_hex":"e700c19a74c2d8935179140350de2bc69b054ce9cbb8184472b3a16742bb9264d0a95186c76e019e1c099c90988e1a75df084fa9e50d26a35eb0b02d2071600d","public_key_hex":"c2f8243b0d573587f285c830a868acd19249d17d59ecbf9329e796dfed6fb630"}
{"seq":3,"ts":1778612400000,"agent_id":"regime","symbol":"ETHUSDT","side":"buy","price":2285.235410691,"quantity":0.8751833577597365,"notional_usd":2000.0,"fee_usd":1.2,"balance_before_usd":9963.496997232613,"balance_after_usd":9961.697137202618,"decision":"ALLOW_CAPPED","cert_hash":"47261bedb2963a44fcd8a876cfddbab24d81dfd67cac01c4a37245b40fe07d63","prev_hash":"f44d011259c36a784b82b980d446eda1e10f59a511200ed23268ed7b2a1e1e37","record_hash":"afef78f6bfde3cca81d9938efe6ac1cf40e7e92f8a6fc1e7fd04aa9afdc1a285","signature_hex":"9312d134c4b92971497cb96287b47019641d55ddfb719d360eca50414d79f61e714df27bcff9ffe82cb3c8a5200fddb9d00b5db1718f89cb01d7e902633be70c","public_key_hex":"c2f8243b0d573587f285c830a868acd19249d17d59ecbf9329e796dfed6fb630"}
{"seq":4,"ts":1778616000000,"agent_id":"regime","symbol":"ETHUSDT","side":"buy","price":2284.8552966834,"quantity":0.8753289553623445,"notional_usd":2000.0,"fee_usd":1.2,"balance_before_usd":9962.363355733194,"balance_after_usd":9960.5634957032,"decision":"ALLOW_CAPPED","cert_hash":"4f18199bd5825cdc14ce3e133e2af2db1ade2e3575cc764f2d9c89e82f7839ac","prev_hash":"afef78f6bfde3cca81d9938efe6ac1cf40e7e92f8a6fc1e7fd04aa9afdc1a285","record_hash":"3df0ffeb1a440aea53b8e2e9880cf820ce08d97b24d90abba8e389e04088991b","signature_hex":"a1551752a354f7fcc2db689ad0e041ad26e82486639927f4c7e3df54b8457831ce00e00773ad311411a38016d89119a18162d3ecc2b929b8406680db55fa510f","public_key_hex":"c2f8243b0d573587f285c830a868acd19249d17d59ecbf9329e796dfed6fb630"}
{"seq":5,"ts":1778619600000,"agent_id":"regime","symbol":"ETHUSDT","side":"buy","price":2285.085365688,"quantity":0.8752408247110867,"notional_usd":2000.0,"fee_usd":1.2,"balance_before_usd":9960.361583831269,"balance_after_usd":9958.561723801275,"decision":"ALLOW_CAPPED","cert_hash":"9fdb2c80da1974f68b3610adba566a21c2b887ee962d084b5e4c283aff345adf","prev_hash":"3df0ffeb1a440aea53b8e2e9880cf820ce08d97b24d90abba8e389e04088991b","record_hash":"00b945ca10db31801cb857162367f8a37e719ef0b84925f8e93cc6dd73de37fd","signature_hex":"3bca967a8115df0fa8e449fd9458baf1cecd489094d3ea0727d3f15a2ca29ef45cb5308a176f706734d00db8f9b6c4f7dc234ff2eaa9dbfcce1a6efd2d59db06","public_key_hex":"c2f8243b0d573587f285c830a868acd19249d17d59ecbf9329e796dfed6fb630"}
{"seq":6,"ts":1778659200000,"agent_id":"regime","symbol":"ETHUSDT","side":"sell","price":2315.2652583192,"quantity":0.8638319055726379,"notional_usd":2000.0,"fee_usd":1.2,"balance_before_usd":9958.478503889426,"balance_after_usd":9956.678363859417,"decision":"ALLOW_CAPPED","cert_hash":"ee924974e789c5bb2e45bc5cceb0bf0b40d24ae789c4e1a2b70d500aae6995e5","prev_hash":"00b945ca10db31801cb857162367f8a37e719ef0b84925f8e93cc6dd73de37fd","record_hash":"f8052a143f64ddf9c02cd14568d6b0ae012831d35ceffc7edafa59c99089dc09","signature_hex":"ae11e8dd2adbf753201486636987d73b9237cb738c26ac0a449e5a3f2b125642bb2c20fdda2f9b005ad15ca5f061e44ee5e9a7077ec25eac906fae871ea6cf0a","public_key_hex":"c2f8243b0d573587f285c830a868acd19249d17d59ecbf9329e796dfed6fb630"}
{"seq":7,"ts":1778662800000,"agent_id":"regime","symbol":"ETHUSDT","side":"sell","price":2319.653941407,"quantity":0.8621975736548393,"notional_usd":2000.0,"fee_usd":1.2,"balance_before_usd":9952.874565893668,"balance_after_usd":9951.074425863662,"decision":"ALLOW_CAPPED","cert_hash":"e55666cbcf174ee6650d67e59e310df38eeb5b032458f27d0591b54f9ccf5c11","prev_hash":"f8052a143f64ddf9c02cd14568d6b0ae012831d35ceffc7edafa59c99089dc09","record_hash":"2d7d18fb29a0311a8c4d38812bf638a402c7b1d269a1f695241f5072bb7b943c","signature_hex":"6d05e87c26e550a38bef5cabda9c926c9b8e4ddc6c8cbc57d0c6cec714a96d5a0313c899d3b6712cf87f826b07ac0154bec585de1652ecb5e78ce80e7b962e04","public_key_hex":"c2f8243b0d573587f285c830a868acd19249d17d59ecbf9329e796dfed6fb630"}
{"seq":8,"ts":1778666400000,"agent_id":"regime","symbol":"ETHUSDT","side":"buy","price":2308.5223951566,"quantity":0.8663550348032595,"notional_usd":2000.0,"fee_usd":1.2,"balance_before_usd":9972.717328672878,"balance_after_usd":9970.917468642883,"decision":"ALLOW_CAPPED","cert_hash":"8a1fc7d20e6178fa322db5a3ef68853e1c4a09c3f25c0f1e83f906e3cbcece2a","prev_hash":"2d7d18fb29a0311a8c4d38812bf638a402c7b1d269a1f695241f5072bb7b943c","record_hash":"8e849de7b03f981e5858c9c67557d1900979d0a565db5a86f264694ee04b009c","signature_hex":"b849f18db41aaede5f687749b21bfaf63876c5b27715cbcb70cff80298944c4c7491018828f1547a11c6df39abf060ba36a3f99838f980aa4e1274238029700e","public_key_hex":"c2f8243b0d573587f285c830a868acd19249d17d59ecbf9329e796dfed6fb630"}
{"seq":9,"ts":1778670000000,"agent_id":"regime","symbol":"ETHUSDT","side":"buy","price":2301.7785614184672,"quantity":0.8620533691856117,"notional_usd":1984.25596399,"fee_usd":1.190553578394,"balance_before_usd":9976.729446965028,"balance_after_usd":9974.945316695954,"decision":"ALLOW","cert_hash":"873e82548c1f6cb07bb87a28e94851a8625068534135acaea4c265c2183b1a80","prev_hash":"8e849de7b03f981e5858c9c67557d1900979d0a565db5a86f264694ee04b009c","record_hash":"63c4ad90edf415a8a64b205f29f71ac6d30e437a9ec2636a970d8851e9e42f10","signature_hex":"cb989dd1e876c44b08c435e25ba88b2a2b73767c425af9bb7e1a127dda1f8a9c7bda2fec963049a6f888f2a7feaf46caab57afb627dd9681bbf0c2d83eb66a08","public_key_hex":"c2f8243b0d573587f285c830a868acd19249d17d59ecbf9329e796dfed6fb630"}
{"seq":10,"ts":1778774400000,"agent_id":"regime","symbol":"ETHUSDT","side":"sell","price":2314.3855223016003,"quantity":0.8641602622933142,"notional_usd":2000.0,"fee_usd":1.2,"balance_before_usd":9974.941707911452,"balance_after_usd":9973.141567881446,"decision":"ALLOW_CAPPED","cert_hash":"7e0c7aa810f3782b67a9fdf902f7249b254155a95586752018b72ce4eade7bf0","prev_hash":"63c4ad90edf415a8a64b205f29f71ac6d30e437a9ec2636a970d8851e9e42f10","record_hash":"adda4c7652eede846ef6a61dfb8f80e5582f9d0a2e8d426fc90ff3ce914c10fb","signature_hex":"48fbc7d537bf8fd500287f5ee34e3fef221f27e399501016c99793b814e868d4b180e40b2191eff13b3b21ee99e2b022d7e1a4b263e936dfaa6496fdca6b5c0a","public_key_hex":"c2f8243b0d573587f285c830a868acd19249d17d59ecbf9329e796dfed6fb630"}
{"seq":11,"ts":1778778000000,"agent_id":"regime","symbol":"ETHUSDT","side":"sell","price":2306.30794614,"quantity":0.8671868834113595,"notional_usd":2000.0,"fee_usd":1.2,"balance_before_usd":9980.12606707374,"balance_after_usd":9978.325927043732,"decision":"ALLOW_CAPPED","cert_hash":"4c5c5fea33516f803056ff14126614454f2e86a9cf59f4b1a69098205b210db2","prev_hash":"adda4c7652eede846ef6a61dfb8f80e5582f9d0a2e8d426fc90ff3ce914c10fb","record_hash":"a002f0ac0511f0f4f132e5c75e3b541652009e426cab0cdbe79eb2861274fd67","signature_hex":"52dd7d05ccfe5079b737d3f635ee879d4cb4b61534c876aaf959503698c489e26bf0b89e314073c049d6fa0cc2955bb6230880514e2c840a31b8c46de47f100e","public_key_hex":"c2f8243b0d573587f285c830a868acd19249d17d59ecbf9329e796dfed6fb630"}
{"seq":12,"ts":1778781600000,"agent_id":"regime","symbol":"ETHUSDT","side":"sell","price":2307.618874178511,"quantity":0.8617337844828925,"notional_usd":1988.55314559,"fee_usd":1.193131887354,"balance_before_usd":9976.057524362366,"balance_after_usd":9974.268826005307,"decision":"ALLOW","cert_hash":"6555259e9982aac4bb8e006cba867c06897426137a08ec9c4977f853e36ff871","prev_hash":"a002f0ac0511f0f4f132e5c75e3b541652009e426cab0cdbe79eb2861274fd67","record_hash":"6c2e0da07d42e46e0034082c3d4d965a3c3c19b45844700337d8ba8c8375c741","signature_hex":"d962cea12a51d4a16558b68c4a1f20f618f46302f9fb4a4c7853741c80128a79887238b2a37b344606dfd25d476270d69e8f614ad427c6e3b34f18f4ac2b6703","public_key_hex":"c2f8243b0d573587f285c830a868acd19249d17d59ecbf9329e796dfed6fb630"}
{"seq":13,"ts":1778785200000,"agent_id":"regime","symbol":"ETHUSDT","side":"buy","price":2298.1492839492,"quantity":0.8702654844785138,"notional_usd":2000.0,"fee_usd":1.2,"balance_before_usd":10002.406552904977,"balance_after_usd":10000.606692874982,"decision":"ALLOW_CAPPED","cert_hash":"6102267719fa7438068141c2f80751b45882963cb19ad63614c2939b2c22f41b","prev_hash":"6c2e0da07d42e46e0034082c3d4d965a3c3c19b45844700337d8ba8c8375c741","record_hash":"aa27ecc77a4f1e10ede63b1c15d796581a86c409970502ea3edde9fdf16af0fc","signature_hex":"bf2feb0001eb551a97739cd200019d763f9c25c5b3d29516ce0e2a6685b5d87060763016e72537e1d2f10855dcfd20fbec4072044e3d43c83e0d495add5cdf07","public_key_hex":"c2f8243b0d573587f285c830a868acd19249d17d59ecbf9329e796dfed6fb630"}
{"seq":14,"ts":1778788800000,"agent_id":"regime","symbol":"ETHUSDT","side":"buy","price":2297.9992389462,"quantity":0.8703223073812443,"notional_usd":2000.0,"fee_usd":1.2,"balance_before_usd":10000.865153885026,"balance_after_usd":9999.065293855032,"decision":"ALLOW_CAPPED","cert_hash":"eb79c6a8bb7c17bacd2c6dd5da1427c8fea3a71374c2ed03efdc1761140d09b6","prev_hash":"aa27ecc77a4f1e10ede63b1c15d796581a86c409970502ea3edde9fdf16af0fc","record_hash":"2f1022c1763a00b73497a55ba1b475d2985696eedf530e91ae8cbcb4ade9a0fb","signature_hex":"863fddf8410add0863e7e6a01f715aadadeea0594f03a18b620b055042c24a332849589b96fe637aac990a92fc81b1f73b31f6f0c04a7881733ba90bad1e0c01","public_key_hex":"c2f8243b0d573587f285c830a868acd19249d17d59ecbf9329e796dfed6fb630"}
{"seq":15,"ts":1778792400000,"agent_id":"regime","symbol":"ETHUSDT","side":"buy","price":2296.8240696679572,"quantity":0.8524971156119352,"notional_usd":1958.03589446,"fee_usd":1.174821536676,"balance_before_usd":10000.063012633727,"balance_after_usd":9998.305023678242,"decision":"ALLOW","cert_hash":"0007aa3a8d9fbd8e88afc91f4311b2a97b4030602b15083791fcbca68b0203d8","prev_hash":"2f1022c1763a00b73497a55ba1b475d2985696eedf530e91ae8cbcb4ade9a0fb","record_hash":"8856216004f4d07098f342318c4b22e0c694742103e06e2181af9075b3debcd6","signature_hex":"04a4b4ad83026ad5adbc798f009d1521857d5b488bebfc944c40ff79299816c75e6cd84c24ffa1130b74f96ead1d6e60733429a5351f15d2f53355568b71500d","public_key_hex":"c2f8243b0d573587f285c830a868acd19249d17d59ecbf9329e796dfed6fb630"}
{"seq":16,"ts":1778821200000,"agent_id":"regime","symbol":"ETHUSDT","side":"buy","price":2245.3434458934,"quantity":0.8907323303514576,"notional_usd":2000.0,"fee_usd":1.2,"balance_before_usd":9998.31809588939,"balance_after_usd":9996.518235859397,"decision":"ALLOW_CAPPED","cert_hash":"2975fedaba1aa03d40fd0556e59ff6f5793624b6bc44ac7d8df65e5c65cc2bcc","prev_hash":"8856216004f4d07098f342318c4b22e0c694742103e06e2181af9075b3debcd6","record_hash":"0aa79bb41463ff64454e4ca75811aebddfac52685b647a1d3d14d2c744ea2014","signature_hex":"c950d2bc673f74b1e1387cc13d01d8b971ece1ada594a3ec6b516a2188e680bd4633b84cc031314c70f6454f01c69b58acecf126b57b067e15272472242a8f03","public_key_hex":"c2f8243b0d573587f285c830a868acd19249d17d59ecbf9329e796dfed6fb630"}
{"seq":17,"ts":1778824800000,"agent_id":"regime","symbol":"ETHUSDT","side":"sell","price":2253.9236650919997,"quantity":0.8873414973964369,"notional_usd":2000.0,"fee_usd":1.2,"balance_before_usd":10005.36068590529,"balance_after_usd":10003.560545875285,"decision":"ALLOW_CAPPED","cert_hash":"19f243c2672874625338d31ae3e578e4edf3703e713a3798258b3c17523a8c0c","prev_hash":"0aa79bb41463ff64454e4ca75811aebddfac52685b647a1d3d14d2c744ea2014","record_hash":"a708d3418a2c9e8b902f02eca1a97036062acd19cd2d8383f54dc306574bea4e","signature_hex":"9c5e49305e8c6417835cd3a97d80fcbc9937dd2b8c8d6636e87535d07ab8ad801e8dc4638b2b9bc137d678f4c108fde8851cca10cefd0fd2b50504482f019909","public_key_hex":"c2f8243b0d573587f285c830a868acd19249d17d59ecbf9329e796dfed6fb630"}
{"seq":18,"ts":1778878800000,"agent_id":"regime","symbol":"ETHUSDT","side":"sell","price":2215.535184324,"quantity":0.9027164245239627,"notional_usd":2000.0,"fee_usd":1.2,"balance_before_usd":10003.440090617773,"balance_after_usd":10001.639950587765,"decision":"ALLOW_CAPPED","cert_hash":"b7af75301adbda2cabafb611cabd8d81f8046d2abf41dee85c7648bea20ab14a","prev_hash":"a708d3418a2c9e8b902f02eca1a97036062acd19cd2d8383f54dc306574bea4e","record_hash":"23d5120749a49848b12c2000514295c61ef29b41428220b341cce28b5723e786","signature_hex":"595bf05824f18dfa63002422c690c0d71779f0eab27e4e0933a60bb0bfbf179cdb32967e320d51a1d5f3460bac2c2988ae692cadfccbf5c6b7155cb6168f210d","public_key_hex":"c2f8243b0d573587f285c830a868acd19249d17d59ecbf9329e796dfed6fb630"}
{"seq":19,"ts":1778882400000,"agent_id":"regime","symbol":"ETHUSDT","side":"buy","price":2223.7769623808176,"quantity":0.8993097640461691,"notional_usd":1999.86433533,"fee_usd":1.199918601198,"balance_before_usd":9995.423855766945,"balance_after_usd":9993.624131384428,"decision":"ALLOW","cert_hash":"fc15175340edbb8fb58af0c4ce9b1851996a32c588db3fa0e3ee919b20738472","prev_hash":"23d5120749a49848b12c2000514295c61ef29b41428220b341cce28b5723e786","record_hash":"a71bf1e903de48fe992633104e658a06ca2590829c675a7fef0c10078588b163","signature_hex":"f571550fc12953f59a1129722fa324df51e1d53acc861698231b726082e18eeb22e239ab19eeb83d553036169343cc2621b37b5908174f39cf35c9cd59ad0405","public_key_hex":"c2f8243b0d573587f285c830a868acd19249d17d59ecbf9329e796dfed6fb630"}
{"seq":20,"ts":1778922000000,"agent_id":"regime","symbol":"ETHUSDT","side":"sell","price":2172.0182424534,"quantity":0.9208025793286629,"notional_usd":2000.0,"fee_usd":1.2,"balance_before_usd":9993.637740339214,"balance_after_usd":9991.837600309209,"decision":"ALLOW_CAPPED","cert_hash":"8a011b72a75dce8c966b5e5521f6b714f7f601abd129de0b8b331d810dd936dc","prev_hash":"a71bf1e903de48fe992633104e658a06ca2590829c675a7fef0c10078588b163","record_hash":"67d019c42786d178e489d08d2507f33b276a0fd8e9ffeb01e2bd3664cc7336c3","signature_hex":"9812a30cbd5a8a1918ea36a1f8ebea6506f4ad057dc6e168a2984122b7ceed827e4606f10856c829af1ad8d677a78f53cdb52aacc6f1e95a2fc1ec1d1ca75e00","public_key_hex":"c2f8243b0d573587f285c830a868acd19249d17d59ecbf9329e796dfed6fb630"}
{"seq":21,"ts":1778925600000,"agent_id":"regime","symbol":"ETHUSDT","side":"sell","price":2172.9379664718003,"quantity":0.9204128377614941,"notional_usd":2000.0,"fee_usd":1.2,"balance_before_usd":9990.990213715797,"balance_after_usd":9989.190073685792,"decision":"ALLOW_CAPPED","cert_hash":"a35d97399c55e77dec2752748f14a0c2cbb58f2c2096d26195de199e043df5d0","prev_hash":"67d019c42786d178e489d08d2507f33b276a0fd8e9ffeb01e2bd3664cc7336c3","record_hash":"8e277d5366360f1c47346ed4010908c4255a360d2395adb091953bb504c36568","signature_hex":"56dd9712de89ce1b349d7a2fd03dcba4d0364fa89ab2baac77e05f2651bcd897087e64e42b2a8c0358341846ec352bbf36d04398242871adfaa1d65179f3740a","public_key_hex":"c2f8243b0d573587f285c830a868acd19249d17d59ecbf9329e796dfed6fb630"}
{"seq":22,"ts":1778929200000,"agent_id":"regime","symbol":"ETHUSDT","side":"sell","price":2175.1490038762718,"quantity":0.912290921428239,"notional_usd":1984.36868899,"fee_usd":1.190621213394,"balance_before_usd":9985.120391345385,"balance_after_usd":9983.335872278427,"decision":"ALLOW","cert_hash":"e1616bdaa343dbe26a437281a107f6bdc3990cba59dfb43bbeab64db189a2020","prev_hash":"8e277d5366360f1c47346ed4010908c4255a360d2395adb091953bb504c36568","record_hash":"e4da8c99399dc9c27548044422b4fd7c3d37f7bb67fcccfbcf88c930d46b491d","signature_hex":"2509137f31fd456bd41be5fe5c93ccd7e92e0a60aa20e81e8b61180300e31bd56a2217c96cde346f479fd9740d515fa13a1ea4635ad0aea9a735c0bea7b7b608","public_key_hex":"c2f8243b0d573587f285c830a868acd19249d17d59ecbf9329e796dfed6fb630"}
{"seq":23,"ts":1778990400000,"agent_id":"regime","symbol":"ETHUSDT","side":"buy","price":2187.0559637280003,"quantity":0.9144713410034787,"notional_usd":2000.0,"fee_usd":1.2,"balance_before_usd":9954.14584515911,"balance_after_usd":9952.345985129115,"decision":"ALLOW_CAPPED","cert_hash":"f7c03687a5377e252ca6c0f01cc3418a9816257c2a97e8f186f78b21f9249ac1","prev_hash":"e4da8c99399dc9c27548044422b4fd7c3d37f7bb67fcccfbcf88c930d46b491d","record_hash":"d37767182c6d631e23c53a662deea3e14157cf80f0d9a4deb3580b2979bbadef","signature_hex":"6a0d684eacf1af3edeb117866e3173e85bfa060bdc2e814aba5d523c18609cb15d45313df8361f3ab90e792e6f1a16076b932a582c124e339c2d118ba7810007","public_key_hex":"c2f8243b0d573587f285c830a868acd19249d17d59ecbf9329e796dfed6fb630"}
{"seq":24,"ts":1778994000000,"agent_id":"regime","symbol":"ETHUSDT","side":"buy","price":2185.6455406997998,"quantity":0.9150614602217888,"notional_usd":2000.0,"fee_usd":1.2,"balance_before_usd":9954.939404900399,"balance_after_usd":9953.139544870404,"decision":"ALLOW_CAPPED","cert_hash":"452c241da9bbb6e259c55805d3f4c4ba071464f5094903db54ea60075389e357","prev_hash":"d37767182c6d631e23c53a662deea3e14157cf80f0d9a4deb3580b2979bbadef","record_hash":"62e0da52b5a63fc7b0d4883a87021106930b578759c63c2a7a70991f6266811d","signature_hex":"8f114610f5ddff2c244dbb265367814b2cd9679852043004e19fe8875cc60de63dfc21131e0b86032204b23206b1a85bf5a13488cdd049f7d82cc5bd5b219c03","public_key_hex":"c2f8243b0d573587f285c830a868acd19249d17d59ecbf9329e796dfed6fb630"}
{"seq":25,"ts":1778997600000,"agent_id":"regime","symbol":"ETHUSDT","side":"buy","price":2184.8152916832,"quantity":0.9154091916205801,"notional_usd":2000.0,"fee_usd":1.2,"balance_before_usd":9953.906666844352,"balance_after_usd":9952.106806814358,"decision":"ALLOW_CAPPED","cert_hash":"b6b28623a69f66ecffc27f33d550dfc0c20d069f3f1bad934e3d1572fe8c1715","prev_hash":"62e0da52b5a63fc7b0d4883a87021106930b578759c63c2a7a70991f6266811d","record_hash":"4d83b8d6efe24c676ff256580a9fbbd029ea0a22ec17877f477854f5050a5f63","signature_hex":"49e21eb90cba131ec62710aa6eafa114a8eab0ae4b15f9d5cbaf7bb1fb6e98569428b8d7ff1cf1221188419211333e0858103b99b90f3ed9bed0c10e6e469b05","public_key_hex":"c2f8243b0d573587f285c830a868acd19249d17d59ecbf9329e796dfed6fb630"}
{"seq":26,"ts":1779066000000,"agent_id":"regime","symbol":"ETHUSDT","side":"sell","price":2116.0650323339996,"quantity":0.9451505362262043,"notional_usd":2000.0,"fee_usd":1.2,"balance_before_usd":9952.70275860614,"balance_after_usd":9950.902618576132,"decision":"ALLOW_CAPPED","cert_hash":"74a7d1cc4ecc853de22e0ab741ea81d55c01dc504dd2eeae26eb319f6e6c7640","prev_hash":"4d83b8d6efe24c676ff256580a9fbbd029ea0a22ec17877f477854f5050a5f63","record_hash":"3b461e6f2216d329a80cdd926d8f85a24451ad1d502cd781c1ba14203a75ddf7","signature_hex":"550d8604460b85d23321d221f8ef41b3d82cca08b85b90bd79a4be2cb68ca2059d33733dcd842bd4f4b78c87e6eed8c64ddc757e1661025e10d5202244da350e","public_key_hex":"c2f8243b0d573587f285c830a868acd19249d17d59ecbf9329e796dfed6fb630"}
{"seq":27,"ts":1779069600000,"agent_id":"regime","symbol":"ETHUSDT","side":"sell","price":2114.9453683116,"quantity":0.945650904257937,"notional_usd":2000.0,"fee_usd":1.2,"balance_before_usd":9951.97108142525,"balance_after_usd":9950.170941395243,"decision":"ALLOW_CAPPED","cert_hash":"b423dfcb1627fe391c83dff67d2cdc403317add810882b4d94d9ff194c0189d4","prev_hash":"3b461e6f2216d329a80cdd926d8f85a24451ad1d502cd781c1ba14203a75ddf7","record_hash":"faee97205b8eff96e11db63798ea3848c7894cf93b67051df6edc2bdbec9933e","signature_hex":"84f1a63cf85c0bf631bcfdffec158f6e8f7ef1409e08672ab5ae8925d696299fd344aabc1d48c1eb396573a4f075d8918eae55df7ef5ff2eea7ad8ebaa5ac403","public_key_hex":"c2f8243b0d573587f285c830a868acd19249d17d59ecbf9329e796dfed6fb630"}
{"seq":28,"ts":1779073200000,"agent_id":"regime","symbol":"ETHUSDT","side":"sell","price":2117.0605734179294,"quantity":0.9186597473685346,"notional_usd":1944.85833154,"fee_usd":1.166914998924,"balance_before_usd":9946.162710298297,"balance_after_usd":9944.417566434498,"decision":"ALLOW","cert_hash":"b1105cbefcb48cd726cab7e10d3b67d967e611373b75c12a92d975d9ddf24241","prev_hash":"faee97205b8eff96e11db63798ea3848c7894cf93b67051df6edc2bdbec9933e","record_hash":"8cf26410f1505ca804ae4aae39f5762cb09b4e086a80eccc0aa3917cdb0d0b41","signature_hex":"a8cc67222f9ca37681e4ce8af7bf3331730c71613b5461f83745add72f9267d726211ca20e4eaa0bdcc4e420c26f02e486cc8eb5c38acb1f4ad1dbe69c752505","public_key_hex":"c2f8243b0d573587f285c830a868acd19249d17d59ecbf9329e796dfed6fb630"}
{"seq":29,"ts":1779145200000,"agent_id":"regime","symbol":"ETHUSDT","side":"buy","price":2129.7287695818,"quantity":0.9390867177855358,"notional_usd":2000.0,"fee_usd":1.2,"balance_before_usd":9912.288999577439,"balance_after_usd":9910.489139547444,"decision":"ALLOW_CAPPED","cert_hash":"1ee34569a35d72b9668ec4aa747cb05f9d88e7d63a1db1046132d62d199ab46f","prev_hash":"8cf26410f1505ca804ae4aae39f5762cb09b4e086a80eccc0aa3917cdb0d0b41","record_hash":"cbfcfb046fe34e3f950ab85db9c32e677ca7fa2c15b6cdf8d5c9ea4d817bdca5","signature_hex":"97e633a567bd966c8d4da5a4840646de0a909d3d67a5b4d23831dcd61281275702e9e4fb9f887b922f1e8cbd09fd4fa71a3b0237814eba2b30c166826fb1020c","public_key_hex":"c2f8243b0d573587f285c830a868acd19249d17d59ecbf9329e796dfed6fb630"}
{"seq":30,"ts":1779148800000,"agent_id":"regime","symbol":"ETHUSDT","side":"buy","price":2135.8105937034,"quantity":0.9364126228684395,"notional_usd":2000.0,"fee_usd":1.2,"balance_before_usd":9899.06355113448,"balance_after_usd":9897.263691104486,"decision":"ALLOW_CAPPED","cert_hash":"1bb56b0700ca3f364cf0018a3a680d47d898ad70c3927b4e393b6bccc324dd1a","prev_hash":"cbfcfb046fe34e3f950ab85db9c32e677ca7fa2c15b6cdf8d5c9ea4d817bdca5","record_hash":"6ce1174e81b9f6d3ae072243eaee749d58416f4bf9ebadfc7f72dcaa125aa7e9","signature_hex":"51d83b513a5905f9027be96235da0e2b729f937be5432c7b51f6518691eb0b5887bad0991a0827ff13247c57fe15c4215eede3e6b400a418958d6086445cf409","public_key_hex":"c2f8243b0d573587f285c830a868acd19249d17d59ecbf9329e796dfed6fb630"}
{"seq":31,"ts":1779152400000,"agent_id":"regime","symbol":"ETHUSDT","side":"buy","price":2124.487197477,"quantity":0.9414036490194724,"notional_usd":2000.0,"fee_usd":1.2,"balance_before_usd":9907.936141798276,"balance_after_usd":9906.136281768282,"decision":"ALLOW_CAPPED","cert_hash":"57b9d8594f773a6317c36f6683b092abbb9723c7b45e6d4e8c01dd893ec3c7a4","prev_hash":"6ce1174e81b9f6d3ae072243eaee749d58416f4bf9ebadfc7f72dcaa125aa7e9","record_hash":"c289d2a900471b32f024dd911154f0b8c0688a76b15098ff686acd1d91f5b8e4","signature_hex":"0454cc2af0bbb85aac81bcba5817a475816f4b80df921fcb49868f8018139cae016bbab49bbc21b1681bd3dacefe3661fc3b4a68bde0456a73be99b25c2fc80c","public_key_hex":"c2f8243b0d573587f285c830a868acd19249d17d59ecbf9329e796dfed6fb630"}
{"seq":32,"ts":1779332400000,"agent_id":"regime","symbol":"ETHUSDT","side":"sell","price":2144.2965608988,"quantity":0.9327068076636205,"notional_usd":2000.0,"fee_usd":1.2,"balance_before_usd":9906.106917134934,"balance_after_usd":9904.306777104926,"decision":"ALLOW_CAPPED","cert_hash":"00a15bb6962ea0e095d1a2d21b4c7eaf4f9d912d72585ed7f037180c6674121f","prev_hash":"c289d2a900471b32f024dd911154f0b8c0688a76b15098ff686acd1d91f5b8e4","record_hash":"c996d5e24bff1f95cb4763d5bff11d66f7c6479b059e3dfff8839441034113dc","signature_hex":"e34586da0c2335c232ef2158fa3f36c1dcb47f78a6da69f933f40e8300cb21e7314ba518ff1d44df20ce3e8cd6f44e991738d884fac79636fbc1df3146917a09","public_key_hex":"c2f8243b0d573587f285c830a868acd19249d17d59ecbf9329e796dfed6fb630"}
{"seq":33,"ts":1779336000000,"agent_id":"regime","symbol":"ETHUSDT","side":"buy","price":2144.4931978769996,"quantity":0.9326212841243587,"notional_usd":2000.0,"fee_usd":1.2,"balance_before_usd":9905.324945185326,"balance_after_usd":9903.525085155332,"decision":"ALLOW_CAPPED","cert_hash":"66ff709a832074395f00d4d5abc651a8fbf68a5739593292273d4b3581ff063b","prev_hash":"c996d5e24bff1f95cb4763d5bff11d66f7c6479b059e3dfff8839441034113dc","record_hash":"3ad5f71dbd46fe41a17b28e529e2a9f55d44553181a7284a67fd707a6cfea62f","signature_hex":"348a4d2e7cd6e2be53934971ccb77754a13b578d4ed8d40e33cad4cfe0e237787c96f5edbf5d93beac9eb645eab4e556137c4bfef6107835365066440c46b304","public_key_hex":"c2f8243b0d573587f285c830a868acd19249d17d59ecbf9329e796dfed6fb630"}
{"seq":34,"ts":1779472800000,"agent_id":"regime","symbol":"ETHUSDT","side":"buy","price":2099.6097359796,"quantity":0.9525579757644219,"notional_usd":2000.0,"fee_usd":1.2,"balance_before_usd":9903.591397281145,"balance_after_usd":9901.79153725115,"decision":"ALLOW_CAPPED","cert_hash":"c4aa72cffce839523ea6edb1745ff5f0a962f9ffa8122a238e54c2063eedfd3d","prev_hash":"3ad5f71dbd46fe41a17b28e529e2a9f55d44553181a7284a67fd707a6cfea62f","record_hash":"372dfb0ef0704c65bc72739c31533c96219a71290246fb0b740ae0f4f843256f","signature_hex":"e9fd1b1d0e480002e662628943272ef67cb0ca420a78cdb7540d2cbefcc1b134c3f96726504e6d6856af4752e6a94ac3a43f97ee8d96a9e25cd3378568947000","public_key_hex":"c2f8243b0d573587f285c830a868acd19249d17d59ecbf9329e796dfed6fb630"}
{"seq":35,"ts":1779476400000,"agent_id":"regime","symbol":"ETHUSDT","side":"sell","price":2063.5445928662743,"quantity":0.9513637424394742,"notional_usd":1963.18150656,"fee_usd":1.1779089039359998,"balance_before_usd":9868.674928045191,"balance_after_usd":9866.911543107391,"decision":"ALLOW","cert_hash":"f791bff6c273f40ddd7228c2f34a53598603515d1a280b2a980819c44bff95e9","prev_hash":"372dfb0ef0704c65bc72739c31533c96219a71290246fb0b740ae0f4f843256f","record_hash":"e8187e85e0819194873be3db165e8f273664cf528188ab8473d0586b943aee85","signature_hex":"2888bf7a6845d541c01ecc13de657d8558de3f1b494161d84e958e54f50fddc36cbfcde40aa256a65a0128df22ccb5dad52a215e71bcbf6037ddb49ac4e4ed09","public_key_hex":"c2f8243b0d573587f285c830a868acd19249d17d59ecbf9329e796dfed6fb630"}
{"seq":36,"ts":1779494400000,"agent_id":"regime","symbol":"ETHUSDT","side":"sell","price":2062.9209792708,"quantity":0.9694990841127412,"notional_usd":2000.0,"fee_usd":1.2,"balance_before_usd":9866.911718963496,"balance_after_usd":9865.111578933489,"decision":"ALLOW_CAPPED","cert_hash":"5525a050e78221f0ec6292eb5e7c5ae968c4909e66b566b231ece48697a551fd","prev_hash":"e8187e85e0819194873be3db165e8f273664cf528188ab8473d0586b943aee85","record_hash":"07ebd00cb073e5d87b1e5eae82e8451697bb5c77918b77c647e822ed85383419","signature_hex":"44722eb1e848a01924737cc857b318f99bf96d242f48c2ce99ac32938c3840d265aa6691667fc979cad141270750eb666452b12b40dfa8eb7114d2ae76378506","public_key_hex":"c2f8243b0d573587f285c830a868acd19249d17d59ecbf9329e796dfed6fb630"}
{"seq":37,"ts":1779498000000,"agent_id":"regime","symbol":"ETHUSDT","side":"sell","price":2067.3296563589997,"quantity":0.9674315820160093,"notional_usd":2000.0,"fee_usd":1.2,"balance_before_usd":9860.834837125094,"balance_after_usd":9859.034697095087,"decision":"ALLOW_CAPPED","cert_hash":"2bb0efa46803466020270ba2d584ff7222b6c3d4c993ac6618858d49f76dcec9","prev_hash":"07ebd00cb073e5d87b1e5eae82e8451697bb5c77918b77c647e822ed85383419","record_hash":"401c27cfa3dd103be1db9ba7aa2a2af7e89e68a2c06902afa52c02b120f7b3cd","signature_hex":"e978ef47dc62c6cd379b6201c25e569734276d4b540fc842d518476379dca3250de1e981f6116e021066740276bd0152dbb7747657a387f7256b3caef7d81909","public_key_hex":"c2f8243b0d573587f285c830a868acd19249d17d59ecbf9329e796dfed6fb630"}
{"seq":38,"ts":1779501600000,"agent_id":"regime","symbol":"ETHUSDT","side":"sell","price":2066.509006879646,"quantity":0.9251985403620122,"notional_usd":1911.93111681,"fee_usd":1.147158670086,"balance_before_usd":9860.642584968244,"balance_after_usd":9858.930136355033,"decision":"ALLOW","cert_hash":"8ff0e675df440d89d7b28c7f28817714aef8f1a4adf5733e8495b3bb1fa23af4","prev_hash":"401c27cfa3dd103be1db9ba7aa2a2af7e89e68a2c06902afa52c02b120f7b3cd","record_hash":"e96a8c5b26931ce3e742e1dbf596b86b225cb7675000fb00ddbb0d9285dd6b29","signature_hex":"3f04142f13919f2cbc19786473a4d997baef6a671eacd89854a1bdadc0b83db772ea6ca88ff3fbb6821a5fcc445886e47b731f06093963b598553fe91f95330f","public_key_hex":"c2f8243b0d573587f285c830a868acd19249d17d59ecbf9329e796dfed6fb630"}
{"seq":39,"ts":1779559200000,"agent_id":"regime","symbol":"ETHUSDT","side":"buy","price":2073.8420074644,"quantity":0.9643936195724555,"notional_usd":2000.0,"fee_usd":1.2,"balance_before_usd":9841.469417998276,"balance_after_usd":9839.669557968282,"decision":"ALLOW_CAPPED","cert_hash":"88dae2e8c4352b5f1ac9f8dc92d05416ef03b8753ff8cae69ac1495a95ccc9c9","prev_hash":"e96a8c5b26931ce3e742e1dbf596b86b225cb7675000fb00ddbb0d9285dd6b29","record_hash":"bab120f6f5ebb2147fc88d47b03781d258d797dba3ff274d45b08cdc2686db34","signature_hex":"a1e2692949bd2774887924ee4c78bfd9af9dd73c436acb9432daf1e04ba72094d1d51b93fd6d4e899f9443a154fbf614b75c21b3111280481889919b4a52980f","public_key_hex":"c2f8243b0d573587f285c830a868acd19249d17d59ecbf9329e796dfed6fb630"}
{"seq":40,"ts":1779562800000,"agent_id":"regime","symbol":"ETHUSDT","side":"buy","price":2077.1229915299996,"quantity":0.9628702817096106,"notional_usd":2000.0,"fee_usd":1.2,"balance_before_usd":9833.444054907664,"balance_after_usd":9831.64419487767,"decision":"ALLOW_CAPPED","cert_hash":"36d52e0349be264ede109fd7a22751a7b6f01a6f611cdb5ef766ead8f0beeb42","prev_hash":"bab120f6f5ebb2147fc88d47b03781d258d797dba3ff274d45b08cdc2686db34","record_hash":"04e9d6b1d61efb990424c682fef3281eb8429b351f62cb9bb53a8522a186ded4","signature_hex":"d45b9e13359650873b5f13d90b85375c210516e59c0a2b33f5b3374e88309712352069e3c3616e62825f4b65446491b1ee51f7eba0defd4e498c61fd78623802","public_key_hex":"c2f8243b0d573587f285c830a868acd19249d17d59ecbf9329e796dfed6fb630"}
{"seq":41,"ts":1779566400000,"agent_id":"regime","symbol":"ETHUSDT","side":"buy","price":2145.6835549008,"quantity":0.9321038954844694,"notional_usd":2000.0,"fee_usd":1.2,"balance_before_usd":9767.549086249865,"balance_after_usd":9765.74922621987,"decision":"ALLOW_CAPPED","cert_hash":"dc600da1cf6894fc806a6731c49263efaa3fec417d7cb00a6d4d1a2067182452","prev_hash":"04e9d6b1d61efb990424c682fef3281eb8429b351f62cb9bb53a8522a186ded4","record_hash":"5edc8edbc8a0555a5740fe4067259e7e11ef7511719ac7c2cb4a46f68df91b34","signature_hex":"154c278307afc31000c45808c1c97a9ea20f6534130e72e88abf5807e777515c9838a72264c42c35a654bd1b1bc969b660e1d0a9867a45aeea16688397f5a507","public_key_hex":"c2f8243b0d573587f285c830a868acd19249d17d59ecbf9329e796dfed6fb630"}
{"seq":42,"ts":1779570000000,"agent_id":"regime","symbol":"ETHUSDT","side":"sell","price":2114.915377311,"quantity":0.9456643142587062,"notional_usd":2000.0,"fee_usd":1.2,"balance_before_usd":9765.839024703195,"balance_after_usd":9764.038884673188,"decision":"ALLOW_CAPPED","cert_hash":"e18edc6434a1aed74b2491920261257b0690dda7892f04bc4e89d95bb17afc34","prev_hash":"5edc8edbc8a0555a5740fe4067259e7e11ef7511719ac7c2cb4a46f68df91b34","record_hash":"50d62882fd3ef7509c89b0b1fb493bed59c8be00f3e398cb17ea2521d2ae01d0","signature_hex":"87a17af0f18f710f2d1d985ffc675a7209f0e6155d2c041dc4ff91916412efcb5512de7335b5c38a66eda3152c369b85ea2ddb62bb9eb33886eb5eb7de76b206","public_key_hex":"c2f8243b0d573587f285c830a868acd19249d17d59ecbf9329e796dfed6fb630"}
{"seq":43,"ts":1779573600000,"agent_id":"regime","symbol":"ETHUSDT","side":"sell","price":2114.965362312,"quantity":0.9456419644687116,"notional_usd":2000.0,"fee_usd":1.2,"balance_before_usd":9763.991449205045,"balance_after_usd":9762.191309175038,"decision":"ALLOW_CAPPED","cert_hash":"9817405414c109f88c8de6bb17760a0b02cf5e740be38411940c831a0421e421","prev_hash":"50d62882fd3ef7509c89b0b1fb493bed59c8be00f3e398cb17ea2521d2ae01d0","record_hash":"b6a245ac9e00948608340d951d8f1894f9fd6634de3e316a001cb5652eadd516","signature_hex":"2167578fbd083f645fc9f80794bc2f0d4645b933954f3a2732c352b619014f8c132e7ad16fba0c317c961344e4ab1841522210ad599428383bee434d4ac62b00","public_key_hex":"c2f8243b0d573587f285c830a868acd19249d17d59ecbf9329e796dfed6fb630"}
{"seq":44,"ts":1779577200000,"agent_id":"regime","symbol":"ETHUSDT","side":"buy","price":2117.4550883364004,"quantity":0.9445300686737681,"notional_usd":2000.0,"fee_usd":1.2,"balance_before_usd":9759.880200555694,"balance_after_usd":9758.080340525697,"decision":"ALLOW_CAPPED","cert_hash":"6e77330e36f6981bbced7bfab2d885468d6751e12aef0c9eaf918792ab441845","prev_hash":"b6a245ac9e00948608340d951d8f1894f9fd6634de3e316a001cb5652eadd516","record_hash":"100612b7fa155d8cf87069973615799cded2b1a07accdd8849c479519aca102b","signature_hex":"8836d9f54654f30c3bf1992f7a768c16e39fe94729a67e621902c49439474f72ab757e53cd5da8d4ad4d648745274952b633037c99d8f26cd665b79926a4c203","public_key_hex":"c2f8243b0d573587f285c830a868acd19249d17d59ecbf9329e796dfed6fb630"}
{"seq":45,"ts":1779580800000,"agent_id":"regime","symbol":"ETHUSDT","side":"buy","price":2119.1455953702,"quantity":0.9437765882483472,"notional_usd":2000.0,"fee_usd":1.2,"balance_before_usd":9756.475142598567,"balance_after_usd":9754.675282568573,"decision":"ALLOW_CAPPED","cert_hash":"2ef1b3428140b6b30f3d3b91978eeda9485a46d2f67a4e9b85b6b6c1e4bb0523","prev_hash":"100612b7fa155d8cf87069973615799cded2b1a07accdd8849c479519aca102b","record_hash":"d188b8719105f4e9fbb0d5a12865503d7404afe360cea4365256aa46b835eba8","signature_hex":"d227b36c54fafd50396e08aad0578de8215577ace4a7502174257078eeafb9189b5415ca6491527fd03136d2cc614e226538640b1542b812de374ad050f5670e","public_key_hex":"c2f8243b0d573587f285c830a868acd19249d17d59ecbf9329e796dfed6fb630"}
{"seq":46,"ts":1779652800000,"agent_id":"regime","symbol":"ETHUSDT","side":"buy","price":2092.6976628414,"quantity":0.9557042259436855,"notional_usd":2000.0,"fee_usd":1.2,"balance_before_usd":9754.835103654186,"balance_after_usd":9753.035243624194,"decision":"ALLOW_CAPPED","cert_hash":"0e97ae05b916491f53d16aecb8d13ab5fb8c6bb9c2b8f5998cdc7a98472e641a","prev_hash":"d188b8719105f4e9fbb0d5a12865503d7404afe360cea4365256aa46b835eba8","record_hash":"6a3a0da5ca347a5f589c44f3ef4b5e88b3db462a57d82f41dbd5bc1c048da808","signature_hex":"493df911ca54224c20e6ef93a03a2e081a3d3db1ae12779ec420f7e039d3d076dcf70e93693096d8a1ac450566df0b2e7053d562b3cbade39e69e2d8adb72808","public_key_hex":"c2f8243b0d573587f285c830a868acd19249d17d59ecbf9329e796dfed6fb630"}
{"seq":47,"ts":1779656400000,"agent_id":"regime","symbol":"ETHUSDT","side":"buy","price":2070.2909423934,"quantity":0.9660477950446236,"notional_usd":2000.0,"fee_usd":1.2,"balance_before_usd":9731.762869580218,"balance_after_usd":9729.963009550223,"decision":"ALLOW_CAPPED","cert_hash":"02b749c42d8f3a859f2f2c13819c73bcafce6ee4ba8c846024784986ad183ba5","prev_hash":"6a3a0da5ca347a5f589c44f3ef4b5e88b3db462a57d82f41dbd5bc1c048da808","record_hash":"979290e2f07765da75239bb3c0a39e3a3df5d416e1d296832f66cf9f924858a9","signature_hex":"c1ee70e1223bf346c65918e6640dfe28061f7387b717aab39394e541557596c723d097f3f9de4f53c245b4feb767eec7c751a734b266b77261f159a8fdcd3803","public_key_hex":"c2f8243b0d573587f285c830a868acd19249d17d59ecbf9329e796dfed6fb630"}
{"seq":48,"ts":1779660000000,"agent_id":"regime","symbol":"ETHUSDT","side":"sell","price":2090.7726218280004,"quantity":0.956584173295403,"notional_usd":2000.0,"fee_usd":1.2,"balance_before_usd":9771.591330278312,"balance_after_usd":9769.791190248305,"decision":"ALLOW_CAPPED","cert_hash":"80d3964d5a10a9e83ea2b209fd49cb96dff55a6018a7e066268fd742bb7fc0f9","prev_hash":"979290e2f07765da75239bb3c0a39e3a3df5d416e1d296832f66cf9f924858a9","record_hash":"29319b86e5bdc11b531ba3f1200b0a1146797a75ff1bb5dfc30a5fb4b553c693","signature_hex":"eafd317a08312c34b5c54c4b4b5fddd07e30c3ad89f1dd1cb8143c918ed3cffedc16ef43b4dbd40b4937db18f979bb70fec631789f8d61fef9c1dd26bea5e10c","public_key_hex":"c2f8243b0d573587f285c830a868acd19249d17d59ecbf9329e796dfed6fb630"}
{"seq":49,"ts":1779663600000,"agent_id":"regime","symbol":"ETHUSDT","side":"sell","price":2098.3003629786,"quantity":0.9531523871829962,"notional_usd":2000.0,"fee_usd":1.2,"balance_before_usd":9777.013387773253,"balance_after_usd":9775.213247743248,"decision":"ALLOW_CAPPED","cert_hash":"04f9dee0f67f55aa9655a0ed36425caaa2ff7dc12df1a3a643d94577bb5800cc","prev_hash":"29319b86e5bdc11b531ba3f1200b0a1146797a75ff1bb5dfc30a5fb4b553c693","record_hash":"fdabb10e4d9fe9dd8e6c63c7662278b9fe5cc53c4be5fe373fd0c80d826bbd1b","signature_hex":"8973ecedc90cbbed3fa4eb919b9d659652c0bf52476a4d11cd3388647f1c37e707cf1d9a98990b1964b2629717a579a75183e7abffebc5caa2fccdcd8723ec0f","public_key_hex":"c2f8243b0d573587f285c830a868acd19249d17d59ecbf9329e796dfed6fb630"}
{"seq":50,"ts":1779922800000,"agent_id":"regime","symbol":"ETHUSDT","side":"sell","price":2023.3928404800001,"quantity":0.9884388043626512,"notional_usd":2000.0,"fee_usd":1.2,"balance_before_usd":9774.765856440987,"balance_after_usd":9772.965716410981,"decision":"ALLOW_CAPPED","cert_hash":"94a9f506cc7b8b04723dcd2a1ce42e8f2137c7363d1fe00d1a2fc08a4e87819c","prev_hash":"fdabb10e4d9fe9dd8e6c63c7662278b9fe5cc53c4be5fe373fd0c80d826bbd1b","record_hash":"1becfd4c2e2262db8c8039181744ed4b54b01fe2dcb31ff26bc8177abd1fb36f","signature_hex":"66deb7ad47838db733ea5368a5f08ed998514a1212ff1e6b371b5241dddf72cc8bb208d77f1319434e30295323d32013a06dc346208751f8b26eb4ce2a143c0f","public_key_hex":"c2f8243b0d573587f285c830a868acd19249d17d59ecbf9329e796dfed6fb630"}
{"seq":51,"ts":1779926400000,"agent_id":"regime","symbol":"ETHUSDT","side":"sell","price":2026.7618295473999,"quantity":0.9867957699038687,"notional_usd":2000.0,"fee_usd":1.2,"balance_before_usd":9769.65479920292,"balance_after_usd":9767.854659172912,"decision":"ALLOW_CAPPED","cert_hash":"366d67f119e483ee6d59329bd94113b8f217cf06cbdddf651075608af060aae8","prev_hash":"1becfd4c2e2262db8c8039181744ed4b54b01fe2dcb31ff26bc8177abd1fb36f","record_hash":"cae82dd66322e99c55f56dd4f680c642e47d693064c4e536ca112059360e43cb","signature_hex":"7f5b49c4927a7d37c6b1697cc4753c7190f9ae6418313960908cd792245aac6e5e5a29afc60cb1236539ad753201717232648356b27157c8ba983a7bf8664f0f","public_key_hex":"c2f8243b0d573587f285c830a868acd19249d17d59ecbf9329e796dfed6fb630"}
{"seq":52,"ts":1779930000000,"agent_id":"regime","symbol":"ETHUSDT","side":"sell","price":2019.1049899132001,"quantity":0.9372733424037326,"notional_usd":1892.45328256,"fee_usd":1.135471969536,"balance_before_usd":9782.958912397462,"balance_after_usd":9781.265753335108,"decision":"ALLOW","cert_hash":"6e9885f86834571a5e3cebcb35c5506e2fa7f67f74ff4d27cb05d59d019a7ef6","prev_hash":"cae82dd66322e99c55f56dd4f680c642e47d693064c4e536ca112059360e43cb","record_hash":"558343c0ae184275858354731acca4cf743bbad007051c2b798275dbf440a93e","signature_hex":"89ed3f38ffada70ad7baf9eb079dba92f9413c44e939d8729d473098f2c7a144be42901ca2480da048a234e56650ae6ce8370804a6e30479097e05e0339d5a0c","public_key_hex":"c2f8243b0d573587f285c830a868acd19249d17d59ecbf9329e796dfed6fb630"}
{"seq":53,"ts":1780002000000,"agent_id":"regime","symbol":"ETHUSDT","side":"buy","price":2019.6157433801998,"quantity":0.9902873883586542,"notional_usd":2000.0,"fee_usd":1.2,"balance_before_usd":9783.27126395244,"balance_after_usd":9781.471403922445,"decision":"ALLOW_CAPPED","cert_hash":"89b0b484565dc01af468d48d5e8b8f4e38894bbdf0f423ecf7ff09c87f3619b3","prev_hash":"558343c0ae184275858354731acca4cf743bbad007051c2b798275dbf440a93e","record_hash":"09d5694ede7c6216c9cba319d1e1b6abb50ec09391fb575c1b952a0866885877","signature_hex":"330765c57feb5a2079e4d16830cc503db296994a776ca6af9a3149c0c3c2d9281bf520e9aed3f740a189ba2f34a492b9e38177c46562e371309bc94216cc2b08","public_key_hex":"c2f8243b0d573587f285c830a868acd19249d17d59ecbf9329e796dfed6fb630"}
{"seq":54,"ts":1780005600000,"agent_id":"regime","symbol":"ETHUSDT","side":"buy","price":2005.3214560944,"quantity":0.9973463326399727,"notional_usd":2000.0,"fee_usd":1.2,"balance_before_usd":9808.854612681476,"balance_after_usd":9807.054752651482,"decision":"ALLOW_CAPPED","cert_hash":"764c42dda3f0a4a14e9ab515fedf10e7a0643d6c09b9f19da25572b57183b2a0","prev_hash":"09d5694ede7c6216c9cba319d1e1b6abb50ec09391fb575c1b952a0866885877","record_hash":"2ae285a621c04667afa1f01366770be6a1dd0b7224769967fa9cbfcc9ca8622f","signature_hex":"cf9cb0318c4b933a4a11d935e2487a69b88622461add3a60ee7b212eaada8088fd89856c31add604f05f13913ff703e39e78d679c8ef0cbe4ceaae6629c2470c","public_key_hex":"c2f8243b0d573587f285c830a868acd19249d17d59ecbf9329e796dfed6fb630"}
{"seq":55,"ts":1780009200000,"agent_id":"regime","symbol":"ETHUSDT","side":"buy","price":2009.5872770626456,"quantity":0.9186348673984224,"notional_usd":1846.07694179,"fee_usd":1.1076461650740002,"balance_before_usd":9803.121846075639,"balance_after_usd":9801.474706723997,"decision":"ALLOW","cert_hash":"12aa87585dda4ff63413481f920ddd28c8bca35448cde6f82bfccf5d09b8d97c","prev_hash":"2ae285a621c04667afa1f01366770be6a1dd0b7224769967fa9cbfcc9ca8622f","record_hash":"9e13b24e4e72802372cfaf5521845e588c782fd643e3a81bdea8f15f6ce92b1e","signature_hex":"4d984d498b8c436763c9c69d361f01e67a003c06351013cceceeb484fd09895adeb1376a19c034e177ac2abf28524aa59716461fff274007dcd1649ce1f48904","public_key_hex":"c2f8243b0d573587f285c830a868acd19249d17d59ecbf9329e796dfed6fb630"}
{"seq":56,"ts":1780070400000,"agent_id":"regime","symbol":"ETHUSDT","side":"sell","price":2038.88819079,"quantity":0.9809267663790175,"notional_usd":2000.0,"fee_usd":1.2,"balance_before_usd":9801.466516309742,"balance_after_usd":9799.666376279734,"decision":"ALLOW_CAPPED","cert_hash":"4c8abb4f9a31e4e1db429e7c4a626a6ba955184fb449806d9236ab92c5805fb2","prev_hash":"9e13b24e4e72802372cfaf5521845e588c782fd643e3a81bdea8f15f6ce92b1e","record_hash":"c154c8e941bcb11e32f91c2706246899f6e74488ac01fae9349fa29dcd3436ca","signature_hex":"022de24aa90313e0ad2eb8c8d2ed640c4c00a517d204677cf094cc0b56296a0bf9542b62f61d02b213f484ad2bfab507e582f361bedfe8c25224a9fc3bd1cc08","public_key_hex":"c2f8243b0d573587f285c830a868acd19249d17d59ecbf9329e796dfed6fb630"}
{"seq":57,"ts":1780074000000,"agent_id":"regime","symbol":"ETHUSDT","side":"buy","price":2028.0071732825731,"quantity":0.9809015405158154,"notional_usd":1989.27536045,"fee_usd":1.1935652162700001,"balance_before_usd":9811.538839464805,"balance_after_usd":9809.7496970403,"decision":"ALLOW","cert_hash":"be57f267f1397fdc1aa61aafb48fbc13d9246af4e20d879e5948d319e8532cad","prev_hash":"c154c8e941bcb11e32f91c2706246899f6e74488ac01fae9349fa29dcd3436ca","record_hash":"c06c04ce5812cbc36be4bb0762315df7169a5a7671409dd9160f548799201082","signature_hex":"2de920040813ce61e8b901f3805f59736e5057324920f1cdb2b96be7c6ea22ced5a09aefbe37cf69a4f4173a02cdc5161a29d544cfa7660f7db11912ae6f2103","public_key_hex":"c2f8243b0d573587f285c830a868acd19249d17d59ecbf9329e796dfed6fb630"}
{"seq":58,"ts":1780149600000,"agent_id":"regime","symbol":"ETHUSDT","side":"sell","price":2025.142315515,"quantity":0.9875849142441101,"notional_usd":2000.0,"fee_usd":1.2,"balance_before_usd":9809.750181750958,"balance_after_usd":9807.950041720953,"decision":"ALLOW_CAPPED","cert_hash":"5b715c753dff7694f9d6dba9237321bc9d47988eed792620d97d2a16fd74a2da","prev_hash":"c06c04ce5812cbc36be4bb0762315df7169a5a7671409dd9160f548799201082","record_hash":"66099e4ebf28356d8ab595d4e4e7a8f714331e0d060f6e8e087c76e63e72d98d","signature_hex":"9e4960cce7ef908929f18db8ff3dd02ed072b0d0f3f68e61f1e7c01b8b0de887c83cf2e28b0bc901d8657f05a4970462a9b612533cd6e19d72b07eacb6034507","public_key_hex":"c2f8243b0d573587f285c830a868acd19249d17d59ecbf9329e796dfed6fb630"}
{"seq":59,"ts":1780153200000,"agent_id":"regime","symbol":"ETHUSDT","side":"buy","price":2026.4077805159998,"quantity":0.9869681804571065,"notional_usd":2000.0,"fee_usd":1.2,"balance_before_usd":9807.900647787039,"balance_after_usd":9806.100787757045,"decision":"ALLOW_CAPPED","cert_hash":"54b60a3044685e82f0c6c7cd192392924baee0b4f63e94636a307b7de78a21d4","prev_hash":"66099e4ebf28356d8ab595d4e4e7a8f714331e0d060f6e8e087c76e63e72d98d","record_hash":"9e630eea92383e848b7343a9a339da7b7edea85df83619dcd07dddb9186da378","signature_hex":"711b335f441706eeb0bdafc336ba5a8eeb975e8e9b40b91e59086fea9ae5b03be8c646706006ffc1ce0ad36fd102756dc41e7bb2a9526390e040f643e9dc2d0d","public_key_hex":"c2f8243b0d573587f285c830a868acd19249d17d59ecbf9329e796dfed6fb630"}
{"seq":60,"ts":1780160400000,"agent_id":"regime","symbol":"ETHUSDT","side":"sell","price":2025.5821835238003,"quantity":0.9873704539209087,"notional_usd":2000.0,"fee_usd":1.2,"balance_before_usd":9806.100432662894,"balance_after_usd":9804.300292632886,"decision":"ALLOW_CAPPED","cert_hash":"f6f34eadffaaa3c18b8d9913d5855355d8194d7f9bf8dba04534e9701452da07","prev_hash":"9e630eea92383e848b7343a9a339da7b7edea85df83619dcd07dddb9186da378","record_hash":"0f0a10406c94fa2bc710dbeec28ab4e9ba60e3073560a5a5c2d74ff1699d3f00","signature_hex":"ae78df5f26bf2af5a54aacc969b84f27742948c10aac81119c4f17acd5c4d6ead6932142b769f259340568f578e3f98db0f341993092b2cd5d6b06d22ba25003","public_key_hex":"c2f8243b0d573587f285c830a868acd19249d17d59ecbf9329e796dfed6fb630"}
{"seq":61,"ts":1780164000000,"agent_id":"regime","symbol":"ETHUSDT","side":"sell","price":2026.0520425332002,"quantity":0.9871414741643917,"notional_usd":2000.0,"fee_usd":1.2,"balance_before_usd":9803.835800585566,"balance_after_usd":9802.03566055556,"decision":"ALLOW_CAPPED","cert_hash":"232921db0194d24cd247ceb439785e65085bd9f96e6333d0757cb06920dc83f4","prev_hash":"0f0a10406c94fa2bc710dbeec28ab4e9ba60e3073560a5a5c2d74ff1699d3f00","record_hash":"beb6bb8e82bafc5966817a3c1abf52e2da96ad6d0cc23348a0654cc7937d45d8","signature_hex":"3269521a866eaa6e397e8f8449b9363fdbc1aa582d908a0e0ea5743f0887b6efd2fcf99006d4aafeb1a373c476b2e43563698d10f6384b9ccf44cfe24f992d09","public_key_hex":"c2f8243b0d573587f285c830a868acd19249d17d59ecbf9329e796dfed6fb630"}
{"seq":62,"ts":1780167600000,"agent_id":"regime","symbol":"ETHUSDT","side":"sell","price":2027.274465280174,"quantity":0.9243382664374578,"notional_usd":1873.88736483,"fee_usd":1.1243324188980002,"balance_before_usd":9799.645399420213,"balance_after_usd":9797.970591470785,"decision":"ALLOW","cert_hash":"dc49504c32b94e87e4d92ec846215ed4693a8d0f14c5855d04c6b25ca6d9e27e","prev_hash":"beb6bb8e82bafc5966817a3c1abf52e2da96ad6d0cc23348a0654cc7937d45d8","record_hash":"76fe6ad1dd2dcd98b639510d97f5311151104041471826df393bab37bb168287","signature_hex":"1802abb5a2491d46c43005df056857aec72f3d1e2f0997b598963c4451c52153d02149610999111931c265fcc3fc9458cb04f63502acfe19d1128d34cb333e05","public_key_hex":"c2f8243b0d573587f285c830a868acd19249d17d59ecbf9329e796dfed6fb630"}
{"seq":63,"ts":1780171200000,"agent_id":"regime","symbol":"ETHUSDT","side":"buy","price":2026.8179035242,"quantity":0.9867684691961871,"notional_usd":2000.0,"fee_usd":1.2,"balance_before_usd":9802.78419422008,"balance_after_usd":9800.984334190083,"decision":"ALLOW_CAPPED","cert_hash":"7b233d56f39f8521d38a5b07e4460443f228c4e4362836333ffa29204cc01042","prev_hash":"76fe6ad1dd2dcd98b639510d97f5311151104041471826df393bab37bb168287","record_hash":"1550a9c6321c4af947f5a1578dadd30aca099e0a3405c3ef8d5fb450e863f4bd","signature_hex":"0a66d0175b04f664f05b125f04212f2f3e198b128bc7477ea0b592a49b1ce80f4a45f7c66a593196f09b3c0a8553016b0d29d7441564b1b0f0a7cac69f89e503","public_key_hex":"c2f8243b0d573587f285c830a868acd19249d17d59ecbf9329e796dfed6fb630"}
{"seq":64,"ts":1780174800000,"agent_id":"regime","symbol":"ETHUSDT","side":"buy","price":2028.0482725488,"quantity":0.9861698200538641,"notional_usd":2000.0,"fee_usd":1.2,"balance_before_usd":9798.63135375561,"balance_after_usd":9796.831493725616,"decision":"ALLOW_CAPPED","cert_hash":"c06a92e533685092075a39bb68fa8c943187597f8040d5bcb14a1ea75ef3e13b","prev_hash":"1550a9c6321c4af947f5a1578dadd30aca099e0a3405c3ef8d5fb450e863f4bd","record_hash":"dd82057f9d4353d3c4b08722bae19fffd86ed097809bf43b2029ab453ad90b60","signature_hex":"fc6af7fe062913cc164f9b31ef5622a99ac313bd17df662e997d95e765eac3d1f1d263ed612cd87346590a7288288c57655d108e7cd94d498ccae4bfbdb0390c","public_key_hex":"c2f8243b0d573587f285c830a868acd19249d17d59ecbf9329e796dfed6fb630"}
{"seq":65,"ts":1780178400000,"agent_id":"regime","symbol":"ETHUSDT","side":"buy","price":2022.894020328628,"quantity":0.9265502428424351,"notional_usd":1874.31294578,"fee_usd":1.124587767468,"balance_before_usd":9801.595360877525,"balance_after_usd":9799.920383430313,"decision":"ALLOW","cert_hash":"6c6a7f57bbe466a286077c8d035a5dea8d23bcca88948b73a0b1704ddbbbb416","prev_hash":"dd82057f9d4353d3c4b08722bae19fffd86ed097809bf43b2029ab453ad90b60","record_hash":"0f23ab700b33e22025e128e4e5b74ddd699b67bea902d246736c3ec9970a2329","signature_hex":"20de37a07adafa3bc70eadd8ca94e745d29b61214c3c4efa5c36ceede748e653014ca8c4e70d7c14d820f126b903ac98adba9ce3c3ca2ef041dbdac6d04cc304","public_key_hex":"c2f8243b0d573587f285c830a868acd19249d17d59ecbf9329e796dfed6fb630"}
{"seq":66,"ts":1780192800000,"agent_id":"regime","symbol":"ETHUSDT","side":"sell","price":2032.6300686648,"quantity":0.9839468729859762,"notional_usd":2000.0,"fee_usd":1.2,"balance_before_usd":9799.917405997148,"balance_after_usd":9798.117265967141,"decision":"ALLOW_CAPPED","cert_hash":"6bf68ce783650b5d69058636e52246f776bb3130fef5770ff0666bcc3e9083d3","prev_hash":"0f23ab700b33e22025e128e4e5b74ddd699b67bea902d246736c3ec9970a2329","record_hash":"4de4d384a7baf86a44590215a3fbbcf927113b242974e5a9b7f24942c88b1a99","signature_hex":"d362ac7b9386bf53dc10b18dcf27e332118d6fc0a5efb6e7adc9fb583cb2281356ac51f44592ef49f576e7b6e797cdd7958de8c2ed32bc84d887297c613afe02","public_key_hex":"c2f8243b0d573587f285c830a868acd19249d17d59ecbf9329e796dfed6fb630"}
{"seq":67,"ts":1780196400000,"agent_id":"regime","symbol":"ETHUSDT","side":"buy","price":2032.9797516473998,"quantity":0.9837776290586884,"notional_usd":2000.0,"fee_usd":1.2,"balance_before_usd":9798.973536526059,"balance_after_usd":9797.173676496064,"decision":"ALLOW_CAPPED","cert_hash":"f038849cb816d8498e737cfb10fc28a9ee1bf43a07409f85da6a78d85f378c5d","prev_hash":"4de4d384a7baf86a44590215a3fbbcf927113b242974e5a9b7f24942c88b1a99","record_hash":"16adfada3d2733dc5b1083662dc2c1419cbc3c807285105dddb914cf6eb8c8ee","signature_hex":"8a5810771678100c434bb59c6222ec3c2cd2388ed6e2d2057c6791203efa1abd0419b13926b38bbfa25b92abab935c276fb8bfa4e90781e007c78f2c5e884705","public_key_hex":"c2f8243b0d573587f285c830a868acd19249d17d59ecbf9329e796dfed6fb630"}
{"seq":68,"ts":1780236000000,"agent_id":"regime","symbol":"ETHUSDT","side":"buy","price":2007.6921671418,"quantity":0.9961686521132617,"notional_usd":2000.0,"fee_usd":1.2,"balance_before_usd":9797.184835193737,"balance_after_usd":9795.384975163743,"decision":"ALLOW_CAPPED","cert_hash":"8ba1502e1738b83564edd2cb0233745b2ffe03fa877180828c35b02223246d6c","prev_hash":"16adfada3d2733dc5b1083662dc2c1419cbc3c807285105dddb914cf6eb8c8ee","record_hash":"5e1f077ead8d497a6aceaf415b57a501f0a2478bd943b6adb01445d3312a7e68","signature_hex":"2531161c0d31fa8085fb82ff0e9dd090f02d71cf2ce5a80385a33a28a80624865705e453d596376f39afb07bd6f71d5aa86047ef5d4a8e7d2d365bd2143a4f09","public_key_hex":"c2f8243b0d573587f285c830a868acd19249d17d59ecbf9329e796dfed6fb630"}
{"seq":69,"ts":1780239600000,"agent_id":"regime","symbol":"ETHUSDT","side":"buy","price":2010.703070202,"quantity":0.9946769513805315,"notional_usd":2000.0,"fee_usd":1.2,"balance_before_usd":9798.382114180022,"balance_after_usd":9796.582254150027,"decision":"ALLOW_CAPPED","cert_hash":"66d2001d4d717d7aaaa6456dd3238ba43c49babf887f91a549470ab297c6fc5b","prev_hash":"5e1f077ead8d497a6aceaf415b57a501f0a2478bd943b6adb01445d3312a7e68","record_hash":"cf7df1fb84d5aa72a2aa126e32f0f2993c6035f7d8e2bd1757e5fb7276c502f6","signature_hex":"d2f79282a8f07cb2649ba4d3d6d29e093b7377ecd1bda736a16d97afec43c4b9cdc2b1b68a533fadb307626bed2bc6071bf9b74405875aeada39efd5aaf94505","public_key_hex":"c2f8243b0d573587f285c830a868acd19249d17d59ecbf9329e796dfed6fb630"}
{"seq":70,"ts":1780243200000,"agent_id":"regime","symbol":"ETHUSDT","side":"buy","price":2002.0988707908264,"quantity":0.940950982873224,"notional_usd":1883.87690028,"fee_usd":1.130326140168,"balance_before_usd":9779.484682077924,"balance_after_usd":9777.800257388342,"decision":"ALLOW","cert_hash":"8ccbc052a8050047799e47cad1ad467c0cdb630a30f5f9bdc36656fcf56e45d1","prev_hash":"cf7df1fb84d5aa72a2aa126e32f0f2993c6035f7d8e2bd1757e5fb7276c502f6","record_hash":"e80ba5f9a5457b1b99fcfac604445bc8220ac0b6b6534c976009d3582e071322","signature_hex":"398f7f4ff8a6bdb38aefb99d89297ed781f0e02bd6da449ad504a82a362f06b9cc130830d7ee10e3b529c08c87335ad4c4ad66c4abe58b5f295ed306d7eaeb05","public_key_hex":"c2f8243b0d573587f285c830a868acd19249d17d59ecbf9329e796dfed6fb630"}
{"seq":71,"ts":1780257600000,"agent_id":"regime","symbol":"ETHUSDT","side":"sell","price":2005.9780661316,"quantity":0.9970198746274788,"notional_usd":2000.0,"fee_usd":1.2,"balance_before_usd":9792.66222816203,"balance_after_usd":9790.862088132024,"decision":"ALLOW_CAPPED","cert_hash":"b4671d0059d1d2b976d9bfdfd4c3869c0d3262992080f094cc9ebd3d666d7dca","prev_hash":"e80ba5f9a5457b1b99fcfac604445bc8220ac0b6b6534c976009d3582e071322","record_hash":"fd52aec7f3da32dbb80655505803900ccb921a7f80d6a2858135c94b0169fd4c","signature_hex":"dcc5648ec51859e58a9abc66ce8785e8fe08f643609febee587d45dbb7563c8feabcdb355be9bdcf7b2bff53a26e656c4bbd2784496a47667fbb52bfa0550708","public_key_hex":"c2f8243b0d573587f285c830a868acd19249d17d59ecbf9329e796dfed6fb630"}
{"seq":72,"ts":1780261200000,"agent_id":"regime","symbol":"ETHUSDT","side":"sell","price":2011.1365182348,"quantity":0.9944625747015053,"notional_usd":2000.0,"fee_usd":1.2,"balance_before_usd":9800.84325831903,"balance_after_usd":9799.043118289024,"decision":"ALLOW_CAPPED","cert_hash":"51ab790cd8f409d96d5c67c5cf4c687d1ed0268837955aaec81afe598ae7fe22","prev_hash":"fd52aec7f3da32dbb80655505803900ccb921a7f80d6a2858135c94b0169fd4c","record_hash":"a624c7fb01c90604e7ae352126756390a750a1cf9aa11ab941f57c4c1bead017","signature_hex":"6e5a556415147fa24756a0d42b19b94468d95ebf867b8a8efa57dcbb761add77127587ca58b6440d7a3babd4042181a4627d799a25c1123390f881fdedc66f0e","public_key_hex":"c2f8243b0d573587f285c830a868acd19249d17d59ecbf9329e796dfed6fb630"}
{"seq":73,"ts":1780264800000,"agent_id":"regime","symbol":"ETHUSDT","side":"sell","price":2011.1574994009204,"quantity":0.9401496257221149,"notional_usd":1890.78897033,"fee_usd":1.134473382198,"balance_before_usd":9799.052517016353,"balance_after_usd":9797.36100441769,"decision":"ALLOW","cert_hash":"53f1ab9e00116cc9e7f5fe727c53d2efbd3dd03ad207f4ff543424f91060e8ac","prev_hash":"a624c7fb01c90604e7ae352126756390a750a1cf9aa11ab941f57c4c1bead017","record_hash":"70536e0b2a49f96c51b3defff7ee01e3be6a5e309f7f0f4c37be90a513f1cf2e","signature_hex":"2e0e493ee04523c6b1119cc5e5bd0d9badbc3dfe1c5773ecb077008fe96490e3aa7cda0e9f967f07689a112b362130457cc7adf8b69a0af6a7213c73daad9c07","public_key_hex":"c2f8243b0d573587f285c830a868acd19249d17d59ecbf9329e796dfed6fb630"}
{"seq":74,"ts":1780275600000,"agent_id":"regime","symbol":"ETHUSDT","side":"buy","price":1994.9483448869998,"quantity":1.0025322235164371,"notional_usd":2000.0,"fee_usd":1.2,"balance_before_usd":9797.365822353526,"balance_after_usd":9795.565962323533,"decision":"ALLOW_CAPPED","cert_hash":"e1018a440544b46387cd20e572e50e6625cfdbd6449181f69ea5a4eee163377d","prev_hash":"70536e0b2a49f96c51b3defff7ee01e3be6a5e309f7f0f4c37be90a513f1cf2e","record_hash":"39fe83cb4ed409871b590b683f6252d12e110b375211012e603f59b0c55dde79","signature_hex":"31b6421a08ac79e375795833cdabd8e94989a0836e60846edeb3f3d9b962244eb552634fa8184b2cc454e9ac1db1c22396770d2cfb0a075bfc7532682fa0090e","public_key_hex":"c2f8243b0d573587f285c830a868acd19249d17d59ecbf9329e796dfed6fb630"}
{"seq":75,"ts":1780279200000,"agent_id":"regime","symbol":"ETHUSDT","side":"sell","price":2010.0068572122,"quantity":0.9950214810579905,"notional_usd":2000.0,"fee_usd":1.2,"balance_before_usd":9811.86263399994,"balance_after_usd":9810.062493969932,"decision":"ALLOW_CAPPED","cert_hash":"26b40d0df4a1a5cbc5ffba8cb0daa612a33291b51be0875279ebda7160c0e043","prev_hash":"39fe83cb4ed409871b590b683f6252d12e110b375211012e603f59b0c55dde79","record_hash":"ec19ff86556473540ee1a35bd00586123f9322d3ed155b031f528e39db712c77","signature_hex":"7426f5f12de8c250f0bd83dd50766c0d6a0d2e1c3f71df64b7501a724cf609f18b719a6d8afb44ff1d98348868f8f783071b1064787ed6900d5ef925562c7001","public_key_hex":"c2f8243b0d573587f285c830a868acd19249d17d59ecbf9329e796dfed6fb630"}
{"seq":76,"ts":1780416000000,"agent_id":"regime","symbol":"ETHUSDT","side":"sell","price":1919.3140713978003,"quantity":1.042038939746551,"notional_usd":2000.0,"fee_usd":1.2,"balance_before_usd":9809.406239134738,"balance_after_usd":9807.60609910473,"decision":"ALLOW_CAPPED","cert_hash":"51b007d2c450064d2d0c24d12c070725f59ed12dc0c14363b913949cb8a3b41f","prev_hash":"ec19ff86556473540ee1a35bd00586123f9322d3ed155b031f528e39db712c77","record_hash":"67e033383b5ac691fb97c8c0a0a37c7d836d9eff14a64460b23fb5a224e6e3a9","signature_hex":"30378fd6d3ff676f3e469e150b5860ba5ca72b2eefe2a1c8332f2e2b34e39e15c56a3c147e34fc500ffdc0533dfd5ba824fe83faee252429880a55513f394d0b","public_key_hex":"c2f8243b0d573587f285c830a868acd19249d17d59ecbf9329e796dfed6fb630"}
{"seq":77,"ts":1780419600000,"agent_id":"regime","symbol":"ETHUSDT","side":"sell","price":1923.0329554722,"quantity":1.0400237782242794,"notional_usd":2000.0,"fee_usd":1.2,"balance_before_usd":9803.756624169366,"balance_after_usd":9801.956484139359,"decision":"ALLOW_CAPPED","cert_hash":"a4592993587397483b06a86d1f2a1cb0d2c5d88884377f1c32da58b6a400be40","prev_hash":"67e033383b5ac691fb97c8c0a0a37c7d836d9eff14a64460b23fb5a224e6e3a9","record_hash":"d76136a059ece0851b1c0962161cec87627f65a0303885db5cb945f9f32cb671","signature_hex":"71a91438d2cbde0807c53a164dbc352e109bc56852c2c3215921bbf61ff14e3525ebde5edd91243622bea333f6096d486ea4e3c5cf9ef672216c67f4ebc0ae00","public_key_hex":"c2f8243b0d573587f285c830a868acd19249d17d59ecbf9329e796dfed6fb630"}
{"seq":78,"ts":1780423200000,"agent_id":"regime","symbol":"ETHUSDT","side":"sell","price":1911.743274263937,"quantity":1.008255273016268,"notional_usd":1927.52523693,"fee_usd":1.156515142158,"balance_before_usd":9825.402050352013,"balance_after_usd":9823.674130998115,"decision":"ALLOW","cert_hash":"9ddfe50124986f060a09ba12dc6c446dd0da1d631028bb4581fbaae29d91e603","prev_hash":"d76136a059ece0851b1c0962161cec87627f65a0303885db5cb945f9f32cb671","record_hash":"58d8dc6bb8d257fe08e7e2320b8dc2804c5682069501f67c57c7a999679de207","signature_hex":"40025aa7303697687194b8f7f966a064fa2a536a7cc1459d088418a27aee11d10134fbd71688866af8bf0513a88617497e7ddf9b2202062c96e1e1b4351e320e","public_key_hex":"c2f8243b0d573587f285c830a868acd19249d17d59ecbf9329e796dfed6fb630"}
{"seq":79,"ts":1780437600000,"agent_id":"regime","symbol":"ETHUSDT","side":"sell","price":1867.316083255415,"quantity":0.11695969978432771,"notional_usd":218.4007285,"fee_usd":0.13104043710000002,"balance_before_usd":9961.179683704235,"balance_after_usd":9961.002570882949,"decision":"ALLOW","cert_hash":"33d14791d5bcf5bdc668247211c084fca4c0d7a45bc7ddeb68df2ae9508af839","prev_hash":"58d8dc6bb8d257fe08e7e2320b8dc2804c5682069501f67c57c7a999679de207","record_hash":"8f40183ca69da7459f44c6a24180063704a1c7d8f09f8e50e95e53aad2f2f974","signature_hex":"ab32755961c219793d83bbdfb02c4817078d2f5494173b80802ee733acff8fcc314b76e2e85e3fe8bef0760987d15a35b78114a743531006af9deda1cee7b700","public_key_hex":"c2f8243b0d573587f285c830a868acd19249d17d59ecbf9329e796dfed6fb630"}
{"seq":80,"ts":1780455600000,"agent_id":"regime","symbol":"ETHUSDT","side":"sell","price":1826.6155932725735,"quantity":0.1140282149824607,"notional_usd":208.28571556,"fee_usd":0.124971429336,"balance_before_usd":10091.27635565727,"balance_after_usd":10091.107551014979,"decision":"ALLOW","cert_hash":"1422480378b3e2da35f363a8296e8fff2ff2bacc469ed7b5c93e886ad920f72c","prev_hash":"8f40183ca69da7459f44c6a24180063704a1c7d8f09f8e50e95e53aad2f2f974","record_hash":"6af9aa703f93cc196511394020caee105800487a0672aa308f4db011b8172da1","signature_hex":"f5a9f6e41d9c7d9c17057b40bbe7209f1aee84190195b4459969c4161a9188363fb8c3ffd5505e64e7f087aa7ee585cb15459dc65cb0fef69679496fcc829809","public_key_hex":"c2f8243b0d573587f285c830a868acd19249d17d59ecbf9329e796dfed6fb630"}
{"seq":81,"ts":1780462800000,"agent_id":"regime","symbol":"ETHUSDT","side":"buy","price":1872.7069883349102,"quantity":0.1283714351884541,"notional_usd":240.40208378,"fee_usd":0.144241250268,"balance_before_usd":9940.946946150387,"balance_after_usd":9940.751742937813,"decision":"ALLOW","cert_hash":"b3b9e7d180f8d43ea76767b6ebf5217b78a4abe2de656262cc47eb12a33cb833","prev_hash":"6af9aa703f93cc196511394020caee105800487a0672aa308f4db011b8172da1","record_hash":"979b127bbd7ca2a6f8f339d8bc104c99e8812d0a862c81ce93927b1b6430a314","signature_hex":"0f05ab4790ad939df37436dfcc731484c04f3fc69ba68660748a20697b149564f3e642bdd405a01b2b11d09db9a134b179482bf5ff88c495ce2213e17c182e0d","public_key_hex":"c2f8243b0d573587f285c830a868acd19249d17d59ecbf9329e796dfed6fb630"}
{"seq":82,"ts":1780502400000,"agent_id":"regime","symbol":"ETHUSDT","side":"sell","price":1831.6048124419033,"quantity":0.11211361379654239,"notional_usd":205.34783457,"fee_usd":0.123208700742,"balance_before_usd":10069.199191975371,"balance_after_usd":10069.032798505501,"decision":"ALLOW","cert_hash":"376f698566dd1359d9e916e1ebc4f9d09c3f35662a55495bc15641b8117431c0","prev_hash":"979b127bbd7ca2a6f8f339d8bc104c99e8812d0a862c81ce93927b1b6430a314","record_hash":"3144553cdf75cd9c1cd7fd3a1333d26a24fa30e3d3fb9d528e4e282aec2c3592","signature_hex":"d8ff7d98aa484aff19b74fc0423746eb9afb4525c3d330b388321f857762e5c15094e96e4bd37b5414631699dcdc1e5b6a381c084895dd980b92a5bffc763900","public_key_hex":"c2f8243b0d573587f285c830a868acd19249d17d59ecbf9329e796dfed6fb630"}
{"seq":83,"ts":1780516800000,"agent_id":"regime","symbol":"ETHUSDT","side":"sell","price":1779.959705034589,"quantity":0.1530306257717822,"notional_usd":272.38834751,"fee_usd":0.163433008506,"balance_before_usd":10239.364903731253,"balance_after_usd":10239.14327394621,"decision":"ALLOW","cert_hash":"de8240cd5989c641632d5d60438251cfaa77eb18f76d48be24bff2822e344444","prev_hash":"3144553cdf75cd9c1cd7fd3a1333d26a24fa30e3d3fb9d528e4e282aec2c3592","record_hash":"4b289ec06693bd323607d37380e9e3a33b13e3b57ef4ebc06d294b3ebf7163f4","signature_hex":"0182decf1d01b50b08f08beacc91ae388254cf122596594a442521ee2f6ffb630f1b8ae654f94da99a70190f91c394b7da7bf2015e6550523da1481e602bc105","public_key_hex":"c2f8243b0d573587f285c830a868acd19249d17d59ecbf9329e796dfed6fb630"}
{"seq":84,"ts":1780520400000,"agent_id":"regime","symbol":"ETHUSDT","side":"buy","price":1849.8552154172394,"quantity":0.20637928458303179,"notional_usd":381.77179594,"fee_usd":0.22906307756400002,"balance_before_usd":10000.655385634327,"balance_after_usd":10000.342694488852,"decision":"ALLOW","cert_hash":"d89cb57f26e3269732513c17de0648bb49f3ee67aedc942b6eb4b10dda6f2ad4","prev_hash":"4b289ec06693bd323607d37380e9e3a33b13e3b57ef4ebc06d294b3ebf7163f4","record_hash":"910dea3f8b71783c4efdc4d681503a6a943221c23614a58a1a290c799bc0db44","signature_hex":"c7a4fa9381257ab9029e4ed5770a1ef6caff41e0d0423904dccc24c2c8f0a65ebbc7847c9a89f1646f905c3aeef38fcd3b223ca6c4e390f172b58042df05b709","public_key_hex":"c2f8243b0d573587f285c830a868acd19249d17d59ecbf9329e796dfed6fb630"}
{"seq":85,"ts":1780531200000,"agent_id":"regime","symbol":"ETHUSDT","side":"sell","price":1792.6851913750136,"quantity":0.1631103493947652,"notional_usd":292.40550792,"fee_usd":0.17544330475199998,"balance_before_usd":10183.265663661277,"balance_after_usd":10183.027454087254,"decision":"ALLOW","cert_hash":"46bd310309182753e58ded0fddb44ad949b8e32edc462274a9909e72698bc7d8","prev_hash":"910dea3f8b71783c4efdc4d681503a6a943221c23614a58a1a290c799bc0db44","record_hash":"e97c9b850de4e6b114dd94190d04f41f3f001691096ba65b84726ae890b0df20","signature_hex":"cdd53e70b1e7d55ed9f6e7085a280d382ff1bfc1f973bfd3834659f8599f69607a015291e156c3e83053685495de682daf0d13f34cecc26db88b67e11c12b206","public_key_hex":"c2f8243b0d573587f285c830a868acd19249d17d59ecbf9329e796dfed6fb630"}
{"seq":86,"ts":1780567200000,"agent_id":"regime","symbol":"ETHUSDT","side":"sell","price":1735.8758943020525,"quantity":0.17834446087199976,"notional_usd":309.58385051,"fee_usd":0.18575031030599998,"balance_before_usd":10376.645918165708,"balance_after_usd":10376.393448176394,"decision":"ALLOW","cert_hash":"0e38cbf2587a1c15b7a8e9b0cebc0ae05e3434f6a5d317abc064f0adf5695a5b","prev_hash":"e97c9b850de4e6b114dd94190d04f41f3f001691096ba65b84726ae890b0df20","record_hash":"6063a757143a4a54c334bd413aff9f7095a1dab8c983c4030f05980ec7a75d4f","signature_hex":"ef6f522be56ee5f0d22eb475432749545d0ea305639e4a1fab6f0e16c51a8ebd19c3e7a87743eb4cea6d3c8008d505f57fc0366dee401c5b002fc6d99adafb0e","public_key_hex":"c2f8243b0d573587f285c830a868acd19249d17d59ecbf9329e796dfed6fb630"}
{"seq":87,"ts":1780574400000,"agent_id":"regime","symbol":"ETHUSDT","side":"buy","price":1777.596371297162,"quantity":0.13235988699634202,"notional_usd":235.28245483,"fee_usd":0.141169472898,"balance_before_usd":10229.478289952829,"balance_after_usd":10229.28730401757,"decision":"ALLOW","cert_hash":"7a6d8c554a1ebb934745932799e332cbe0754526f4d582c020b875a8661c6a5f","prev_hash":"6063a757143a4a54c334bd413aff9f7095a1dab8c983c4030f05980ec7a75d4f","record_hash":"b194f70f614e9326e9f1390fb1c905ee747fceebba91549b364817ef6a635595","signature_hex":"11b36a58ccac39568fc6bd352faa8474a3db27cfce21c9ebcca20513e65bfbd5b82906efdc5658cbbc93595875c708835738a6a5598b2971d56f93e286243d05","public_key_hex":"c2f8243b0d573587f285c830a868acd19249d17d59ecbf9329e796dfed6fb630"}
{"seq":88,"ts":1780624800000,"agent_id":"regime","symbol":"ETHUSDT","side":"sell","price":1729.091320937973,"quantity":0.15253264410403058,"notional_usd":263.74287108,"fee_usd":0.158245722648,"balance_before_usd":10394.229353460643,"balance_after_usd":10394.014872145843,"decision":"ALLOW","cert_hash":"8be465a4476d38af6e40550471ae610c6f86b416857c7167a9ad6a0f3b0ab505","prev_hash":"b194f70f614e9326e9f1390fb1c905ee747fceebba91549b364817ef6a635595","record_hash":"45002ff8e93f3899f6109459d7afe437252ee7fc472459689f444280b7954406","signature_hex":"1767dd33d3a0c9dad187303194546b5aba34d87a5d0cb05c350dba49c6395711ece57d312d5e5675d9220bb28f8f141f40c0934b8588cafdc611d924335f100d","public_key_hex":"c2f8243b0d573587f285c830a868acd19249d17d59ecbf9329e796dfed6fb630"}
{"seq":89,"ts":1780635600000,"agent_id":"regime","symbol":"ETHUSDT","side":"sell","price":1682.9609642822334,"quantity":0.158073360871718,"notional_usd":266.03129584,"fee_usd":0.159618777504,"balance_before_usd":10560.40000977913,"balance_after_usd":10560.183637019047,"decision":"ALLOW","cert_hash":"18ce46dd8ef96eae99deeb527d2d2936f8d31897487bf8ab599d7517556b5916","prev_hash":"45002ff8e93f3899f6109459d7afe437252ee7fc472459689f444280b7954406","record_hash":"45c6f3c5ef7ebecd8c56ee6d7323d12f70ede44e8e30a2defcc7746da3f2da95","signature_hex":"47a24d3e94d387690e7a08802c56e3e2a0337d6cbb856e8c202c874a2a5a87eda9ddfe43e0bb03252e06bd39241fa10f803ae10fa7a1ad981c5999e869cfa805","public_key_hex":"c2f8243b0d573587f285c830a868acd19249d17d59ecbf9329e796dfed6fb630"}
{"seq":90,"ts":1780664400000,"agent_id":"regime","symbol":"ETHUSDT","side":"sell","price":1613.493503259435,"quantity":0.25919413792815,"notional_usd":418.20805763,"fee_usd":0.25092483457799997,"balance_before_usd":10821.680284066002,"balance_after_usd":10821.336957366078,"decision":"ALLOW","cert_hash":"485cec4f4d95d410082980875b72300cdd02668bd4d773abdde5b4741155ffa6","prev_hash":"45c6f3c5ef7ebecd8c56ee6d7323d12f70ede44e8e30a2defcc7746da3f2da95","record_hash":"7699546c37a499b8e9c40fab78d19d9bb3081eece39b64b77080a2d1f6d2d1f7","signature_hex":"ca56adcff3f012932df059e78ba134506bb0da7f514ad71f963744b9eebd706bcadca82588a866b2b13b4bc74656c4682b24b1e8517a7b64e50a9f1368b0f209","public_key_hex":"c2f8243b0d573587f285c830a868acd19249d17d59ecbf9329e796dfed6fb630"}
{"seq":91,"ts":1780682400000,"agent_id":"regime","symbol":"ETHUSDT","side":"sell","price":1551.5587172279688,"quantity":0.256836627924697,"notional_usd":398.49710896,"fee_usd":0.239098265376,"balance_before_usd":11070.584149146078,"balance_after_usd":11070.257396964367,"decision":"ALLOW","cert_hash":"857e7f1dba41756ea8bd9a348d741ea900e3261fd1c0f0f4529583ed08509fc0","prev_hash":"7699546c37a499b8e9c40fab78d19d9bb3081eece39b64b77080a2d1f6d2d1f7","record_hash":"1c5fc1a05c58bddff0f7d24287c4842a87d70566c91f430feeaa267be1e1483c","signature_hex":"249548b9f4fa8763c0b0f483f67c0a1f2e87ff23ee0c51d7fd4ef63b22ef5df2b628ef531849f521678d3baa4e73b1d8cc2b9f822eae215f5d462d678000360c","public_key_hex":"c2f8243b0d573587f285c830a868acd19249d17d59ecbf9329e796dfed6fb630"}
{"seq":92,"ts":1780689600000,"agent_id":"regime","symbol":"ETHUSDT","side":"buy","price":1602.608122981887,"quantity":0.215376969266679,"notional_usd":345.16488045,"fee_usd":0.20709892826999998,"balance_before_usd":10854.706662444376,"balance_after_usd":10854.424585843335,"decision":"ALLOW","cert_hash":"32ed20570ca69e15ce2bbbcc8a510a250b692594d52e77fe0e9943690c77325e","prev_hash":"1c5fc1a05c58bddff0f7d24287c4842a87d70566c91f430feeaa267be1e1483c","record_hash":"33aea30712efae63dd21609d4847b87275e86aa011c94bcb265b425544650b96","signature_hex":"83599808b6cc21c8f15d339aeed65f92283e3137e0e68d2d985c46251bd77f6c432720e7f7f1fa8beaf919ed12f103218b3130d0d2f016b88c8b4ffeed755807","public_key_hex":"c2f8243b0d573587f285c830a868acd19249d17d59ecbf9329e796dfed6fb630"}
{"seq":93,"ts":1780714800000,"agent_id":"regime","symbol":"ETHUSDT","side":"sell","price":1562.0873109567972,"quantity":0.16571652544917154,"notional_usd":258.86368162,"fee_usd":0.155318208972,"balance_before_usd":11016.36702662676,"balance_after_usd":11016.156576345493,"decision":"ALLOW","cert_hash":"04667b192da497ce15c667b4b30688f41bcb7d42005c1c1f5f41fe1f86a7235d","prev_hash":"33aea30712efae63dd21609d4847b87275e86aa011c94bcb265b425544650b96","record_hash":"6056e9010f51ffa8423c1e612c5d2a3c1b4d4861e6d68f3c5f253dd42432519e","signature_hex":"00bb35dc9a5102d5d02deef14956c66da8de1b5b3355cb42917246671af0916eb0d3ba75a33463b2c79af963dc094d767d0c1179a0a05133d9424d999b49ce00","public_key_hex":"c2f8243b0d573587f285c830a868acd19249d17d59ecbf9329e796dfed6fb630"}
{"seq":94,"ts":1780718400000,"agent_id":"regime","symbol":"ETHUSDT","side":"sell","price":1521.0946356548677,"quantity":0.1823304132820097,"notional_usd":277.34181356,"fee_usd":0.166405088136,"balance_before_usd":11189.60858622125,"balance_after_usd":11189.382857317596,"decision":"ALLOW","cert_hash":"23bb0e84ebd92399d942b30af94edea2161ecd64ee07f582b5b412e303a74588","prev_hash":"6056e9010f51ffa8423c1e612c5d2a3c1b4d4861e6d68f3c5f253dd42432519e","record_hash":"0044c059bb6c06bbf4855040d67669c7a7a4172dca9602e73e990a94ed9361b9","signature_hex":"b0fe68a3f7beae0e8c64f7f5a7bfa5a122618deb85feb8301ac6ec2b580f5de834770aa702006025a283899112729181c6d84683a612aa89f9134286d3c95c0b","public_key_hex":"c2f8243b0d573587f285c830a868acd19249d17d59ecbf9329e796dfed6fb630"}
{"seq":95,"ts":1780722000000,"agent_id":"regime","symbol":"ETHUSDT","side":"buy","price":1566.1577408146504,"quantity":0.20028943553082598,"notional_usd":313.68484986,"fee_usd":0.18821090991599998,"balance_before_usd":10993.45155188291,"balance_after_usd":10993.19569505587,"decision":"ALLOW","cert_hash":"ca8e74ffaea8eca763c3fe49cd289b1f04d985a2826167c9a8740f052a447849","prev_hash":"0044c059bb6c06bbf4855040d67669c7a7a4172dca9602e73e990a94ed9361b9","record_hash":"ddb177ef351384aed9f0c8736660b1335406c1bead79ede967f9ed5fa48e4986","signature_hex":"80ccfe9dea5ba2c72a7d210fd0ef90072840e49153adfe0c64c4a8a2074a66abb222ec7b1bf97f586e6c3b2d454265a1ae7953b54312f5638125e8c6b481e103","public_key_hex":"c2f8243b0d573587f285c830a868acd19249d17d59ecbf9329e796dfed6fb630"}
{"seq":96,"ts":1780808400000,"agent_id":"regime","symbol":"ETHUSDT","side":"buy","price":1603.3507287105413,"quantity":0.15647630001813123,"notional_usd":250.88638966,"fee_usd":0.150531833796,"balance_before_usd":10836.529926525514,"balance_after_usd":10836.326078723781,"decision":"ALLOW","cert_hash":"13e8bea263047e41bfd57add47ffb71fdacd6923b6dbef3c1d9648b688895fd9","prev_hash":"ddb177ef351384aed9f0c8736660b1335406c1bead79ede967f9ed5fa48e4986","record_hash":"29ab5072821ca7865f66257d23eb954abeac758881a5ad20e7b46f640684ef34","signature_hex":"f4859ff4c1118bf6cc90d797bd8aa36a5fd8d0cc562245895420fd3ce94c94957469c59d1bc6177eabbadb15c1dea935b0caf5afee58e4d5c76bc29d06941d05","public_key_hex":"c2f8243b0d573587f285c830a868acd19249d17d59ecbf9329e796dfed6fb630"}
{"seq":97,"ts":1780815600000,"agent_id":"regime","symbol":"ETHUSDT","side":"buy","price":1614.8843522880002,"quantity":1.238478778474979,"notional_usd":2000.0,"fee_usd":1.2,"balance_before_usd":10790.127082593552,"balance_after_usd":10788.327222563557,"decision":"ALLOW_CAPPED","cert_hash":"7800bc4381473eb4f3c28871fb0bbeb78c2ff8f34134086051232dddf4a5325c","prev_hash":"29ab5072821ca7865f66257d23eb954abeac758881a5ad20e7b46f640684ef34","record_hash":"8330f326962c068c594f06610bc28689717d010a9f92f82b9ec9862082e201fa","signature_hex":"6aabc113b220d25d956f551894435d19d3c95ceca454a12289a87d0384f043e5293ce12fcf585d3a99e2d689fbc7fc83b431e792de67a3e045d1ffc1cfcea005","public_key_hex":"c2f8243b0d573587f285c830a868acd19249d17d59ecbf9329e796dfed6fb630"}
{"seq":98,"ts":1780819200000,"agent_id":"regime","symbol":"ETHUSDT","side":"buy","price":1640.9121588084,"quantity":1.2188342863230186,"notional_usd":2000.0,"fee_usd":1.2,"balance_before_usd":10715.01267924615,"balance_after_usd":10713.212819216156,"decision":"ALLOW_CAPPED","cert_hash":"e00cbacc37573b7921344a6ae69f53e7d5c928312a4a0cc6582cef8c742bc14a","prev_hash":"8330f326962c068c594f06610bc28689717d010a9f92f82b9ec9862082e201fa","record_hash":"77baf8be004aebbf1fc16c14f1c1e87d1d9ad50796473319d6416656d4302655","signature_hex":"ed294712db5ba0bc85cf7db6c5364c15f0c4f452f5eb86094697b8253246bc374796ee15f9674afcc9341211667c7654e473753039d536cdcd8d8efaf08f270e","public_key_hex":"c2f8243b0d573587f285c830a868acd19249d17d59ecbf9329e796dfed6fb630"}
{"seq":99,"ts":1780822800000,"agent_id":"regime","symbol":"ETHUSDT","side":"buy","price":1632.9697766496001,"quantity":1.2247624105471466,"notional_usd":2000.0,"fee_usd":1.2,"balance_before_usd":10725.907199423189,"balance_after_usd":10724.107339393195,"decision":"ALLOW_CAPPED","cert_hash":"18c9e356cd62f61450f6244894c5ed8e6eaf550368f45f1c0963027ae2adfb80","prev_hash":"77baf8be004aebbf1fc16c14f1c1e87d1d9ad50796473319d6416656d4302655","record_hash":"b7a971c999abf9ac0d4293ed7e5a8735ec19e3fb5f8f7042e53366b4d59caf76","signature_hex":"50bdbf74144fe6ace95f56df32fa4a7a5a7ac5980a2b25897ff1e624e98665f7da55761b53a3d04c17616801f0bfb18021f0698ff5d987b1d0b5f63c9d499f02","public_key_hex":"c2f8243b0d573587f285c830a868acd19249d17d59ecbf9329e796dfed6fb630"}
{"seq":100,"ts":1780826400000,"agent_id":"regime","symbol":"ETHUSDT","side":"buy","price":1625.3243912726862,"quantity":0.37393987223934533,"notional_usd":607.77359522,"fee_usd":0.36466415713199996,"balance_before_usd":10726.923755388747,"balance_after_usd":10726.41909140694,"decision":"ALLOW","cert_hash":"ee0bb5f5a1e9a25a256d9c55555b69710fe0621e0b60555836cc7f0e0a2817b3","prev_hash":"b7a971c999abf9ac0d4293ed7e5a8735ec19e3fb5f8f7042e53366b4d59caf76","record_hash":"85d62bd83f65f2dfeb5ff80a105bf57a94a616af2d3190fc09b3029ef6407fd3","signature_hex":"4c3de8e3265973826f2beca40aeec1839a63345a2f2d7c7e4e6e9bd3960b35b4692ca3cad4b421e8c9c64beac47083cec6855cb95c7bad9b077710921a6a370b","public_key_hex":"c2f8243b0d573587f285c830a868acd19249d17d59ecbf9329e796dfed6fb630"}
{"seq":101,"ts":1780876800000,"agent_id":"regime","symbol":"ETHUSDT","side":"buy","price":1697.3790949374,"quantity":1.178287163996067,"notional_usd":2000.0,"fee_usd":1.2,"balance_before_usd":10726.412895039623,"balance_after_usd":10724.613035009628,"decision":"ALLOW_CAPPED","cert_hash":"45ccfcc58e4fcd0d95063e310f06e3f8af1f6271add8f5361809cba3f2a4ed45","prev_hash":"85d62bd83f65f2dfeb5ff80a105bf57a94a616af2d3190fc09b3029ef6407fd3","record_hash":"0cb2b80f704f9139a014f9c1d218e2c56d132de17c329159a50e0fcb72e2230a","signature_hex":"7595590afffe6ce6a107fa4266b8ce3407163d40a53690c3d35fed03418a58e0f89a58f5066027e95522dcab43133ea9e4f011703dabe000c14335875122160c","public_key_hex":"c2f8243b0d573587f285c830a868acd19249d17d59ecbf9329e796dfed6fb630"}
{"seq":102,"ts":1780880400000,"agent_id":"regime","symbol":"ETHUSDT","side":"buy","price":1686.9359627286,"quantity":1.185581459040699,"notional_usd":2000.0,"fee_usd":1.2,"balance_before_usd":10712.312616490184,"balance_after_usd":10710.51275646019,"decision":"ALLOW_CAPPED","cert_hash":"f6f8b4cf2b3511696bcf7b8f16461bade6a8e77d5dd9b5b1c374d0f9aed33d2c","prev_hash":"0cb2b80f704f9139a014f9c1d218e2c56d132de17c329159a50e0fcb72e2230a","record_hash":"b94692d675e87c28301308f01eec08325f10561dea6e142a53d38689709a8b08","signature_hex":"3ec53456ee73b6e55cc055270ec389a83237def3b054b398dfd145009600f502c1779d67d9e27147ab07418b2d5151b47b1399f082967a3e39a7311714537a08","public_key_hex":"c2f8243b0d573587f285c830a868acd19249d17d59ecbf9329e796dfed6fb630"}
{"seq":103,"ts":1780884000000,"agent_id":"regime","symbol":"ETHUSDT","side":"buy","price":1683.4349126586,"quantity":1.1880471201832554,"notional_usd":2000.0,"fee_usd":1.2,"balance_before_usd":10702.239517826914,"balance_after_usd":10700.43965779692,"decision":"ALLOW_CAPPED","cert_hash":"a9eb5ee1dad331facc9be422c25e145aaedb3cb515a4a42f7e28a473ee2b8472","prev_hash":"b94692d675e87c28301308f01eec08325f10561dea6e142a53d38689709a8b08","record_hash":"b5a586fe3f03db9d3a8d0b56248a14dc6bab5201088ab021309f84670238ce3a","signature_hex":"d861798c8ce3a95cbdf247694464cdfc4eb9f8fbc26ef752037f37258876c02d7627e51503c44485f15bf401fbf63f786125323504bac20a4096505fe845960c","public_key_hex":"c2f8243b0d573587f285c830a868acd19249d17d59ecbf9329e796dfed6fb630"}
{"seq":104,"ts":1780887600000,"agent_id":"regime","symbol":"ETHUSDT","side":"buy","price":1679.5934836280262,"quantity":0.26676344459980594,"notional_usd":448.05414322,"fee_usd":0.268832485932,"balance_before_usd":10687.262370029768,"balance_after_usd":10686.893905764722,"decision":"ALLOW","cert_hash":"f1ec47343a1097a946cdb991b3c51f8758cfcfa770f9fd43ddb0ce679d581f67","prev_hash":"b5a586fe3f03db9d3a8d0b56248a14dc6bab5201088ab021309f84670238ce3a","record_hash":"58fa23ce2e2261b48ff09334592a101744f8ddc9c069ffb33164a036cb7cfe79","signature_hex":"fbc8e04fe309246da4de890be4c43f18741a5b31e8ba59a676d7e5571ed630f0161f31a3dfb763873ce099f7d43e67a72db73075a1ef9b8d694a829263e38b09","public_key_hex":"c2f8243b0d573587f285c830a868acd19249d17d59ecbf9329e796dfed6fb630"}
{"seq":105,"ts":1780970400000,"agent_id":"regime","symbol":"ETHUSDT","side":"sell","price":1666.7898463458,"quantity":1.1999113171853764,"notional_usd":2000.0,"fee_usd":1.2,"balance_before_usd":10641.338090899724,"balance_after_usd":10639.537950869717,"decision":"ALLOW_CAPPED","cert_hash":"cb1a1d87c0c48c8b9aabce519eeae1f1b28ed1d7c227e00ac92da45d4f8c761c","prev_hash":"58fa23ce2e2261b48ff09334592a101744f8ddc9c069ffb33164a036cb7cfe79","record_hash":"6f3eb0a967f8a293de19b69b7b74e65d1b309707c05f509aebc988ad3be37b75","signature_hex":"b755561da2c416d2cad92975adbb9fead82062a360c7c35d329353ded451d112dc7d531185831f5cddb5577f1b1021b3cbe742ce5d846d94d968ea1f30324001","public_key_hex":"c2f8243b0d573587f285c830a868acd19249d17d59ecbf9329e796dfed6fb630"}
{"seq":106,"ts":1780974000000,"agent_id":"regime","symbol":"ETHUSDT","side":"sell","price":1668.1494383730003,"quantity":1.1989333533275437,"notional_usd":2000.0,"fee_usd":1.2,"balance_before_usd":10643.099358001095,"balance_after_usd":10641.29921797109,"decision":"ALLOW_CAPPED","cert_hash":"902f26a9d51156673d4080135f2043d95f9fce35fe719a753c53dc0a60c2fcc5","prev_hash":"6f3eb0a967f8a293de19b69b7b74e65d1b309707c05f509aebc988ad3be37b75","record_hash":"ee6b3bd2c78dfafaced384b9945431e06ba0620a5391a67e8b37cab8ef389fc6","signature_hex":"6e83b34a4978ec82d6d6aee0375079e4c0d07f8a114faf02ed9102b260b38195de66d628c514f8565175c69f232fb6c226e5ee873e7210fbe35baa7df6ffeb06","public_key_hex":"c2f8243b0d573587f285c830a868acd19249d17d59ecbf9329e796dfed6fb630"}
{"seq":107,"ts":1780977600000,"agent_id":"regime","symbol":"ETHUSDT","side":"sell","price":1685.1043507122,"quantity":1.1868701182539296,"notional_usd":2000.0,"fee_usd":1.2,"balance_before_usd":10665.378150172299,"balance_after_usd":10663.578010142292,"decision":"ALLOW_CAPPED","cert_hash":"d92f8356e10afd7a96808e32a190272f0d00b8e416587de8e737459661e07ad8","prev_hash":"ee6b3bd2c78dfafaced384b9945431e06ba0620a5391a67e8b37cab8ef389fc6","record_hash":"2499bd9cec4c4141b2de1485b6c09606257a62edb8ec07e1f8599b37275bed52","signature_hex":"9f6e84da5d37a59ef24d5353f5a17ed6f2f226fa0b310d6985e7fbac330c9d2d1a8b3dfe332cc69090c6e30f83c605a2e148e789ea8f3085fdd4c143f41dea08","public_key_hex":"c2f8243b0d573587f285c830a868acd19249d17d59ecbf9329e796dfed6fb630"}
{"seq":108,"ts":1780981200000,"agent_id":"regime","symbol":"ETHUSDT","side":"sell","price":1687.0993695101429,"quantity":0.23292940253074848,"notional_usd":392.97504815,"fee_usd":0.23578502889000003,"balance_before_usd":10664.011163673651,"balance_after_usd":10663.689047906199,"decision":"ALLOW","cert_hash":"88eab22e6801a367f48cc023be06c3a467810696ee058f2ace0ded7bf23eac7f","prev_hash":"2499bd9cec4c4141b2de1485b6c09606257a62edb8ec07e1f8599b37275bed52","record_hash":"dcc65ab23fc7ec72e5f9131ba940b0eb1a62c2b650c324425c04b94a8340a38b","signature_hex":"2c0b7f0bc6e5eef9d242a3693651ebbd487e5168872bef54c53bcf6be9b518f2c2c1977eff0881b2aacc7964fe89ef4f729d46116e3c8ebcdcbaf2c0699e3c08","public_key_hex":"c2f8243b0d573587f285c830a868acd19249d17d59ecbf9329e796dfed6fb630"}
{"seq":109,"ts":1781017200000,"agent_id":"regime","symbol":"ETHUSDT","side":"buy","price":1636.0106887104,"quantity":1.2224859004903676,"notional_usd":2000.0,"fee_usd":1.2,"balance_before_usd":10663.691705661147,"balance_after_usd":10661.891845631153,"decision":"ALLOW_CAPPED","cert_hash":"2ddf12c6bf0f1a57908e1bec26a28fbd2d3eed1857253129bedc1eae5560d645","prev_hash":"dcc65ab23fc7ec72e5f9131ba940b0eb1a62c2b650c324425c04b94a8340a38b","record_hash":"e2de69e07285156c812353c0358d5f77e1f8a98919f84d7d7e417be33085f8c9","signature_hex":"62980fb18d907cc7a1ae05bf31a3c53e5905f25a99beae22b489fdf25d5747b712c904538ab04a501fd7181c0fe55a07060af591edf802ff2a1b69213a9bae00","public_key_hex":"c2f8243b0d573587f285c830a868acd19249d17d59ecbf9329e796dfed6fb630"}
{"seq":110,"ts":1781020800000,"agent_id":"regime","symbol":"ETHUSDT","side":"buy","price":1631.7093986244,"quantity":1.2257084513247791,"notional_usd":2000.0,"fee_usd":1.2,"balance_before_usd":10656.63537624646,"balance_after_usd":10654.835516216466,"decision":"ALLOW_CAPPED","cert_hash":"eb8af9db95f615051056c0da4db3468875dc65d7c01d46c00d46ee3fdb9f494f","prev_hash":"e2de69e07285156c812353c0358d5f77e1f8a98919f84d7d7e417be33085f8c9","record_hash":"f4c6a5ecfa7afef22c97fefc886d8a245dcdda9799ce632240e126dc94309183","signature_hex":"4483ef77c0ca74eaa1b97a732352f0e6dbe6ecd606244cb1a1337a56a0bc8092670e40d27e52cedccef868bd72b93111d969a0959c51ce8f1fb86e5758ed9c06","public_key_hex":"c2f8243b0d573587f285c830a868acd19249d17d59ecbf9329e796dfed6fb630"}
{"seq":111,"ts":1781024400000,"agent_id":"regime","symbol":"ETHUSDT","side":"sell","price":1641.6573878430002,"quantity":1.2182809974910978,"notional_usd":2000.0,"fee_usd":1.2,"balance_before_usd":10681.59372130449,"balance_after_usd":10679.793581274484,"decision":"ALLOW_CAPPED","cert_hash":"9970e1e1bfd736c24181ba5324d5623c2ca4b047120d60cff1cdc1c229c8e751","prev_hash":"f4c6a5ecfa7afef22c97fefc886d8a245dcdda9799ce632240e126dc94309183","record_hash":"c914ef6ac7d7c8df62942237882a886188c48c0950149e81eee56d35ef30875b","signature_hex":"6b97d481aec499f0e033920691781c2bff3d1f535b8704dfce81400b40158649d6673287759fc726f933f821f67d90e36aa24f75fb07568bda9157eaccf87108","public_key_hex":"c2f8243b0d573587f285c830a868acd19249d17d59ecbf9329e796dfed6fb630"}
{"seq":112,"ts":1781028000000,"agent_id":"regime","symbol":"ETHUSDT","side":"sell","price":1651.0345740306002,"quantity":1.2113616707114045,"notional_usd":2000.0,"fee_usd":1.2,"balance_before_usd":10691.329688658516,"balance_after_usd":10689.52954862851,"decision":"ALLOW_CAPPED","cert_hash":"9e6e6ecc9bc4b321b1489546b6d3d0a7a89b5bc514ff6c13c0f1effecfe985e7","prev_hash":"c914ef6ac7d7c8df62942237882a886188c48c0950149e81eee56d35ef30875b","record_hash":"1c9a1aa2d42c93c4c89353660e3df274421befc2a68b64a45b78f66f34e3015a","signature_hex":"31497f212c7d77d208e4c94055dbadf9f2cd299a3d8496cfbc71ee1717444527e292950a3bbb406cb80074d1770b99982f8f3ee5aa3f65322707381f85590e05","public_key_hex":"c2f8243b0d573587f285c830a868acd19249d17d59ecbf9329e796dfed6fb630"}
{"seq":113,"ts":1781348400000,"agent_id":"regime","symbol":"ETHUSDT","side":"sell","price":1676.9268045486,"quantity":1.1926578993042964,"notional_usd":2000.0,"fee_usd":1.2,"balance_before_usd":10690.008712193592,"balance_after_usd":10688.208572163585,"decision":"ALLOW_CAPPED","cert_hash":"829051fc511160b6b6c9ee33df68723756f8b5e096fd2a72fd82e429f67ea383","prev_hash":"1c9a1aa2d42c93c4c89353660e3df274421befc2a68b64a45b78f66f34e3015a","record_hash":"4c35d7101593a0b0f5d9279e28e9ec14916a0f1a5b973c85f1856ede8caf5007","signature_hex":"e09c804fdf47f7aada4a35a759878f736c305ccab38d6288b71a5e6a6012945599211d2d255d18e92833751e136ca5af674bdd25c025bd73005165bcb0889803","public_key_hex":"c2f8243b0d573587f285c830a868acd19249d17d59ecbf9329e796dfed6fb630"}
{"seq":114,"ts":1781352000000,"agent_id":"regime","symbol":"ETHUSDT","side":"sell","price":1679.2261145946,"quantity":1.1910248313895724,"notional_usd":2000.0,"fee_usd":1.2,"balance_before_usd":10685.508010199806,"balance_after_usd":10683.707870169801,"decision":"ALLOW_CAPPED","cert_hash":"5514b5e3e0ac0aa9a33fde9cd1b3cf7ac760f03e35a813a69c94b383acf0fc0b","prev_hash":"4c35d7101593a0b0f5d9279e28e9ec14916a0f1a5b973c85f1856ede8caf5007","record_hash":"3aca054c67d65fc35184734e885cc4b311bf3e6fc3300303b3078325c98a40e4","signature_hex":"fccf6a79b89964171dccd27daaa1d8685ef3fa88e8f96886489ce2905c905269e9d009b5b0f2d11ebb12ee1ebe6f87745f5b116e54a0e9d83714897146701900","public_key_hex":"c2f8243b0d573587f285c830a868acd19249d17d59ecbf9329e796dfed6fb630"}
{"seq":115,"ts":1781355600000,"agent_id":"regime","symbol":"ETHUSDT","side":"buy","price":1677.5631515411999,"quantity":1.1922054905429778,"notional_usd":2000.0,"fee_usd":1.2,"balance_before_usd":10690.022906662345,"balance_after_usd":10688.22304663235,"decision":"ALLOW_CAPPED","cert_hash":"0dc537ce19e5c05af9b9357792315376cbfb9b7d4612716ec1f8da0bd9560698","prev_hash":"3aca054c67d65fc35184734e885cc4b311bf3e6fc3300303b3078325c98a40e4","record_hash":"62cbf5d4a5535895261eef2aadbc4a7005eafaea714a60fcdab8a751a35575ea","signature_hex":"31a4d53e8617cf5b03a8d102214064b8bb64eed14a176c11d983a2c54e218c7b2bcd8a934b2ae43103f88c897af93381e3cbda780938a3f8e9761a669ef4b10f","public_key_hex":"c2f8243b0d573587f285c830a868acd19249d17d59ecbf9329e796dfed6fb630"}
{"seq":116,"ts":1781359200000,"agent_id":"regime","symbol":"ETHUSDT","side":"buy","price":1679.7112501629351,"quantity":1.1726266831629173,"notional_usd":1969.67423195,"fee_usd":1.18180453917,"balance_before_usd":10685.701146692085,"balance_after_usd":10683.931562836917,"decision":"ALLOW","cert_hash":"0e43ac9ac7eb0a0f42edd3ab26124c960340796c8725089f158539c33aff207f","prev_hash":"62cbf5d4a5535895261eef2aadbc4a7005eafaea714a60fcdab8a751a35575ea","record_hash":"23d660f3fe56372c6e79900ae4b4cbbb4861bc43b69f5a8778a3b138e3cf5d5a","signature_hex":"0dc607c95606e2dc67fc37a419a37ec2939f9fa3d81772e83abf723c0c82ac3f1bb010321fb14a4b945fb5120ce548ed42fc603a41d4b52c533545de91daf606","public_key_hex":"c2f8243b0d573587f285c830a868acd19249d17d59ecbf9329e796dfed6fb630"}
{"seq":117,"ts":1781438400000,"agent_id":"regime","symbol":"ETHUSDT","side":"buy","price":1666.7299023246,"quantity":1.1999544720536817,"notional_usd":2000.0,"fee_usd":1.2,"balance_before_usd":10683.936106268367,"balance_after_usd":10682.136246238371,"decision":"ALLOW_CAPPED","cert_hash":"121759de6fb3e5e603078ba155e41155090667ddc3997284c6cb9707c1335179","prev_hash":"23d660f3fe56372c6e79900ae4b4cbbb4861bc43b69f5a8778a3b138e3cf5d5a","record_hash":"6a6fff2b6954035deaeab85289a71f47695e9764c0f7dd25abb37acf66feadde","signature_hex":"7fd7dde4724c3c32b6e7b065b7c0168a8e80f38221fbe8d8e56489de7af71d165fec9d1e93b6fa0cc63268321c65c03171d9b56c4a4405f5248f17fab899800f","public_key_hex":"c2f8243b0d573587f285c830a868acd19249d17d59ecbf9329e796dfed6fb630"}
{"seq":118,"ts":1781442000000,"agent_id":"regime","symbol":"ETHUSDT","side":"buy","price":1666.4098063182,"quantity":1.2001849679574563,"notional_usd":2000.0,"fee_usd":1.2,"balance_before_usd":10681.752372817951,"balance_after_usd":10679.952512787957,"decision":"ALLOW_CAPPED","cert_hash":"88b2fafa9e45322e84b8aa12141fbc1334ff1773c9766cc8a80e9ec13365f162","prev_hash":"6a6fff2b6954035deaeab85289a71f47695e9764c0f7dd25abb37acf66feadde","record_hash":"a1424c6bc7714af7ff073af5fe4346e59ab9e2613fb8d41cb4043fb6a77cd742","signature_hex":"47dd4b80cb254e224a8993515985e39ea2589223e69206e147dc802eb1ca4ee453e56793844415a16f1357ad157114e68d14bcfe85246e44b6a1af991eb9e30a","public_key_hex":"c2f8243b0d573587f285c830a868acd19249d17d59ecbf9329e796dfed6fb630"}
{"seq":119,"ts":1781445600000,"agent_id":"regime","symbol":"ETHUSDT","side":"buy","price":1659.4877301798,"quantity":1.2051911946244438,"notional_usd":2000.0,"fee_usd":1.2,"balance_before_usd":10663.345970093098,"balance_after_usd":10661.546110063104,"decision":"ALLOW_CAPPED","cert_hash":"db69c95f99a4c23183709b1596901e8bb58c279c4fa3279661ef43831a911444","prev_hash":"a1424c6bc7714af7ff073af5fe4346e59ab9e2613fb8d41cb4043fb6a77cd742","record_hash":"a0806a9458499feb7e1bd5628c8255c968c5912b226f565ae307696df73ef2eb","signature_hex":"311d4b20b06adb2f15af438e101d28bfa8672d1156e6fbbafdfdc1f0bf6f43f86f334f748f8aa5764115dc39c4cdbb3a7c435cc1cbd7c3e47c1af4bd3f49fa08","public_key_hex":"c2f8243b0d573587f285c830a868acd19249d17d59ecbf9329e796dfed6fb630"}
{"seq":120,"ts":1781449200000,"agent_id":"regime","symbol":"ETHUSDT","side":"buy","price":1662.476665044733,"quantity":0.24770385714191032,"notional_usd":411.80188234,"fee_usd":0.247081129404,"balance_before_usd":10672.79364953946,"balance_after_usd":10672.455744064197,"decision":"ALLOW","cert_hash":"6b802c8824bca3a9f05d9ec3b2519eae2d463601a4a69175e5bb16c206535ba1","prev_hash":"a0806a9458499feb7e1bd5628c8255c968c5912b226f565ae307696df73ef2eb","record_hash":"c3a17467802114bd3591b1c0cc58b608b69868797bcbcdf0378fb4793307d6e2","signature_hex":"badd09668f18eec1df2aa7d1703c561a6cf5f1f53555d1300defb43d312e33111c603d9c1d22bef999eb4153daf51373a14da200f25f7ed5e599e48c8aedf30e","public_key_hex":"c2f8243b0d573587f285c830a868acd19249d17d59ecbf9329e796dfed6fb630"}
{"seq":121,"ts":1781456400000,"agent_id":"regime","symbol":"ETHUSDT","side":"sell","price":1661.101553232,"quantity":1.204020305747476,"notional_usd":2000.0,"fee_usd":1.2,"balance_before_usd":10670.49087499034,"balance_after_usd":10668.690734960335,"decision":"ALLOW_CAPPED","cert_hash":"bcde3c6d7478a678d2e782b9b2a8be8dd1c3634cd6e618ad00b1d5071cc7f7ee","prev_hash":"c3a17467802114bd3591b1c0cc58b608b69868797bcbcdf0378fb4793307d6e2","record_hash":"8592866896ae12217a8d2d2985015910aaccfdda430a4ef0d0cfa5d3e440cd47","signature_hex":"2941e9e1239d532a7be09899d2a8b6cdf2197d5b5f6939aee936a5aa97fc99cf83b0146755247d808eb703212f2eceee8a38d93cdd40e4c9d6ae7d0a3f74e200","public_key_hex":"c2f8243b0d573587f285c830a868acd19249d17d59ecbf9329e796dfed6fb630"}
{"seq":122,"ts":1781460000000,"agent_id":"regime","symbol":"ETHUSDT","side":"sell","price":1660.8116402262,"quantity":1.204230480783241,"notional_usd":2000.0,"fee_usd":1.2,"balance_before_usd":10667.922622356025,"balance_after_usd":10666.12248232602,"decision":"ALLOW_CAPPED","cert_hash":"955c1917a1472340aa07d926e98fd14894091a34f77058f31f2288d67c480c9e","prev_hash":"8592866896ae12217a8d2d2985015910aaccfdda430a4ef0d0cfa5d3e440cd47","record_hash":"93b3ebc8a065deff5d5be6b85ee6ed52b11a0201410b7a3650eaa753fc254181","signature_hex":"54ef5dcc6ce394194fb7195685ef304f293394e983dc0c6e05de0853ad5e78bdef0ce4ac44bc7eb27e49b04d09745850042b84e6500c15b51ca4dd3fe619e001","public_key_hex":"c2f8243b0d573587f285c830a868acd19249d17d59ecbf9329e796dfed6fb630"}
{"seq":123,"ts":1781463600000,"agent_id":"regime","symbol":"ETHUSDT","side":"sell","price":1664.1906262938,"quantity":1.2017854015041876,"notional_usd":2000.0,"fee_usd":1.2,"balance_before_usd":10671.004668137404,"balance_after_usd":10669.204528107397,"decision":"ALLOW_CAPPED","cert_hash":"ff87c33288e8cd224365ec163921c9d128572c345d2eb46f919df67c8db1a42d","prev_hash":"93b3ebc8a065deff5d5be6b85ee6ed52b11a0201410b7a3650eaa753fc254181","record_hash":"e7bb0664966c4b5bcbbb2dcbea4f1ec27fe40799796245b6695e6542efb064f5","signature_hex":"0efedc266cb5b910fa6e21c3c8b826160fa58a6f781b47a44dabbb5477249b91c637e02c8a6f4ba993362a4afbde762f29420fdc7c3d536bb4cb27de046e5609","public_key_hex":"c2f8243b0d573587f285c830a868acd19249d17d59ecbf9329e796dfed6fb630"}
{"seq":124,"ts":1781467200000,"agent_id":"regime","symbol":"ETHUSDT","side":"sell","price":1669.4222345017176,"quantity":0.2427017247203096,"notional_usd":405.1716556,"fee_usd":0.24310299336,"balance_before_usd":10670.442034286962,"balance_after_usd":10670.109673972876,"decision":"ALLOW","cert_hash":"1cf3e6e853416513633e502cb9681acaee7114226aa7cffc2e14051f10a621ab","prev_hash":"e7bb0664966c4b5bcbbb2dcbea4f1ec27fe40799796245b6695e6542efb064f5","record_hash":"ea83ef8420a1391fa56f5ed903a491209fde575685c072bcfda9a8ccd576ca51","signature_hex":"3c8a071bd6da3e6937874ab1e10ba326139f1aca023aa0262aebad23c33b4b3f9cf6949c1bc343fb642a726e2d1247f3d39f8737840cad5d9fc313a5b06b220a","public_key_hex":"c2f8243b0d573587f285c830a868acd19249d17d59ecbf9329e796dfed6fb630"}
{"seq":125,"ts":1781470800000,"agent_id":"regime","symbol":"ETHUSDT","side":"sell","price":1717.6145953626003,"quantity":1.1644055688626622,"notional_usd":2000.0,"fee_usd":1.2,"balance_before_usd":10670.10708999601,"balance_after_usd":10668.306949966003,"decision":"ALLOW_CAPPED","cert_hash":"89c0e12a154a0e32ebc0e04c7c71d88a63daf02f46219c63eeb44ed5b3d839c0","prev_hash":"ea83ef8420a1391fa56f5ed903a491209fde575685c072bcfda9a8ccd576ca51","record_hash":"fdf0952b043df8a51e59197e2f71eb675e468e6fd8e5dd6047f61aad483572c6","signature_hex":"3a43128dabfa41574e5d6df534438bffb4f0cf8ff271b2dcad9e587afd44c77a7ba9d0d435ecd231cdae04b8d5e0a133229f81757fe0d54c614e84098e0ac808","public_key_hex":"c2f8243b0d573587f285c830a868acd19249d17d59ecbf9329e796dfed6fb630"}
{"seq":126,"ts":1781474400000,"agent_id":"regime","symbol":"ETHUSDT","side":"buy","price":1722.3665894369997,"quantity":1.1611929842727338,"notional_usd":2000.0,"fee_usd":1.2,"balance_before_usd":10663.975162400146,"balance_after_usd":10662.175302370151,"decision":"ALLOW_CAPPED","cert_hash":"658fdbfd7fc12fa38690eb2f58f56cb1d3afc2cbcb77b8ee82862a5519ddcbe4","prev_hash":"fdf0952b043df8a51e59197e2f71eb675e468e6fd8e5dd6047f61aad483572c6","record_hash":"9dce872d05622ce7e95338365c74b4d6e9a4fc3f96dac0a7f370beedd0405336","signature_hex":"3d9d84d6edddc82ebe7802e24d5c2eed75ffecf66658682ffd4c010127f9a1a4ea88a4b16711810f7426e7368cdac1033899af6a8617c6a2a2320bbd333aa408","public_key_hex":"c2f8243b0d573587f285c830a868acd19249d17d59ecbf9329e796dfed6fb630"}
{"seq":127,"ts":1781492400000,"agent_id":"regime","symbol":"ETHUSDT","side":"buy","price":1720.5960584016,"quantity":1.1623878772905947,"notional_usd":2000.0,"fee_usd":1.2,"balance_before_usd":10662.18108325884,"balance_after_usd":10660.381223228846,"decision":"ALLOW_CAPPED","cert_hash":"46b28783762d1b2c104e0579b8abb87515530c07c67330da68389ee590427886","prev_hash":"9dce872d05622ce7e95338365c74b4d6e9a4fc3f96dac0a7f370beedd0405336","record_hash":"3df61e66b1cb60f05c19f6639a2c7328e732d37b7d6eac0ac5739f12fa1a7b6f","signature_hex":"a3e1db1854f0cf5d08eea9ee42fae8e4e4b3b553fbe060fcf55130ccabe8f2b31df5215d2b200857f43198f2d191042845ce971d45c6b24003c93d269467d503","public_key_hex":"c2f8243b0d573587f285c830a868acd19249d17d59ecbf9329e796dfed6fb630"}
{"seq":128,"ts":1781496000000,"agent_id":"regime","symbol":"ETHUSDT","side":"buy","price":1716.6048613218,"quantity":1.1650904905745074,"notional_usd":2000.0,"fee_usd":1.2,"balance_before_usd":10655.756327093297,"balance_after_usd":10653.956467063304,"decision":"ALLOW_CAPPED","cert_hash":"6b05bffa3f097178c0ed7a2f58ff0e3b1660ccc32bf7a4d0b7e63f4f5825da26","prev_hash":"3df61e66b1cb60f05c19f6639a2c7328e732d37b7d6eac0ac5739f12fa1a7b6f","record_hash":"b2e643a55763123d43ba5de78fa894434cf1962a3f5ecc0aedd81e5e74b404f4","signature_hex":"c731feb2e9a6f0f3ef8ffb754f73e2f718861dd77895fbe975ee64a24e34d057098fbd97fb6a09685565132599a429749104517730e02a832e54acac1ae6b100","public_key_hex":"c2f8243b0d573587f285c830a868acd19249d17d59ecbf9329e796dfed6fb630"}
{"seq":129,"ts":1781499600000,"agent_id":"regime","symbol":"ETHUSDT","side":"buy","price":1720.2059413938,"quantity":1.1626514894952034,"notional_usd":2000.0,"fee_usd":1.2,"balance_before_usd":10662.323631447913,"balance_after_usd":10660.52377141792,"decision":"ALLOW_CAPPED","cert_hash":"e7ac6c3ebe0b637d05252be459928af78d9e481a14678e1fba5e035d649b4b07","prev_hash":"b2e643a55763123d43ba5de78fa894434cf1962a3f5ecc0aedd81e5e74b404f4","record_hash":"10158a0e6cf0728893d40d16500995ce7c2c8248e18cd47a9a9f079d4416b26b","signature_hex":"3eaa211a86eb172ddbd7d6e4f428c6a5370ef56f18632250dda78836049e37bdbdf4fb09051ade31b7ba6a826eb4c41664e85fabac373324270d7a12ccebc303","public_key_hex":"c2f8243b0d573587f285c830a868acd19249d17d59ecbf9329e796dfed6fb630"}
{"seq":130,"ts":1781503200000,"agent_id":"regime","symbol":"ETHUSDT","side":"buy","price":1719.3882834448298,"quantity":0.23318633350037304,"notional_usd":400.93784968,"fee_usd":0.24056270980799999,"balance_before_usd":10658.152704021304,"balance_after_usd":10657.823930781971,"decision":"ALLOW","cert_hash":"44463ba3cfb0440a91ce9aefb03a5db4834fc36b5cdf209745de4eceda345543","prev_hash":"10158a0e6cf0728893d40d16500995ce7c2c8248e18cd47a9a9f079d4416b26b","record_hash":"0d2474266ab62cb2ed6cea61422a2aa8f2cc9a24a174b2377c4a12e212b6444f","signature_hex":"978e449339e5c018e6b78d29fb8a318bd93374ff3237e39e4efaf8640d9b29f63112fdf27b4096b9930948a497c9a62208614c16937566299d67581defe1c508","public_key_hex":"c2f8243b0d573587f285c830a868acd19249d17d59ecbf9329e796dfed6fb630"}
{"seq":131,"ts":1781650800000,"agent_id":"regime","symbol":"ETHUSDT","side":"sell","price":1791.7523488457998,"quantity":1.1162256889398514,"notional_usd":2000.0,"fee_usd":1.2,"balance_before_usd":10930.429205924445,"balance_after_usd":10928.629065894438,"decision":"ALLOW_CAPPED","cert_hash":"6add6dd7b98cc3b50611f7b5997754f26c4ab002230cabdb44b04962a48a3894","prev_hash":"0d2474266ab62cb2ed6cea61422a2aa8f2cc9a24a174b2377c4a12e212b6444f","record_hash":"1448555a36a6e6524d58c1726d939a40f9583acd6a1de5d74cce236727e00026","signature_hex":"b5877387ee627ad09a85b7626c4d914fa034350b9cce82839e049e069bf8960dd6b01bd4041679fbf14b8ca44c23691535587aec915abf9fef7fa7297155200a","public_key_hex":"c2f8243b0d573587f285c830a868acd19249d17d59ecbf9329e796dfed6fb630"}
{"seq":132,"ts":1781654400000,"agent_id":"regime","symbol":"ETHUSDT","side":"sell","price":1792.8520188678,"quantity":1.1155410368241185,"notional_usd":2000.0,"fee_usd":1.2,"balance_before_usd":10931.493272803866,"balance_after_usd":10929.693132773857,"decision":"ALLOW_CAPPED","cert_hash":"661a38049d2888411453a137ac7dbe287753c641681dc521416420c67653d0d9","prev_hash":"1448555a36a6e6524d58c1726d939a40f9583acd6a1de5d74cce236727e00026","record_hash":"1055bf56fc5736789accd329c469c62c741849f4a973a23ce69eb36d9dfd988e","signature_hex":"76dac04f9671a5c38beda6c7ad5887289060631a6541f7dc68cdf2465d6c67421f63c31b04f27c9604269f4dcf873911194031d2072b0a48e3e503d484275b05","public_key_hex":"c2f8243b0d573587f285c830a868acd19249d17d59ecbf9329e796dfed6fb630"}
