{"seq":0,"ts":1781813040000,"agent_id":"rl-qlearn","symbol":"ETHUSDT","side":"sell","price":1712.6560832634,"quantity":1.1677767764028124,"notional_usd":2000.0,"fee_usd":1.2,"balance_before_usd":10000.0,"balance_after_usd":9998.199859969993,"decision":"ALLOW_CAPPED","cert_hash":"fd6b19e075baa7ebed0419aa2f4ad7b04c0f2ac59f4ebc7ba1ebd1f22f771706","prev_hash":"0000000000000000000000000000000000000000000000000000000000000000","record_hash":"2de10565fc53da44c0771b6c65a6249dbdcb62bcfe800a18b03bee318f08f723","signature_hex":"c4786f821c99436270d6b33dc79c03f1b8a88d15526b3678fa5dafd41777214a9e80ea0b5ea3b49e7a2ebc0a334ccac3bc4ef49f6926d6a47613b894e3cde002","public_key_hex":"c2f8243b0d573587f285c830a868acd19249d17d59ecbf9329e796dfed6fb630"}
{"seq":1,"ts":1781813100000,"agent_id":"rl-qlearn","symbol":"ETHUSDT","side":"buy","price":1712.2034446703137,"quantity":1.167426590935801,"notional_usd":1998.8718304,"fee_usd":1.19932309824,"balance_before_usd":9999.928169599068,"balance_after_usd":9998.12943753973,"decision":"ALLOW","cert_hash":"620918fe412ad1c3ca2869a378e75f115d90443edc366daa8ee457ebadbb5fb6","prev_hash":"2de10565fc53da44c0771b6c65a6249dbdcb62bcfe800a18b03bee318f08f723","record_hash":"5473f0ec25494e6a51c185978f9180c5c851682cb06f096ef5d475eedd3a469f","signature_hex":"44d00c5137039584051e91993b762c48c88e6cb05a6742f6e487a0f782becb66633047f40b39727dff35662a4cf1f2cc893d92f31d0b117d27f0ba65005a1d02","public_key_hex":"c2f8243b0d573587f285c830a868acd19249d17d59ecbf9329e796dfed6fb630"}
{"seq":2,"ts":1781813400000,"agent_id":"rl-qlearn","symbol":"ETHUSDT","side":"sell","price":1710.4767372198,"quantity":1.1692646596590315,"notional_usd":2000.0,"fee_usd":1.2,"balance_before_usd":9998.129682669558,"balance_after_usd":9996.32954263955,"decision":"ALLOW_CAPPED","cert_hash":"db62a5d1efe39f8e6ca5bff58c99bb1d21820793db55524404b56485a345782b","prev_hash":"5473f0ec25494e6a51c185978f9180c5c851682cb06f096ef5d475eedd3a469f","record_hash":"f668e2a7861feda39bb2074c438279f9ead33747402d2d738a294b1d7719ea5f","signature_hex":"1d2bad5f77b3108252b0b6d30980be6edfeafb07a318e22a5252835c6553b83f1c3bc62b48fed0275fddf5532f8ab4e569f5bc62131aa7ee6568865a69aefd04","public_key_hex":"c2f8243b0d573587f285c830a868acd19249d17d59ecbf9329e796dfed6fb630"}
{"seq":3,"ts":1781813460000,"agent_id":"rl-qlearn","symbol":"ETHUSDT","side":"buy","price":1711.0531962107998,"quantity":1.1688707308627722,"notional_usd":2000.0,"fee_usd":1.2,"balance_before_usd":9996.855869319857,"balance_after_usd":9995.056009289863,"decision":"ALLOW_CAPPED","cert_hash":"420f1f0aff33af8dba66eeaa9767175b04ecf31acc11a8181684f0c389829c2a","prev_hash":"f668e2a7861feda39bb2074c438279f9ead33747402d2d738a294b1d7719ea5f","record_hash":"558e1a6a60fddfafa129bca9bcd250e40a703c8168839082494bfc6c79bcf5fb","signature_hex":"d1a08637c9b85afc075fcce75bcdbf95d5a5070030c32b3ac06f6aabcaa42ce828a8db457b67d4a807817218bac47ef42ea9a7d5956d0a84a62aa60451df3e03","public_key_hex":"c2f8243b0d573587f285c830a868acd19249d17d59ecbf9329e796dfed6fb630"}
{"seq":4,"ts":1781813580000,"agent_id":"rl-qlearn","symbol":"ETHUSDT","side":"sell","price":1710.3767672178003,"quantity":1.169333002139241,"notional_usd":2000.0,"fee_usd":1.2,"balance_before_usd":9995.05574884987,"balance_after_usd":9993.255608819863,"decision":"ALLOW_CAPPED","cert_hash":"f6faf908ef0ceb237c2cae98a039d69834e30e25674551b3d9d87b66b072f645","prev_hash":"558e1a6a60fddfafa129bca9bcd250e40a703c8168839082494bfc6c79bcf5fb","record_hash":"cee67b4705e72d6df51d91e1cfe47b9bb75977e22990410e7e9ccf8e9887c010","signature_hex":"d5b482d0bf94afa7ccf8f53d048cda42282575bd3cfb87e36b6facf7d2b4810feeeabde83d2345c859ba2fdc7eeb5b4efd216e44e18e278617a626bdd9fcf404","public_key_hex":"c2f8243b0d573587f285c830a868acd19249d17d59ecbf9329e796dfed6fb630"}
{"seq":5,"ts":1781813640000,"agent_id":"rl-qlearn","symbol":"ETHUSDT","side":"buy","price":1711.6033612217998,"quantity":1.1684950177781452,"notional_usd":2000.0,"fee_usd":1.2,"balance_before_usd":9993.021593396583,"balance_after_usd":9991.221733366589,"decision":"ALLOW_CAPPED","cert_hash":"8ff586045f28646a75acde9eebb6611bbf55ed62c2d983b78193013c34e36f6d","prev_hash":"cee67b4705e72d6df51d91e1cfe47b9bb75977e22990410e7e9ccf8e9887c010","record_hash":"10a77cf094a9c8b41acf8415455d7267ac38dfcb11d66d62c62de732c1a513e3","signature_hex":"ff34578185da4d7a0f69b3e40fa20a6ac806bddf2f8d27b0e03e4ce8165463da86e31f27bbf9c2ce79841f93e2fbcecbf82eaf98f4463b2a480b5bc0f4d0e80c","public_key_hex":"c2f8243b0d573587f285c830a868acd19249d17d59ecbf9329e796dfed6fb630"}
{"seq":6,"ts":1781813700000,"agent_id":"rl-qlearn","symbol":"ETHUSDT","side":"buy","price":1710.5730522012,"quantity":1.1691988234155564,"notional_usd":2000.0,"fee_usd":1.2,"balance_before_usd":9991.223362928173,"balance_after_usd":9989.423502898178,"decision":"ALLOW_CAPPED","cert_hash":"af7fe388abb4e33fd1fddb87bcf186448fac42378adc1315e7bc2127f1ae57d6","prev_hash":"10a77cf094a9c8b41acf8415455d7267ac38dfcb11d66d62c62de732c1a513e3","record_hash":"7b8d0aacddbae5faf343014fba6ee466e8c4ea653ad76bcd4ab9b55953fe2b97","signature_hex":"8379ccc0fc27dbd70f871eb7732830bab2323c7b77ab6d4ffafbcb51bd9e160d23a4df87b6a7155ac7a52acdf60d919aab694195793ca17cb0c0a84ce20dda0b","public_key_hex":"c2f8243b0d573587f285c830a868acd19249d17d59ecbf9329e796dfed6fb630"}
{"seq":7,"ts":1781813760000,"agent_id":"rl-qlearn","symbol":"ETHUSDT","side":"sell","price":1710.7668111426588,"quantity":1.1679669816983487,"notional_usd":1998.1191488,"fee_usd":1.1988714892799999,"balance_before_usd":9990.847995302423,"balance_after_usd":9989.049736172394,"decision":"ALLOW","cert_hash":"b41ce586c17ee809459a9654f7ced09d69f743af0089f82faaa590ad3fb436c9","prev_hash":"7b8d0aacddbae5faf343014fba6ee466e8c4ea653ad76bcd4ab9b55953fe2b97","record_hash":"18a1ad9c98efe3912020673831149f3ef1de44a9505e2d98a1e0c45f4b77b001","signature_hex":"51bb78c2ebbe2d610cf994b07a419fa6add080c4dcac3a730d7159fd4c8bc2cc53b761bd57fbd67499811fd31248e6cb4ef065b3bc8fcba37cf1c24d57e78c0f","public_key_hex":"c2f8243b0d573587f285c830a868acd19249d17d59ecbf9329e796dfed6fb630"}
{"seq":8,"ts":1781813820000,"agent_id":"rl-qlearn","symbol":"ETHUSDT","side":"buy","price":1708.762509165,"quantity":1.170437664258748,"notional_usd":2000.0,"fee_usd":1.2,"balance_before_usd":9989.050797450822,"balance_after_usd":9987.25093742083,"decision":"ALLOW_CAPPED","cert_hash":"35591dbec640c1dcfc51731065550bd9e3bb70faf8d3ed625bdc5cb3b07dea92","prev_hash":"18a1ad9c98efe3912020673831149f3ef1de44a9505e2d98a1e0c45f4b77b001","record_hash":"22dfb0122cb608bd74ffb6ce4aaeec676352105685a2afbdab809b842211b9be","signature_hex":"5790fd7a1c2c34b68f5badde179bed2f8009f21e194d577ce0030bfdef47b2cd5782ea4fec020b6ede7e58eb1899f300c1ec529e750721b5db90251a53658204","public_key_hex":"c2f8243b0d573587f285c830a868acd19249d17d59ecbf9329e796dfed6fb630"}
{"seq":9,"ts":1781813880000,"agent_id":"rl-qlearn","symbol":"ETHUSDT","side":"sell","price":1709.6569832034002,"quantity":1.1698253039347,"notional_usd":2000.0,"fee_usd":1.2,"balance_before_usd":9989.497505242944,"balance_after_usd":9987.697365212936,"decision":"ALLOW_CAPPED","cert_hash":"5cf5f8b5f80ea522669172c72a960ad080731fbfb05975567cb1cb709fa606dc","prev_hash":"22dfb0122cb608bd74ffb6ce4aaeec676352105685a2afbdab809b842211b9be","record_hash":"a96679b25a13c12e86ea2ea0a5201aa10e9b08d0dc2c91f14fb293f0ec1b0de7","signature_hex":"dde3086ce49a595f659b04a472fd23d0ca334fa45f76337db6644f65875ee1f3ccbef74ed59bb0251dd39c26a70acf2189fe1ade8ba00a5fc4da91abfbe14d08","public_key_hex":"c2f8243b0d573587f285c830a868acd19249d17d59ecbf9329e796dfed6fb630"}
{"seq":10,"ts":1781814900000,"agent_id":"rl-qlearn","symbol":"ETHUSDT","side":"buy","price":1712.5736522411999,"quantity":1.167832984807779,"notional_usd":2000.0,"fee_usd":1.2,"balance_before_usd":9987.697860588394,"balance_after_usd":9985.8980005584,"decision":"ALLOW_CAPPED","cert_hash":"e52e0a734a468b98b2e2058dae46eb10d9e647bf04a3357ecff558106facb1f6","prev_hash":"a96679b25a13c12e86ea2ea0a5201aa10e9b08d0dc2c91f14fb293f0ec1b0de7","record_hash":"9948cb7acba4e4e76c42f28a12361e39166992f64a04d6127e1c6c6706c74bdc","signature_hex":"007be7f58a12e0bd3777c71236190835cdf085426eb769b23a381531a2f1fb441f3c0cde06299653472e028e7fc3d7189bb431588200ea0ed4c5bb52bf05e000","public_key_hex":"c2f8243b0d573587f285c830a868acd19249d17d59ecbf9329e796dfed6fb630"}
{"seq":11,"ts":1781814960000,"agent_id":"rl-qlearn","symbol":"ETHUSDT","side":"buy","price":1711.1232172122,"quantity":1.1688228994160015,"notional_usd":2000.0,"fee_usd":1.2,"balance_before_usd":9984.204262680474,"balance_after_usd":9982.404402650482,"decision":"ALLOW_CAPPED","cert_hash":"755fbe66ffa0fe7cf130571d4d27051f7d817bc20bf5918bffe9eac575519010","prev_hash":"9948cb7acba4e4e76c42f28a12361e39166992f64a04d6127e1c6c6706c74bdc","record_hash":"90ba4010221f074ec48c0ddc354f05c17af3c97970e6649e4f883b2ff51ba5c1","signature_hex":"ad1c029bdbbf85d1420312ba1567b2529dd88d3f04f964210a0f08f15f1ff2f53087502c4c22d55840fcb10081898e34d239510fde3e7176663c8549f834be05","public_key_hex":"c2f8243b0d573587f285c830a868acd19249d17d59ecbf9329e796dfed6fb630"}
{"seq":12,"ts":1781815020000,"agent_id":"rl-qlearn","symbol":"ETHUSDT","side":"buy","price":1712.4873517353053,"quantity":0.579246705644179,"notional_usd":991.95265695,"fee_usd":0.59517159417,"balance_before_usd":9985.79293373256,"balance_after_usd":9984.950220053563,"decision":"ALLOW","cert_hash":"7fc928e8f97ef7f5da5500d589168044f3d6b7b2504a1abedeb71e314b3e7bfa","prev_hash":"90ba4010221f074ec48c0ddc354f05c17af3c97970e6649e4f883b2ff51ba5c1","record_hash":"381610fcb9cf57a6805a31367cb6bf1f43fa9afe40bf168f4d87df6cb0a002a5","signature_hex":"e3acdf5ee519baaf5f06a0d261d38fc91b6242917fd7d650bc1e51e23ff510031b75b9d57a04555c0cdb4e6b466c8b7485a4fa70d6a36c40adb939e607c4ff07","public_key_hex":"c2f8243b0d573587f285c830a868acd19249d17d59ecbf9329e796dfed6fb630"}
{"seq":13,"ts":1781815320000,"agent_id":"rl-qlearn","symbol":"ETHUSDT","side":"sell","price":1712.98598427,"quantity":1.1675518762941384,"notional_usd":2000.0,"fee_usd":1.2,"balance_before_usd":9989.149497211893,"balance_after_usd":9987.349357181887,"decision":"ALLOW_CAPPED","cert_hash":"82d800c9178837eee8802c2f6c8e56850e0f94b7db23721ab29610bbb14df022","prev_hash":"381610fcb9cf57a6805a31367cb6bf1f43fa9afe40bf168f4d87df6cb0a002a5","record_hash":"90f04464ce06b2a65e9351de1fbe9ab44419fd757f5a7d1bb7a2e47ee0fa2dc0","signature_hex":"a472efc37b8ed3cea7bfb6947b320d26c6f973225f2fb1b2ef248720a8f751294eb1499a242de2b443ce03fef19f6750cf7247d214257f87251b490c77e4b207","public_key_hex":"c2f8243b0d573587f285c830a868acd19249d17d59ecbf9329e796dfed6fb630"}
{"seq":14,"ts":1781815380000,"agent_id":"rl-qlearn","symbol":"ETHUSDT","side":"buy","price":1712.203456420604,"quantity":1.167506760825591,"notional_usd":1999.00911128,"fee_usd":1.199405466768,"balance_before_usd":9984.184367983135,"balance_after_usd":9982.38549867392,"decision":"ALLOW","cert_hash":"70e153054a7af05a9885bfe6f7ccc4b08987a0858c8f233d08d856a8c34f20a8","prev_hash":"90f04464ce06b2a65e9351de1fbe9ab44419fd757f5a7d1bb7a2e47ee0fa2dc0","record_hash":"949295b883d6f760444b8d938b5456fabcda6cc53ab2e3e9288e8356c84b47eb","signature_hex":"0c395fc9ed901559185eddca300e4f3b4956d7fe3c20faed6202c4081e40ad84e3adab63478f12999a1d6249deb9a5e096e50e3f87c4286f0f656640e0f90401","public_key_hex":"c2f8243b0d573587f285c830a868acd19249d17d59ecbf9329e796dfed6fb630"}
{"seq":15,"ts":1781815620000,"agent_id":"rl-qlearn","symbol":"ETHUSDT","side":"sell","price":1709.8869142080002,"quantity":1.1696679958080016,"notional_usd":2000.0,"fee_usd":1.2,"balance_before_usd":9978.62370441854,"balance_after_usd":9976.823564388533,"decision":"ALLOW_CAPPED","cert_hash":"bbe365931f0e4aa433eef1bdcc85a4f550bc56b761a362b51c3e01c78947683e","prev_hash":"949295b883d6f760444b8d938b5456fabcda6cc53ab2e3e9288e8356c84b47eb","record_hash":"239777eb38ba7874cb36efa493254994396229f863e219b89e8c7047da8151e7","signature_hex":"1a3733edb4ff5a4225dbd144b61c1b8fd3b60d165361cc6be2a4fd5c761feba775a6df3d35105e84d996445b2dd11e955833888cb91cd9df18d36afbc1e1bb01","public_key_hex":"c2f8243b0d573587f285c830a868acd19249d17d59ecbf9329e796dfed6fb630"}
{"seq":16,"ts":1781815680000,"agent_id":"rl-qlearn","symbol":"ETHUSDT","side":"buy","price":1711.7534062247998,"quantity":1.1683925924884917,"notional_usd":2000.0,"fee_usd":1.2,"balance_before_usd":9978.29058371742,"balance_after_usd":9976.490723687428,"decision":"ALLOW_CAPPED","cert_hash":"1e709556411c261f6b4b89333d63315b27ef5e26879121bb7e7aeb3fa63966eb","prev_hash":"239777eb38ba7874cb36efa493254994396229f863e219b89e8c7047da8151e7","record_hash":"40b75ce6fbd33f4c879020b5a3717df0011c8767e62990ac1de9353f5d182720","signature_hex":"1f296359b0f16fe1bda7f787e7b3b1bed1c21cdd04699439880c651248db4810448168f98a80702048c9ad47bdbb836e5fa4fec7cbe799a4b757285c0578af09","public_key_hex":"c2f8243b0d573587f285c830a868acd19249d17d59ecbf9329e796dfed6fb630"}
{"seq":17,"ts":1781815740000,"agent_id":"rl-qlearn","symbol":"ETHUSDT","side":"sell","price":1709.2271121948002,"quantity":1.1701195152654824,"notional_usd":2000.0,"fee_usd":1.2,"balance_before_usd":9972.11845742568,"balance_after_usd":9970.318317395675,"decision":"ALLOW_CAPPED","cert_hash":"d432664aed63b09ebefeea425b046984d82baa9e191308af8e60173746031fbb","prev_hash":"40b75ce6fbd33f4c879020b5a3717df0011c8767e62990ac1de9353f5d182720","record_hash":"a0461e5036fd1dd8e1efbb832ec80a62a3dc42efee186c493950e729314873f7","signature_hex":"f52389b8bf29f8e0247e4141f7b26c04804d69306d1c94ce986b5ef8f8d1b2304d8f14bd8fe3ccb923b0a9dcf73a319be80da52a48fe48dfb67c0e5bc7bfbe0d","public_key_hex":"c2f8243b0d573587f285c830a868acd19249d17d59ecbf9329e796dfed6fb630"}
{"seq":18,"ts":1781815800000,"agent_id":"rl-qlearn","symbol":"ETHUSDT","side":"buy","price":1711.3832952173998,"quantity":1.1686452740243305,"notional_usd":2000.0,"fee_usd":1.2,"balance_before_usd":9972.289856260606,"balance_after_usd":9970.489996230614,"decision":"ALLOW_CAPPED","cert_hash":"87e11c31def710b492d3e9dca6979b2851513ab42c46b3c83947366271dd9b1a","prev_hash":"a0461e5036fd1dd8e1efbb832ec80a62a3dc42efee186c493950e729314873f7","record_hash":"d7bc2b3eb3911975d30556b015e583f79f710d0d8cd2d7d50c8f2f5416c85740","signature_hex":"d3e3d5f192b1b445ad6bd5b10c4b3172124028700defdc9d1ff3018952a02119f480b32978885d69d836ee3deb0bede9f3b76c8fd75bf7d043efc5a269e72405","public_key_hex":"c2f8243b0d573587f285c830a868acd19249d17d59ecbf9329e796dfed6fb630"}
{"seq":19,"ts":1781815860000,"agent_id":"rl-qlearn","symbol":"ETHUSDT","side":"sell","price":1710.1568332134002,"quantity":1.1694833837210017,"notional_usd":2000.0,"fee_usd":1.2,"balance_before_usd":9969.907322243962,"balance_after_usd":9968.107182213957,"decision":"ALLOW_CAPPED","cert_hash":"c627f9ae992dd0fd254c12a3e6be37f37a363d9998d433b371e88eb740d2c97d","prev_hash":"d7bc2b3eb3911975d30556b015e583f79f710d0d8cd2d7d50c8f2f5416c85740","record_hash":"4544d2cf3000daefc1efc912a68c8ce5e40fd688d3d8962218e6f58b6633de06","signature_hex":"509cea15f2c2be5e23733eb1674075c5f87c2474d389ceb6981a7da90e2aedf6aa313a2ff782fe9eef7396626c0c5da85fa07039bcac496a6889ee11a2225d04","public_key_hex":"c2f8243b0d573587f285c830a868acd19249d17d59ecbf9329e796dfed6fb630"}
{"seq":20,"ts":1781815920000,"agent_id":"rl-qlearn","symbol":"ETHUSDT","side":"sell","price":1710.386764218,"quantity":1.1693261675317121,"notional_usd":2000.0,"fee_usd":1.2,"balance_before_usd":9968.50827612035,"balance_after_usd":9966.708136090343,"decision":"ALLOW_CAPPED","cert_hash":"891957ee410bde985c7dd665b12411513800a583632c31c64db31371dc8594c1","prev_hash":"4544d2cf3000daefc1efc912a68c8ce5e40fd688d3d8962218e6f58b6633de06","record_hash":"7932be5a5486b8fa6eabba0ceb2819d077a043af9280a58dc6fe3147873606d0","signature_hex":"734cc994a5da15b384fc0fe388771351fb545e720b19e70d7caf3d7a27b486bcfb76300c90625cfca542a1b935292f7166c19f1427bd1c3f3e162e5a9e824402","public_key_hex":"c2f8243b0d573587f285c830a868acd19249d17d59ecbf9329e796dfed6fb630"}
{"seq":21,"ts":1781815980000,"agent_id":"rl-qlearn","symbol":"ETHUSDT","side":"sell","price":1709.863935410593,"quantity":0.5747035511945754,"notional_usd":982.66487574,"fee_usd":0.5895989254439999,"balance_before_usd":9966.357654257321,"balance_after_usd":9965.523194499307,"decision":"ALLOW","cert_hash":"6d80e32abd7e2b5c27f8bbc63f0e73581b0f6d777ab22c060ffa3e6a643b729e","prev_hash":"7932be5a5486b8fa6eabba0ceb2819d077a043af9280a58dc6fe3147873606d0","record_hash":"99c8731cd71437b4dd1920fa39fbcb42a972070ddc7639c6497a3f6e40ebbf38","signature_hex":"ea9b27ff275c891989acf2e8ebc40dd5945b526372f0356e22c0962ca0a8ca7ad62b41b5cac7264e25c4eaf6090b0e6b0f3949213a471ca43c0a10d9eaa23003","public_key_hex":"c2f8243b0d573587f285c830a868acd19249d17d59ecbf9329e796dfed6fb630"}
{"seq":22,"ts":1781816040000,"agent_id":"rl-qlearn","symbol":"ETHUSDT","side":"sell","price":1710.2068182144,"quantity":1.1694492026924372,"notional_usd":2000.0,"fee_usd":1.2,"balance_before_usd":9965.523132936554,"balance_after_usd":9963.722992906547,"decision":"ALLOW_CAPPED","cert_hash":"2d40ec946e686e521075ebb557dbd164b8654e6c798476606a9d88adae7d149e","prev_hash":"99c8731cd71437b4dd1920fa39fbcb42a972070ddc7639c6497a3f6e40ebbf38","record_hash":"c8493f47b34a14de6f7c12feea2a09021c283f7822a4531107c17f640a3a99a1","signature_hex":"09a2df6d2a6ad3cae2d0d77c2e06f4687bb962b1c6d7c24b5b432ffa9535da27284de8208c031597fd89e951ae20d437a0c0da6ba4dda5b647961695870df005","public_key_hex":"c2f8243b0d573587f285c830a868acd19249d17d59ecbf9329e796dfed6fb630"}
{"seq":23,"ts":1781816100000,"agent_id":"rl-qlearn","symbol":"ETHUSDT","side":"sell","price":1709.7169652046002,"quantity":1.1697842629529396,"notional_usd":2000.0,"fee_usd":1.2,"balance_before_usd":9964.29609316877,"balance_after_usd":9962.495953138765,"decision":"ALLOW_CAPPED","cert_hash":"ccaea9a75147e109d51916ff1fb21f70a9721fbab286fa7317622114a4b6e39c","prev_hash":"c8493f47b34a14de6f7c12feea2a09021c283f7822a4531107c17f640a3a99a1","record_hash":"ee861abe3ea46712b777497264b733f3c85c1ddd67f8accb38f7a89538cc2f66","signature_hex":"fd7702aec7aa5997b9ac9c800e5ff026c373683d23be2e0932d324e72cd2e7e6d00ac038b550ea5a703cf069ae94c1ad3be178f75aaad0e857ca93e3820ffe04","public_key_hex":"c2f8243b0d573587f285c830a868acd19249d17d59ecbf9329e796dfed6fb630"}
{"seq":24,"ts":1781816160000,"agent_id":"rl-qlearn","symbol":"ETHUSDT","side":"buy","price":1710.7431032046,"quantity":1.169082602907215,"notional_usd":2000.0,"fee_usd":1.2,"balance_before_usd":9962.495953138765,"balance_after_usd":9960.69609310877,"decision":"ALLOW_CAPPED","cert_hash":"32ee37b233fcb8904f7627e47af1217937fea3a70f91129a35991bf9fba9189f","prev_hash":"ee861abe3ea46712b777497264b733f3c85c1ddd67f8accb38f7a89538cc2f66","record_hash":"67fde6ea3e3942af37e7a494a534b91d27aeb563fb87247237ef3562d32afd29","signature_hex":"e3c6503358074e39cb1b91a0cb53549462396f3c544b4a5dc63551a8cd488d53c7ac243c4784f47475e245d28aa37fc386e356b9ceae479a1017309af566c304","public_key_hex":"c2f8243b0d573587f285c830a868acd19249d17d59ecbf9329e796dfed6fb630"}
{"seq":25,"ts":1781816220000,"agent_id":"rl-qlearn","symbol":"ETHUSDT","side":"buy","price":1710.7531062048,"quantity":1.169075767126255,"notional_usd":2000.0,"fee_usd":1.2,"balance_before_usd":9960.684390168452,"balance_after_usd":9958.884530138457,"decision":"ALLOW_CAPPED","cert_hash":"e27299e2cd8364e1d8b906472d089eac0469879c2132a5b320048f1f57a878e4","prev_hash":"67fde6ea3e3942af37e7a494a534b91d27aeb563fb87247237ef3562d32afd29","record_hash":"5b0a04feb5080ff57ce5d18e1e79acbdeb2560a478cd1102e1e50b916ab9a412","signature_hex":"1743607ff647b6aabaf55cba399aef7405d00445c6eea618d3bbb4403648a2075b04afc048c5165436a2880fee542bf6be14f419243948f6316ee32f17120c03","public_key_hex":"c2f8243b0d573587f285c830a868acd19249d17d59ecbf9329e796dfed6fb630"}
{"seq":26,"ts":1781816280000,"agent_id":"rl-qlearn","symbol":"ETHUSDT","side":"sell","price":1708.8972111882001,"quantity":1.1703454057423357,"notional_usd":2000.0,"fee_usd":1.2,"balance_before_usd":9958.885541298243,"balance_after_usd":9957.085401268236,"decision":"ALLOW_CAPPED","cert_hash":"c53a57062c219e33c365d0cee14ed8b71c4957634d4f6795cea967658238ff6b","prev_hash":"5b0a04feb5080ff57ce5d18e1e79acbdeb2560a478cd1102e1e50b916ab9a412","record_hash":"1192da338683fad9decec12665a44299579cb1bf5296671a328a73eeab87d23f","signature_hex":"df620aad0dee73050871f91d6775831cbc42308be384c2952ed9a7713828ab2a489d71883f8d8889635670cdb7bed62610f77ce90b54c8b05aa3b27d7f41050c","public_key_hex":"c2f8243b0d573587f285c830a868acd19249d17d59ecbf9329e796dfed6fb630"}
{"seq":27,"ts":1781816340000,"agent_id":"rl-qlearn","symbol":"ETHUSDT","side":"buy","price":1710.162929193,"quantity":1.169479215026471,"notional_usd":2000.0,"fee_usd":1.2,"balance_before_usd":9956.804225987305,"balance_after_usd":9955.004365957311,"decision":"ALLOW_CAPPED","cert_hash":"4b004d8d7cba02ee2b32c355bacfebef2ec351a13a8011844ad2a574bc691659","prev_hash":"1192da338683fad9decec12665a44299579cb1bf5296671a328a73eeab87d23f","record_hash":"ae0faa14269a6630383a2faa83a6026a8a76c8e478f3592670f37917eb768f12","signature_hex":"f328413f15f8ac4b7d98b1ff90e3dad1ee1d9b8fbe730df062d41d47857e92b3d444ad2b3d9d523ee0cead004fc5301bc0aaaea582ab70abc7b53f9dd1e7760a","public_key_hex":"c2f8243b0d573587f285c830a868acd19249d17d59ecbf9329e796dfed6fb630"}
{"seq":28,"ts":1781816400000,"agent_id":"rl-qlearn","symbol":"ETHUSDT","side":"buy","price":1710.0729021911998,"quantity":1.169540782406003,"notional_usd":2000.0,"fee_usd":1.2,"balance_before_usd":9955.004553558309,"balance_after_usd":9953.204693528314,"decision":"ALLOW_CAPPED","cert_hash":"6e32d7f99127d7bebe51e2229eceda9e39a457ca6bbcfc5b55e00126529f8770","prev_hash":"ae0faa14269a6630383a2faa83a6026a8a76c8e478f3592670f37917eb768f12","record_hash":"6ac5aadbe9934b7107749ecc44ca23b97b4f4b3258ecc5e25b4cd8672bfd372c","signature_hex":"4cbb3b1cb51c3b4a16ab1dd7ea686516e15cb486c72d5eb7a5cdf9f19c6840d3896570bd0fe3c63f745f7c1c4fbdfe9fe67f9a532e9fd5fa88f726b65ae94b05","public_key_hex":"c2f8243b0d573587f285c830a868acd19249d17d59ecbf9329e796dfed6fb630"}
{"seq":29,"ts":1781816460000,"agent_id":"rl-qlearn","symbol":"ETHUSDT","side":"sell","price":1710.1070984389441,"quantity":1.167806474648875,"notional_usd":1997.0741419,"fee_usd":1.19824448514,"balance_before_usd":9954.442197234814,"balance_after_usd":9952.644982985816,"decision":"ALLOW","cert_hash":"5a2ad8cbca5e0c2fd736ed3f59b346d6ac12118af7698a2ea346c59f9ebf99c7","prev_hash":"6ac5aadbe9934b7107749ecc44ca23b97b4f4b3258ecc5e25b4cd8672bfd372c","record_hash":"ee98e004f3a1a2b4133d45bc8d9dddddffbf8f4897f9c19942ba5b036868c864","signature_hex":"9fbf1644aa6f737d3c6009c4f07b7b1ea7e6c22f1782446f24d9ec194ecb525d9181fb17a58e6bfae25efd3ea5ac8edc0e100cdc7f724ca14697e46c93b88200","public_key_hex":"c2f8243b0d573587f285c830a868acd19249d17d59ecbf9329e796dfed6fb630"}
{"seq":30,"ts":1781818500000,"agent_id":"rl-qlearn","symbol":"ETHUSDT","side":"sell","price":1708.2973911761999,"quantity":1.1707563392243763,"notional_usd":2000.0,"fee_usd":1.2,"balance_before_usd":9952.645616753265,"balance_after_usd":9950.845476723258,"decision":"ALLOW_CAPPED","cert_hash":"76a0fd1f64b554c6df26688533e9becdfdd97fa2308a20969e811310bea07741","prev_hash":"ee98e004f3a1a2b4133d45bc8d9dddddffbf8f4897f9c19942ba5b036868c864","record_hash":"3439dc25ce01b83930b72e6a97eb965c054e7f2f60311051b04a4f120841a63d","signature_hex":"5c642d89f27859ab5296cb83b44ff1f7e39e1f97aa6f7e089116cea76ad7e997e98fae6a318224b6ff7354eef7fd4b8dc7ac5c4d055152d3b5502d845cb6da06","public_key_hex":"c2f8243b0d573587f285c830a868acd19249d17d59ecbf9329e796dfed6fb630"}
{"seq":31,"ts":1781818560000,"agent_id":"rl-qlearn","symbol":"ETHUSDT","side":"buy","price":1709.0225871702,"quantity":1.1702595477755506,"notional_usd":2000.0,"fee_usd":1.2,"balance_before_usd":9951.196808669354,"balance_after_usd":9949.39694863936,"decision":"ALLOW_CAPPED","cert_hash":"e4f39c78d3219a37fafda62dc0e60a5bbb449d18efd22a4669e8278bf90b71ea","prev_hash":"3439dc25ce01b83930b72e6a97eb965c054e7f2f60311051b04a4f120841a63d","record_hash":"e6688ff88453ddf64f3e72d07b615d4e88acba9cbfea76973202e403a379a875","signature_hex":"fa3dddd12f64f211f1b144d7db63c1c5de49c2ffbaace7cd5347fb74f51d4df2f9e81e7c1d3abd18a09b39c224e1b738da61ea160352da370507eee4be19ea01","public_key_hex":"c2f8243b0d573587f285c830a868acd19249d17d59ecbf9329e796dfed6fb630"}
{"seq":32,"ts":1781818620000,"agent_id":"rl-qlearn","symbol":"ETHUSDT","side":"sell","price":1705.338279117,"quantity":1.1727878418559698,"notional_usd":2000.0,"fee_usd":1.2,"balance_before_usd":9949.399201497661,"balance_after_usd":9947.599061467654,"decision":"ALLOW_CAPPED","cert_hash":"a032faf62653ec3442b2f41ab8ec3ec3a9894548017a9af98054848efb75fecd","prev_hash":"e6688ff88453ddf64f3e72d07b615d4e88acba9cbfea76973202e403a379a875","record_hash":"329cfc426fb6ca2efc133043c5303d03479bcad134e8c0e8b5164930d86f1ce6","signature_hex":"f22d898e5117c78839bfcef5cd3d717f86ec0680b2d420c43fd4b7e4b21b869116e16c90561d7f86b41b88e2c8998a88b90971d93bab90455960d959f794fe09","public_key_hex":"c2f8243b0d573587f285c830a868acd19249d17d59ecbf9329e796dfed6fb630"}
{"seq":33,"ts":1781818680000,"agent_id":"rl-qlearn","symbol":"ETHUSDT","side":"sell","price":1704.8584231073999,"quantity":1.1731179392331321,"notional_usd":2000.0,"fee_usd":1.2,"balance_before_usd":9948.162406162566,"balance_after_usd":9946.362266132559,"decision":"ALLOW_CAPPED","cert_hash":"80629d26c640d87623864318c292921773794e481f65ec55e4d2b8abeb30bce9","prev_hash":"329cfc426fb6ca2efc133043c5303d03479bcad134e8c0e8b5164930d86f1ce6","record_hash":"e347273dbfc97ab1909fcd95d32038802e5a5d0489dbb4ccf7d52c9f50fe43da","signature_hex":"11c118384949ca1e213e14b57430d0d67563ebd881a6b70990e19d5c1ff2cb07370ac5cf20d11b6932363ddf2f50613b6c0ca1acbf64b8f6d410f678ebd86c08","public_key_hex":"c2f8243b0d573587f285c830a868acd19249d17d59ecbf9329e796dfed6fb630"}
{"seq":34,"ts":1781818740000,"agent_id":"rl-qlearn","symbol":"ETHUSDT","side":"sell","price":1705.5461781559222,"quantity":0.5681390403909746,"notional_usd":968.987369,"fee_usd":0.5813924213999999,"balance_before_usd":9944.954214500378,"balance_after_usd":9944.132032343188,"decision":"ALLOW","cert_hash":"db09d41d02287d0765f561d970ff987afb55cc59d8351846ce04c8bad912db01","prev_hash":"e347273dbfc97ab1909fcd95d32038802e5a5d0489dbb4ccf7d52c9f50fe43da","record_hash":"9e8b405dae229fe0d561550b797eef73589d8658b3d256a829bf08bc09121a20","signature_hex":"ceabeebe9b621ac3bd11f8af34df3020a66cb18873d3892a1023bd6b0e8e91d2c6d2d8305c78b106d7e398f6aeebc87f11135278d493de11dda8b21dd5248701","public_key_hex":"c2f8243b0d573587f285c830a868acd19249d17d59ecbf9329e796dfed6fb630"}
{"seq":35,"ts":1781818800000,"agent_id":"rl-qlearn","symbol":"ETHUSDT","side":"buy","price":1705.6715821031999,"quantity":1.17255866896362,"notional_usd":2000.0,"fee_usd":1.2,"balance_before_usd":9946.493094669348,"balance_after_usd":9944.693234639353,"decision":"ALLOW_CAPPED","cert_hash":"1357336ea88cc4f798d1012b08cc333c868edd66ca112dc7dda76c8b32721fde","prev_hash":"9e8b405dae229fe0d561550b797eef73589d8658b3d256a829bf08bc09121a20","record_hash":"6cb8ec0644a5eb5f5fcb2669395567006b37fc133b9af6ba4e3adee4691e4d4d","signature_hex":"6a1a85a84a04193ab83db262df2d4b8ca07c39c6f9aa3e8b017bec9a7593f5cbb5ac34956818110a2929cfeac71432d913d902ef81769dfde93b131811503c0f","public_key_hex":"c2f8243b0d573587f285c830a868acd19249d17d59ecbf9329e796dfed6fb630"}
{"seq":36,"ts":1781818860000,"agent_id":"rl-qlearn","symbol":"ETHUSDT","side":"buy","price":1705.8616391069997,"quantity":1.1724280294191847,"notional_usd":2000.0,"fee_usd":1.2,"balance_before_usd":9944.362191351926,"balance_after_usd":9942.562331321931,"decision":"ALLOW_CAPPED","cert_hash":"44cb744f6c14f00fb4ed0fc4bc9d4a8c88a4903db9e8dc63a5b3a7f2a93bd73d","prev_hash":"6cb8ec0644a5eb5f5fcb2669395567006b37fc133b9af6ba4e3adee4691e4d4d","record_hash":"be035ce951a5b0a28eddc91fec52d3bff8ea82dfd6d6da1c960b6e62ba154870","signature_hex":"c572a7eb20246a54c43e0e049df97c7864cfa46594fdd405fa160fab64f8c2bd4e20f211df5441fd72e4f8bb47d2363d4039965c3d7662b9e158aea2dab34406","public_key_hex":"c2f8243b0d573587f285c830a868acd19249d17d59ecbf9329e796dfed6fb630"}
{"seq":37,"ts":1781818920000,"agent_id":"rl-qlearn","symbol":"ETHUSDT","side":"sell","price":1704.938399109,"quantity":1.1730629100999772,"notional_usd":2000.0,"fee_usd":1.2,"balance_before_usd":9942.5053408157,"balance_after_usd":9940.705200785693,"decision":"ALLOW_CAPPED","cert_hash":"30fb2b63de4bd80fcf8553ab050805ea8ba82043df33242a8e855399a03d2b05","prev_hash":"be035ce951a5b0a28eddc91fec52d3bff8ea82dfd6d6da1c960b6e62ba154870","record_hash":"91942aebc91cb6125e7e6ad7562fc75edc02173194e9ea5c66fabbb8a2c4d79f","signature_hex":"0a7d827a2c15a14a3925c0d949610ecd602ab13e85d09346faa5772bc1cccdef3e899d5b82f88a0d97a8c5b6c7db508668815231977c5690dcb6ed97555af803","public_key_hex":"c2f8243b0d573587f285c830a868acd19249d17d59ecbf9329e796dfed6fb630"}
{"seq":38,"ts":1781818980000,"agent_id":"rl-qlearn","symbol":"ETHUSDT","side":"buy","price":1706.1217171121998,"quantity":1.1722493066820705,"notional_usd":2000.0,"fee_usd":1.2,"balance_before_usd":9940.426325910108,"balance_after_usd":9938.626465880114,"decision":"ALLOW_CAPPED","cert_hash":"a33ec7940fa63bc7c633baa760ba9073e8959f29d9eb44609ce5d2b282b0d0d2","prev_hash":"91942aebc91cb6125e7e6ad7562fc75edc02173194e9ea5c66fabbb8a2c4d79f","record_hash":"8f3d38513cf1f451d4245f20b43ea7cff5229013534a72a03d0ca7dba1d9d689","signature_hex":"7d9033a609ccba56b278b92c503cf467fd48172f265369e64a7938c101534e6c6e3426a23cb63e21f7b92eef216b4c132fdff5fc55e89c56663926c526098b0d","public_key_hex":"c2f8243b0d573587f285c830a868acd19249d17d59ecbf9329e796dfed6fb630"}
{"seq":39,"ts":1781819040000,"agent_id":"rl-qlearn","symbol":"ETHUSDT","side":"sell","price":1705.1083481123999,"quantity":1.172945990331965,"notional_usd":2000.0,"fee_usd":1.2,"balance_before_usd":9938.620758693456,"balance_after_usd":9936.820618663449,"decision":"ALLOW_CAPPED","cert_hash":"50f88beed3ca5b07d447238f0ef6c495b6450ef4c361c321e05cb2662bb44595","prev_hash":"8f3d38513cf1f451d4245f20b43ea7cff5229013534a72a03d0ca7dba1d9d689","record_hash":"7e647296881a4705c6a05dbe2128c317e1af1fd1decc6de4ab7b0fc0335742d6","signature_hex":"729ca3986288de4f61a6d117ec6e6bd8534ab849599fb88aa7f856a17fac117679665c8547a184eecf5e848bdb442c8f7fa82569dbf4db3972263cfb76ad0f0f","public_key_hex":"c2f8243b0d573587f285c830a868acd19249d17d59ecbf9329e796dfed6fb630"}
{"seq":40,"ts":1781819100000,"agent_id":"rl-qlearn","symbol":"ETHUSDT","side":"buy","price":1706.1317201123998,"quantity":1.1722424338187911,"notional_usd":2000.0,"fee_usd":1.2,"balance_before_usd":9936.820618663449,"balance_after_usd":9935.020758633455,"decision":"ALLOW_CAPPED","cert_hash":"fe5f0ee22c1a1405a3ae96a21f21f9b905f29e5167c66e8fca6bc42469bcb488","prev_hash":"7e647296881a4705c6a05dbe2128c317e1af1fd1decc6de4ab7b0fc0335742d6","record_hash":"861880484173894cc350bb5689048fe3f3e53b3e68ff44944b83cfdc870c5e07","signature_hex":"b3baa58ce543f5cfef9025d1eddb57bad091725aee32b02e9df9ea2081ccecb8e165a148dd8d703bd57793ef8f3d1a5fe4f59a0d291fa350f20ff7844ae26306","public_key_hex":"c2f8243b0d573587f285c830a868acd19249d17d59ecbf9329e796dfed6fb630"}
{"seq":41,"ts":1781819160000,"agent_id":"rl-qlearn","symbol":"ETHUSDT","side":"buy","price":1706.834501747378,"quantity":0.5712801055121383,"notional_usd":975.08059425,"fee_usd":0.58504835655,"balance_before_usd":9934.569335077886,"balance_after_usd":9933.741777318304,"decision":"ALLOW","cert_hash":"1252f0a6071d20e731cc669cd364ad72c1f44a6509df851e44dd61dfbf628228","prev_hash":"861880484173894cc350bb5689048fe3f3e53b3e68ff44944b83cfdc870c5e07","record_hash":"2ee6efc90cc98f9bb3424227529a4393a42a368b9795a416c8e20648b57688f7","signature_hex":"6aaaa8dbdda526d8d917facfda2b2a566bee4434319a483965e754162ed92c85849a134fe3820213293aa42310e7f8392f4d7bc244fb9df0c80ede3294ba6207","public_key_hex":"c2f8243b0d573587f285c830a868acd19249d17d59ecbf9329e796dfed6fb630"}
{"seq":42,"ts":1781820660000,"agent_id":"rl-qlearn","symbol":"ETHUSDT","side":"buy","price":1706.1417231126,"quantity":1.1722355610361017,"notional_usd":2000.0,"fee_usd":1.2,"balance_before_usd":9933.741888169352,"balance_after_usd":9931.942028139358,"decision":"ALLOW_CAPPED","cert_hash":"f8474eb4e4fc0747db922b2ebbc4f135ee8f304003415d364820fcc1c73f040f","prev_hash":"2ee6efc90cc98f9bb3424227529a4393a42a368b9795a416c8e20648b57688f7","record_hash":"c5728aebc2a8954d19713d3f3ef793f5f0b7f43b36c60747bfba9176eede5caf","signature_hex":"88701dee69838925dd68eb3f9ed10ccc65bd949680154f9dec10a1212e92578063f21a6bc06ab78dd7940a99e57c752fb4ac70c710f961b7f188536135bd6a06","public_key_hex":"c2f8243b0d573587f285c830a868acd19249d17d59ecbf9329e796dfed6fb630"}
{"seq":43,"ts":1781820720000,"agent_id":"rl-qlearn","symbol":"ETHUSDT","side":"sell","price":1705.8081409854037,"quantity":1.1724451524393993,"notional_usd":1999.96648589,"fee_usd":1.199979891534,"balance_before_usd":9932.750772615931,"balance_after_usd":9930.950666104001,"decision":"ALLOW","cert_hash":"62dd597b5d235024673c77ab86f008108b7d7f86269845969a2490ab27158c89","prev_hash":"c5728aebc2a8954d19713d3f3ef793f5f0b7f43b36c60747bfba9176eede5caf","record_hash":"5cd037d629abec918f426bad154581edf0703ce9655c5dd2b54b44da88e86158","signature_hex":"014238b86640f32344f20e5603636219f20483fb41b47abbd9dd557b152baadb7baa1b656b5b0581e606522622efd30d8ad8afeebdee1214b2c409d96f7b0c0b","public_key_hex":"c2f8243b0d573587f285c830a868acd19249d17d59ecbf9329e796dfed6fb630"}
{"seq":44,"ts":1781820840000,"agent_id":"rl-qlearn","symbol":"ETHUSDT","side":"sell","price":1705.5182251206,"quantity":1.1726641032279657,"notional_usd":2000.0,"fee_usd":1.2,"balance_before_usd":9930.95076809936,"balance_after_usd":9929.150628069352,"decision":"ALLOW_CAPPED","cert_hash":"ec4dad2e9b61cb7447ee128b39d63b85f0a44f0606008e38fe46397d160c629b","prev_hash":"5cd037d629abec918f426bad154581edf0703ce9655c5dd2b54b44da88e86158","record_hash":"2f80b844fda7039d2c5ff68f5abac23dd77692d56497e22e5e4dd1be1642233b","signature_hex":"6bc2547c0c0ee0af1da6c1a3511428f835230f4dd042ea9a2ff61f42e56fb4cc008181af737ef5930b1bd44042302b1a524f9a4d2fc6d81b854d814efe80b100","public_key_hex":"c2f8243b0d573587f285c830a868acd19249d17d59ecbf9329e796dfed6fb630"}
{"seq":45,"ts":1781820900000,"agent_id":"rl-qlearn","symbol":"ETHUSDT","side":"buy","price":1706.9319601284,"quantity":1.1716928657481782,"notional_usd":2000.0,"fee_usd":1.2,"balance_before_usd":9928.693151902922,"balance_after_usd":9926.893291872928,"decision":"ALLOW_CAPPED","cert_hash":"eefff0f17858a43655a07108b80490f1dc80a137fe2ec38bf44361abd3c24fdf","prev_hash":"2f80b844fda7039d2c5ff68f5abac23dd77692d56497e22e5e4dd1be1642233b","record_hash":"efe5d620e6f9512c336f6009199f1cec8555a2ce5f9e11f36dace7b1f1f1307f","signature_hex":"d4ce296611d37c1642799079410194cb3ba8c03fadd5785845cf8f44591c069d7e0e46554fc3d6ced1b8d57f57f01c2f015c34f5288a6b10e8e7d820c30c2d02","public_key_hex":"c2f8243b0d573587f285c830a868acd19249d17d59ecbf9329e796dfed6fb630"}
{"seq":46,"ts":1781821020000,"agent_id":"rl-qlearn","symbol":"ETHUSDT","side":"buy","price":1704.4512160788,"quantity":1.1733982064920163,"notional_usd":2000.0,"fee_usd":1.2,"balance_before_usd":9926.896572778041,"balance_after_usd":9925.096712748047,"decision":"ALLOW_CAPPED","cert_hash":"876d685d903448b65c13cdf39395866b9b8fc2cd32ba76d1954c098abcb92c67","prev_hash":"efe5d620e6f9512c336f6009199f1cec8555a2ce5f9e11f36dace7b1f1f1307f","record_hash":"3ac67396a8a5765481b7e12c9e3adf82351852b8317dc9a770edd3c70c031ed4","signature_hex":"ad98c77328d4ee63bf50bf4de46d85d82cc568c39c73879134f7890409485956c4bc96df74061b44eb8b47c84daac1715ef61415f56165714b4b19787b964106","public_key_hex":"c2f8243b0d573587f285c830a868acd19249d17d59ecbf9329e796dfed6fb630"}
{"seq":47,"ts":1781821080000,"agent_id":"rl-qlearn","symbol":"ETHUSDT","side":"sell","price":1702.3091880564,"quantity":1.1748747019825971,"notional_usd":2000.0,"fee_usd":1.2,"balance_before_usd":9923.78398845586,"balance_after_usd":9921.983848425853,"decision":"ALLOW_CAPPED","cert_hash":"c995d7c27f2f0cafcb49a22ba7434da2e9197a0bdd6c3a9fe265a18229d4f68b","prev_hash":"3ac67396a8a5765481b7e12c9e3adf82351852b8317dc9a770edd3c70c031ed4","record_hash":"d34200578afdbb87eec2ee89bf0284154b95d808eaa6927b1bddcf3aff716299","signature_hex":"05b026693041a42c9feb7d19cda331c9101789386c4ea87cfd7540714a9ae0bc4a2e207b66d9784cf278569897bc3232837453827eccb0211c586cfe56cf3903","public_key_hex":"c2f8243b0d573587f285c830a868acd19249d17d59ecbf9329e796dfed6fb630"}
{"seq":48,"ts":1781821320000,"agent_id":"rl-qlearn","symbol":"ETHUSDT","side":"buy","price":1703.0007810498,"quantity":1.1743975823470365,"notional_usd":2000.0,"fee_usd":1.2,"balance_before_usd":9921.984772241416,"balance_after_usd":9920.184912211422,"decision":"ALLOW_CAPPED","cert_hash":"3b866f9b02386641b4b128a7acb131faa9b83564e15b3889017b9e191182572e","prev_hash":"d34200578afdbb87eec2ee89bf0284154b95d808eaa6927b1bddcf3aff716299","record_hash":"f1c67c17c0c79bb6adb3f476ba57fd51eb25782e71cc491d1dfae7f73a41367b","signature_hex":"da5acdb72608b4c7efba25762cc10de9c1a79ccc0da7c6689a376982a14c706c9a83debc0cad35fa2f428a6a47ab2ff2bfe4679ad3a79f0dab6deecf91a96f03","public_key_hex":"c2f8243b0d573587f285c830a868acd19249d17d59ecbf9329e796dfed6fb630"}
{"seq":49,"ts":1781821380000,"agent_id":"rl-qlearn","symbol":"ETHUSDT","side":"sell","price":1702.4095720047983,"quantity":1.1719494177540823,"notional_usd":1995.13790669,"fee_usd":1.197082744014,"balance_before_usd":9920.688699412158,"balance_after_usd":9918.893420876362,"decision":"ALLOW","cert_hash":"cd431a6b87b0e8751d58f304a186aaf79b0327de9fdb1cc22a03ecabb0a2423b","prev_hash":"f1c67c17c0c79bb6adb3f476ba57fd51eb25782e71cc491d1dfae7f73a41367b","record_hash":"28cbcb1543bf0bcf06198cdb3856862edf84287a6185de24cf9f3cb6836b1abe","signature_hex":"c2239c0147cb86875b6379efdf1c6dc7286b356c009db2f86bc73db94c94223344c643680be61fa891eacf174935a98c94a797bd634775cc18752287960e840b","public_key_hex":"c2f8243b0d573587f285c830a868acd19249d17d59ecbf9329e796dfed6fb630"}
{"seq":50,"ts":1781823360000,"agent_id":"rl-qlearn","symbol":"ETHUSDT","side":"buy","price":1706.7018911238,"quantity":1.1718508137839316,"notional_usd":2000.0,"fee_usd":1.2,"balance_before_usd":9918.89227220218,"balance_after_usd":9917.092412172187,"decision":"ALLOW_CAPPED","cert_hash":"06542fcc1d2e39a46e0e17d41d9b2cfe12a95012266b3217afa9255dd4e4f82b","prev_hash":"28cbcb1543bf0bcf06198cdb3856862edf84287a6185de24cf9f3cb6836b1abe","record_hash":"fca74c4181d6cf9446af3fecdfa95c0ceb86e1106c3caa93dee47a9334d62943","signature_hex":"93f2a2d331ffb6e0cc4976d8eab238659ecad5cede59ba72b37ce56b50c8847a2cc1d7730aa5b649d2ae565cb82d2bd410d1095709ff825a605ec16277c7670b","public_key_hex":"c2f8243b0d573587f285c830a868acd19249d17d59ecbf9329e796dfed6fb630"}
{"seq":51,"ts":1781823420000,"agent_id":"rl-qlearn","symbol":"ETHUSDT","side":"buy","price":1706.6318701223997,"quantity":1.1718988933779608,"notional_usd":2000.0,"fee_usd":1.2,"balance_before_usd":9917.010407204578,"balance_after_usd":9915.210547174584,"decision":"ALLOW_CAPPED","cert_hash":"03d8a090666271aac79309818eb60349572b8faa36816f49a327b2f2728bf38a","prev_hash":"fca74c4181d6cf9446af3fecdfa95c0ceb86e1106c3caa93dee47a9334d62943","record_hash":"9b56b7efbf089dd07e3306563839890ae31eec8adafdf5c8ede3363b80153092","signature_hex":"f73b39dd23af541f8b3bcf598ff03167aaee7845f4536ba4d59fa23d1696a92e7ea3a5083a77ec6fd4bbd604409852bf1eb454b45ba0b6ea16b4667da69e3808","public_key_hex":"c2f8243b0d573587f285c830a868acd19249d17d59ecbf9329e796dfed6fb630"}
{"seq":52,"ts":1781823480000,"agent_id":"rl-qlearn","symbol":"ETHUSDT","side":"sell","price":1705.5682101216,"quantity":1.1726297360205888,"notional_usd":2000.0,"fee_usd":1.2,"balance_before_usd":9915.116811237358,"balance_after_usd":9913.316671207353,"decision":"ALLOW_CAPPED","cert_hash":"05e917a9641469023ca560afc83e091bdfc9e0ce32bf46fe81683548eedfb9f3","prev_hash":"9b56b7efbf089dd07e3306563839890ae31eec8adafdf5c8ede3363b80153092","record_hash":"9cd2471a87ffcae6a7a260c158f0ee595c74fc805727acfa67d6663a8d7c76c1","signature_hex":"9f412d3ed09e23db187c1d5236a52feb0f604ca5d8d33baee5912c10650bf257477c732bfddefecdfea18c1eb5c9051a1cb42f1f993f79bd7ae96a2081d2c207","public_key_hex":"c2f8243b0d573587f285c830a868acd19249d17d59ecbf9329e796dfed6fb630"}
{"seq":53,"ts":1781823540000,"agent_id":"rl-qlearn","symbol":"ETHUSDT","side":"sell","price":1705.3485176867057,"quantity":1.171119841320849,"notional_usd":1997.16748543,"fee_usd":1.198300491258,"balance_before_usd":9913.059102094532,"balance_after_usd":9911.261794517692,"decision":"ALLOW","cert_hash":"de9bdad3ac1fa93454079b91dbb2f42675f472a82c21ae91f473ee7130f4122b","prev_hash":"9cd2471a87ffcae6a7a260c158f0ee595c74fc805727acfa67d6663a8d7c76c1","record_hash":"6099412225043ba574d19268d187a6bb0e0bc9990304ce32138dd8f21a422f48","signature_hex":"73931bdfcc62e6102edba7058b1bf51c9f3036f64e212bb8417ab599042c78c04c5fac8346c1b1b0b3d8e31dabe2ec7e628eef10154bc525b7b276aaa984ce00","public_key_hex":"c2f8243b0d573587f285c830a868acd19249d17d59ecbf9329e796dfed6fb630"}
{"seq":54,"ts":1781824140000,"agent_id":"rl-qlearn","symbol":"ETHUSDT","side":"buy","price":1704.3211770761998,"quantity":1.173487736291022,"notional_usd":2000.0,"fee_usd":1.2,"balance_before_usd":9911.262514368402,"balance_after_usd":9909.462654338407,"decision":"ALLOW_CAPPED","cert_hash":"5e5b9930badff8ae621ecebec7e0be83af78e10914972687d5224dbb344d8538","prev_hash":"6099412225043ba574d19268d187a6bb0e0bc9990304ce32138dd8f21a422f48","record_hash":"ba5788f41ebf67f0f6f99c2f000bba1ae07b520cd714fbaeb0096414e8430b27","signature_hex":"d34e7f41c4ea072f9d85e7214ced9b6c70371811005030f9fc358d1635b241f171e5cf2068970893488a79ab6e6fdc56859f31a9dfb62f7f4d578472df112407","public_key_hex":"c2f8243b0d573587f285c830a868acd19249d17d59ecbf9329e796dfed6fb630"}
{"seq":55,"ts":1781824200000,"agent_id":"rl-qlearn","symbol":"ETHUSDT","side":"sell","price":1702.5492929914146,"quantity":1.1734884907676355,"notional_usd":1997.92200029,"fee_usd":1.198753200174,"balance_before_usd":9908.582801896206,"balance_after_usd":9906.7847398993,"decision":"ALLOW","cert_hash":"ef6ab0784cea33b827d8e8f65c02c5e21d3b14957f566a91c7b4d9332cef7913","prev_hash":"ba5788f41ebf67f0f6f99c2f000bba1ae07b520cd714fbaeb0096414e8430b27","record_hash":"fa2882d53ce16c0de3400e1f93ba38e76d87f61cdc9d4c99a74e14cdcb9d9c66","signature_hex":"df284e7b8508bde88b8d3d21de8638c9ef39d3b839ccff30fa8ea0038cad892c357da5baeb2b4ed038b29ca3145af52ba1e6b9e59f277fe8305a7481fe24b801","public_key_hex":"c2f8243b0d573587f285c830a868acd19249d17d59ecbf9329e796dfed6fb630"}
{"seq":56,"ts":1781824380000,"agent_id":"rl-qlearn","symbol":"ETHUSDT","side":"buy","price":1703.5709520612,"quantity":1.1740045212558607,"notional_usd":2000.0,"fee_usd":1.2,"balance_before_usd":9906.7847398993,"balance_after_usd":9904.984879869307,"decision":"ALLOW_CAPPED","cert_hash":"9c4f3d969e00f780f50e2c33108427ac21553734e02b344d905c8e1fb28b4b42","prev_hash":"fa2882d53ce16c0de3400e1f93ba38e76d87f61cdc9d4c99a74e14cdcb9d9c66","record_hash":"5044fecb7f0daca7f03be7f5c15840607b9d3e7b37aa9b8d1e54294b1e46b1c5","signature_hex":"84d8cc240f611dbdd61b4c27702228eed41b3a36512d2092557495baa5764c4b96ee6e0427c0294fd3032327eae37a3e2712daa198f478d72f5d86e4a23c9c0f","public_key_hex":"c2f8243b0d573587f285c830a868acd19249d17d59ecbf9329e796dfed6fb630"}
{"seq":57,"ts":1781824440000,"agent_id":"rl-qlearn","symbol":"ETHUSDT","side":"sell","price":1701.689374044,"quantity":1.1753026319057727,"notional_usd":2000.0,"fee_usd":1.2,"balance_before_usd":9903.975538616029,"balance_after_usd":9902.175398586021,"decision":"ALLOW_CAPPED","cert_hash":"8dcc43c82294cf3d750c9e6ac8453236ef2038ae45bd199a23c2646b60749dd5","prev_hash":"5044fecb7f0daca7f03be7f5c15840607b9d3e7b37aa9b8d1e54294b1e46b1c5","record_hash":"ab93aea2d71d876cc65eab5f6d1b6cc56e4eb1b91a6f6220829fe0c777066a9e","signature_hex":"2635d6e3f3a6be8c973f2ef93327bfb80ab75b611642d791ac039ec28e288963818568c5eb97c77e2dacdbd06913507a96e94cd551d258c6b6db4012b8867b0d","public_key_hex":"c2f8243b0d573587f285c830a868acd19249d17d59ecbf9329e796dfed6fb630"}
{"seq":58,"ts":1781824920000,"agent_id":"rl-qlearn","symbol":"ETHUSDT","side":"buy","price":1706.3817951173999,"quantity":1.1720706384249717,"notional_usd":2000.0,"fee_usd":1.2,"balance_before_usd":9902.169343042664,"balance_after_usd":9900.369483012671,"decision":"ALLOW_CAPPED","cert_hash":"000e72449d13e956f29039b3e2e512e2d8beb236f16cf836deaaeb6e9b5c0a09","prev_hash":"ab93aea2d71d876cc65eab5f6d1b6cc56e4eb1b91a6f6220829fe0c777066a9e","record_hash":"f5c304ed6b1929192a92758604a932529a4a595ccf9fadb6f85d2f19774911e2","signature_hex":"f604ef971ce025584c625e642abae8534a46226e3deb63659895747e44a885bbd85a56df56517058a5ee33c3c12dece34791ee8967309c605569409e0e75dd00","public_key_hex":"c2f8243b0d573587f285c830a868acd19249d17d59ecbf9329e796dfed6fb630"}
{"seq":59,"ts":1781824980000,"agent_id":"rl-qlearn","symbol":"ETHUSDT","side":"sell","price":1706.3981486515233,"quantity":1.170771706092601,"notional_usd":1997.80267177,"fee_usd":1.198681603062,"balance_before_usd":9901.586720464347,"balance_after_usd":9899.788777784763,"decision":"ALLOW","cert_hash":"42f1928cc2f355a3824d83e5433d1a903a381567e22cd449a6fd6d5e2f958d95","prev_hash":"f5c304ed6b1929192a92758604a932529a4a595ccf9fadb6f85d2f19774911e2","record_hash":"a713f4232e5d53e60b755e23d3656c3b2149c91a0cd772291439201540110d56","signature_hex":"564b7b29e5b6f1924861bf9a73e4b7959ae141eef4167bf3936be75b124d3c0b98fece23e5bc382cf32d5e094fb8d6e8c7d827b2392eee635255906782f4930e","public_key_hex":"c2f8243b0d573587f285c830a868acd19249d17d59ecbf9329e796dfed6fb630"}
{"seq":60,"ts":1781825580000,"agent_id":"rl-qlearn","symbol":"ETHUSDT","side":"sell","price":1709.1171451926002,"quantity":1.1701948024016928,"notional_usd":2000.0,"fee_usd":1.2,"balance_before_usd":9899.787822848573,"balance_after_usd":9897.987682818566,"decision":"ALLOW_CAPPED","cert_hash":"ccbec68c658e95e1dbbf0f04b63677e04d2dca77bb4e2d1de787db9caccffbba","prev_hash":"a713f4232e5d53e60b755e23d3656c3b2149c91a0cd772291439201540110d56","record_hash":"c491f30b872056f0686d04b36f9f24f66020669db7d37fcda70c83430c824980","signature_hex":"fb5e3da921f76a41a2eb0c67efbf2d1fbdf3e38dd21a0c481774ee184feee37798135540274df54231a1493ebce393a51c821161e0b7898736c4ea89aff5440e","public_key_hex":"c2f8243b0d573587f285c830a868acd19249d17d59ecbf9329e796dfed6fb630"}
{"seq":61,"ts":1781825640000,"agent_id":"rl-qlearn","symbol":"ETHUSDT","side":"buy","price":1709.6227671821998,"quantity":1.1698487165659357,"notional_usd":2000.0,"fee_usd":1.2,"balance_before_usd":9898.596366677146,"balance_after_usd":9896.796506647152,"decision":"ALLOW_CAPPED","cert_hash":"897368a50453db22325fe9e9c4434958d7f4dd8be9476ac763161b47eb19a5b0","prev_hash":"c491f30b872056f0686d04b36f9f24f66020669db7d37fcda70c83430c824980","record_hash":"4a167cdeb7e2446c774e7a3e9585e0112f4f9b8376688023a77827f9b6158a0e","signature_hex":"5327d3a734350878b16f60fb5af853b0e212e0bbe5f9fdb410573826510521c3dcdf662e4cad55494f1590f043879e5bf9cd36a2d8106e547efd713edac60e09","public_key_hex":"c2f8243b0d573587f285c830a868acd19249d17d59ecbf9329e796dfed6fb630"}
{"seq":62,"ts":1781825700000,"agent_id":"rl-qlearn","symbol":"ETHUSDT","side":"sell","price":1708.4473461792,"quantity":1.1706535788023162,"notional_usd":2000.0,"fee_usd":1.2,"balance_before_usd":9896.796611221947,"balance_after_usd":9894.996471191942,"decision":"ALLOW_CAPPED","cert_hash":"831ca7d28fd54cf63c575e51c6fa4dcc9794bd00d0db74f50ce58f734f7c6371","prev_hash":"4a167cdeb7e2446c774e7a3e9585e0112f4f9b8376688023a77827f9b6158a0e","record_hash":"f70f362562f3fb5c535fce1ecfb0a8f66fafe16a9099adc4f26d684de81f0eb6","signature_hex":"1c384851c865bf50841feab43b67d7385e43def248ade602cc11209f99ffc7aaa9263334f135ee2021489d52e3b309560793cce4fca16ef66605fc93a879fc0c","public_key_hex":"c2f8243b0d573587f285c830a868acd19249d17d59ecbf9329e796dfed6fb630"}
{"seq":63,"ts":1781825760000,"agent_id":"rl-qlearn","symbol":"ETHUSDT","side":"buy","price":1709.5527461807999,"quantity":1.169896632009787,"notional_usd":2000.0,"fee_usd":1.2,"balance_before_usd":9894.902763132412,"balance_after_usd":9893.102903102417,"decision":"ALLOW_CAPPED","cert_hash":"4822546a95df65f39d440c898598fb4ec4e4321061ca57d47639d4debd4b363f","prev_hash":"f70f362562f3fb5c535fce1ecfb0a8f66fafe16a9099adc4f26d684de81f0eb6","record_hash":"4cbf819719e7059131aa71828d1bac227f496b1ae1ae17d3c03b6f8cfb2e1f05","signature_hex":"511c318791347931acca86d0f07a38d7ccde70cdfe7a3a2e6f4ba9e11459bc5e9807718cbd693846434175313af481b53f3e05678eb251919a74ee5a2f89ca02","public_key_hex":"c2f8243b0d573587f285c830a868acd19249d17d59ecbf9329e796dfed6fb630"}
{"seq":64,"ts":1781825820000,"agent_id":"rl-qlearn","symbol":"ETHUSDT","side":"buy","price":1709.5227371802,"quantity":1.1699171684015928,"notional_usd":2000.0,"fee_usd":1.2,"balance_before_usd":9893.102946725781,"balance_after_usd":9891.303086695787,"decision":"ALLOW_CAPPED","cert_hash":"c0cd1f2e9f060d695edf369b75bc2e32ca52c760c508c3748e9bec98e54ea49a","prev_hash":"4cbf819719e7059131aa71828d1bac227f496b1ae1ae17d3c03b6f8cfb2e1f05","record_hash":"307a85d02d09d9d085d3b2cef7face5856e40684522432a69f7c11819f9d42b8","signature_hex":"e91e6bcbfb63b47ff0ffc69cc9a446d25efbed2a4377e93fda89ea2274c3602ab4c41ac90b684909de3f7bb3d3806196ab72415a8541fba1d5f58e633441f10c","public_key_hex":"c2f8243b0d573587f285c830a868acd19249d17d59ecbf9329e796dfed6fb630"}
{"seq":65,"ts":1781825880000,"agent_id":"rl-qlearn","symbol":"ETHUSDT","side":"buy","price":1709.6327701824,"quantity":1.16984187182293,"notional_usd":2000.0,"fee_usd":1.2,"balance_before_usd":9891.431617631979,"balance_after_usd":9889.631757601985,"decision":"ALLOW_CAPPED","cert_hash":"65099817010854f3e3fb1b133c08579d4e6d593f820aadbbe2603a93b89bfcf6","prev_hash":"307a85d02d09d9d085d3b2cef7face5856e40684522432a69f7c11819f9d42b8","record_hash":"94561ef6ece0ee83bda82779fc02d5504615c9d3a663c34a9d522f46c9b24654","signature_hex":"67eacd74e78debd2d525ba701aea9c4e7e88f6dd1289f6c88e3b627bd6101aa2c4360ac25ae92b30deafbb52571fd1dee24e5bd8e885520acbfa5ff016d9b900","public_key_hex":"c2f8243b0d573587f285c830a868acd19249d17d59ecbf9329e796dfed6fb630"}
{"seq":66,"ts":1781825940000,"agent_id":"rl-qlearn","symbol":"ETHUSDT","side":"buy","price":1710.2830024139814,"quantity":0.5540059662071364,"notional_usd":947.50698724,"fee_usd":0.568504192344,"balance_before_usd":9891.36210324879,"balance_after_usd":9890.55925319538,"decision":"ALLOW","cert_hash":"a61666753c3a6e3e6461e06738005e9e5ee9f2ed7e23b18b3c493aacfaaa9298","prev_hash":"94561ef6ece0ee83bda82779fc02d5504615c9d3a663c34a9d522f46c9b24654","record_hash":"5b16cd24b3b7acfb560038ebcab5e045dbb1677b36b64637ce572fef29d3d98e","signature_hex":"0c32bc894a35fcb7275b55a1105788b818f6202320fe17d7268b37d98e84f0f884fc28c1202796a04767884f5e700d461091b5cb13316cfed284e66eff00f507","public_key_hex":"c2f8243b0d573587f285c830a868acd19249d17d59ecbf9329e796dfed6fb630"}
{"seq":67,"ts":1781826180000,"agent_id":"rl-qlearn","symbol":"ETHUSDT","side":"sell","price":1708.5673101815999,"quantity":1.1705713834519194,"notional_usd":2000.0,"fee_usd":1.2,"balance_before_usd":9888.303250697809,"balance_after_usd":9886.503110667803,"decision":"ALLOW_CAPPED","cert_hash":"745716468b99f0f8bac1ce12caebe7583f6a15669021e5e03a7e8b89df84c70b","prev_hash":"5b16cd24b3b7acfb560038ebcab5e045dbb1677b36b64637ce572fef29d3d98e","record_hash":"1011b4050ce7546d8c4234701d659615a8b9cfdfbc76eaad983173362f351d7c","signature_hex":"5a9a2db250cc866b514c248c8507ac8ede604b8a646549b43ebd9b5f9c79d6e5f01ca90cd646ad7034c2671e55948cd15d910884b6bfdd8b0dfb7756ead4f80b","public_key_hex":"c2f8243b0d573587f285c830a868acd19249d17d59ecbf9329e796dfed6fb630"}
{"seq":68,"ts":1781826240000,"agent_id":"rl-qlearn","symbol":"ETHUSDT","side":"buy","price":1709.2926681755998,"quantity":1.1700746380283047,"notional_usd":2000.0,"fee_usd":1.2,"balance_before_usd":9885.986588814543,"balance_after_usd":9884.186728784549,"decision":"ALLOW_CAPPED","cert_hash":"04d771955c6b192a5c44c00298a3c47e3cdb1779e8663d3a0674dc8fc675ebc4","prev_hash":"1011b4050ce7546d8c4234701d659615a8b9cfdfbc76eaad983173362f351d7c","record_hash":"a7a2c2b02f64559fcbcff71760d96fa9e9ac3398ed3db6b1daba9d1b7944d4e0","signature_hex":"609ca8a079b50047a7780717ce6986f9a7ef5a6e3e8c6a431cfdd66debb8b0d24e9600b962a862ce486650b01352abbe19efe50763d91fd4a3e423b9907d6405","public_key_hex":"c2f8243b0d573587f285c830a868acd19249d17d59ecbf9329e796dfed6fb630"}
{"seq":69,"ts":1781826480000,"agent_id":"rl-qlearn","symbol":"ETHUSDT","side":"sell","price":1707.1677301536001,"quantity":1.1715310479890881,"notional_usd":2000.0,"fee_usd":1.2,"balance_before_usd":9881.005733220762,"balance_after_usd":9879.205593190756,"decision":"ALLOW_CAPPED","cert_hash":"65e470acedb33360af57cb3279685eeaef99ceed069ac03b3a96a4861da7e7c7","prev_hash":"a7a2c2b02f64559fcbcff71760d96fa9e9ac3398ed3db6b1daba9d1b7944d4e0","record_hash":"01f327afd88567a48791ecf1b5951c40142a45bdd8962fa0c4132b52caa78c10","signature_hex":"194a4f24bfbf2d1edd2fc904dc81d0d65d490de7c6b52ade571b4c2d21b4d5321abdc15f6edba311d2fad4615a72791e3fe641d805c767d344993e26cfbd2a05","public_key_hex":"c2f8243b0d573587f285c830a868acd19249d17d59ecbf9329e796dfed6fb630"}
{"seq":70,"ts":1781826540000,"agent_id":"rl-qlearn","symbol":"ETHUSDT","side":"sell","price":1708.8672201876002,"quantity":1.1703659455650621,"notional_usd":2000.0,"fee_usd":1.2,"balance_before_usd":9882.1300744623,"balance_after_usd":9880.329934432293,"decision":"ALLOW_CAPPED","cert_hash":"8590c1ae3678f89dee0e2609c54a0a3fd69fa5ba14cd5b32d8f48669416642fb","prev_hash":"01f327afd88567a48791ecf1b5951c40142a45bdd8962fa0c4132b52caa78c10","record_hash":"da5094042fe8ba06d29db9e30b3297c45170b40b62fce3c37868fc03e9403622","signature_hex":"c500c5b994e3f8e181e2053c1fc97a74256828c9d45aa2f942437b7bf2845e1a324ff826af9c1cf6e416c6514bcafe115837a13b37611ba0a7e411417057f508","public_key_hex":"c2f8243b0d573587f285c830a868acd19249d17d59ecbf9329e796dfed6fb630"}
{"seq":71,"ts":1781826600000,"agent_id":"rl-qlearn","symbol":"ETHUSDT","side":"sell","price":1709.727580399284,"quantity":0.5500530224764653,"notional_usd":940.44082321,"fee_usd":0.564264493926,"balance_before_usd":9880.753370641909,"balance_after_usd":9879.956752969856,"decision":"ALLOW","cert_hash":"5191ce995fd051e56c33e5c075ee6a1a9d7390f19f286cd445cfe8eb87d67b34","prev_hash":"da5094042fe8ba06d29db9e30b3297c45170b40b62fce3c37868fc03e9403622","record_hash":"a0f18098a780c2fb2dad6edc9e88a6aaa49a2edacbda599d96aedfc5e4356dd1","signature_hex":"15a33d62e2df1738cd6be20c28d571ed2b22f7eb07aef1cd7d100a075009b399e1619d7aa4f5520a70815d94a37545a8808aa7e9484c00ad974ce18bad013f0f","public_key_hex":"c2f8243b0d573587f285c830a868acd19249d17d59ecbf9329e796dfed6fb630"}
{"seq":72,"ts":1781826900000,"agent_id":"rl-qlearn","symbol":"ETHUSDT","side":"sell","price":1710.7066682244001,"quantity":1.1691075022673918,"notional_usd":2000.0,"fee_usd":1.2,"balance_before_usd":9879.956607592023,"balance_after_usd":9878.156467562017,"decision":"ALLOW_CAPPED","cert_hash":"70a3c4a8b3d097b718c70dabd56465b6f14baa6d836612248cda0869b8bec279","prev_hash":"a0f18098a780c2fb2dad6edc9e88a6aaa49a2edacbda599d96aedfc5e4356dd1","record_hash":"acaf3e62adc55f2a7a35098e2548830bfd2c7cfad21623754e139441bf458838","signature_hex":"e82c34c12a1459e4647e8605febb15366b6e147d75a6c29e6d508110f5d096c1cbabe34d6c314ce261abf3316bbce683010a771477cd595448c0e5ea21059501","public_key_hex":"c2f8243b0d573587f285c830a868acd19249d17d59ecbf9329e796dfed6fb630"}
{"seq":73,"ts":1781826960000,"agent_id":"rl-qlearn","symbol":"ETHUSDT","side":"sell","price":1709.6169952026003,"quantity":1.1698526661891235,"notional_usd":2000.0,"fee_usd":1.2,"balance_before_usd":9879.430942834662,"balance_after_usd":9877.630802804655,"decision":"ALLOW_CAPPED","cert_hash":"da94e426f364f7549e3c87161a6c987dc20d3e536f20411bebc6a21249a92d5d","prev_hash":"acaf3e62adc55f2a7a35098e2548830bfd2c7cfad21623754e139441bf458838","record_hash":"ac716497eb29f18095c98eaddfbe8d1b5e05f975e98ba67111cfb35a6dcdaa9f","signature_hex":"816e9f6356c2eb59f06d7f86a088243167e5935ae745da034503e56e3a0a640bf3e6f80443183e3fedd72bf576eab04b8b527290bee1405dea8cf43c77eaa10c","public_key_hex":"c2f8243b0d573587f285c830a868acd19249d17d59ecbf9329e796dfed6fb630"}
{"seq":74,"ts":1781827020000,"agent_id":"rl-qlearn","symbol":"ETHUSDT","side":"buy","price":1711.4533162188,"quantity":1.1685974610272751,"notional_usd":2000.0,"fee_usd":1.2,"balance_before_usd":9875.736135015828,"balance_after_usd":9873.936274985834,"decision":"ALLOW_CAPPED","cert_hash":"8232e5da3d904a32e1c0397b2f0cbb1985b62a23e247a22ff5c5b5da51d8ab4a","prev_hash":"ac716497eb29f18095c98eaddfbe8d1b5e05f975e98ba67111cfb35a6dcdaa9f","record_hash":"fe73a24320587b4597e3867b43593bc534a88a29a184f505e0802f3907abe749","signature_hex":"b613bc198580eee66a81a70371781946dbbd9e93073b045ef61e641d294c01316bcc789349390051c68c08374b2f236ffea05357b0d955166990ddcb07299500","public_key_hex":"c2f8243b0d573587f285c830a868acd19249d17d59ecbf9329e796dfed6fb630"}
{"seq":75,"ts":1781827080000,"agent_id":"rl-qlearn","symbol":"ETHUSDT","side":"buy","price":1710.7230972041998,"quantity":1.1690962747089577,"notional_usd":2000.0,"fee_usd":1.2,"balance_before_usd":9874.790738945265,"balance_after_usd":9872.99087891527,"decision":"ALLOW_CAPPED","cert_hash":"587474d2cb1519c434d536ce01ed93ce991968dd23ba386ab2757de052a3f9e0","prev_hash":"fe73a24320587b4597e3867b43593bc534a88a29a184f505e0802f3907abe749","record_hash":"4f90f65220e52d564aa8170a71b03e86f717c92f67563c11d6f11bbdb29d8dc9","signature_hex":"cfa01f14588622203c3415a580dd3201b902041892e32382bb096ed6b22f4a11206db3f09b0df3ee52061da9bfba47c374791969500d10f2d7ba413b116e2a0f","public_key_hex":"c2f8243b0d573587f285c830a868acd19249d17d59ecbf9329e796dfed6fb630"}
{"seq":76,"ts":1781827140000,"agent_id":"rl-qlearn","symbol":"ETHUSDT","side":"buy","price":1710.6030612017998,"quantity":1.1691783122350323,"notional_usd":2000.0,"fee_usd":1.2,"balance_before_usd":9872.991047191252,"balance_after_usd":9871.19118716126,"decision":"ALLOW_CAPPED","cert_hash":"c884d6364c1a55ba420bbac28553864a47242df94e35120aa0599002f170fdf9","prev_hash":"4f90f65220e52d564aa8170a71b03e86f717c92f67563c11d6f11bbdb29d8dc9","record_hash":"4f43e1fdd5b0dd796451bd39cbe8d4a880ee56900d7f7ac624f1a3b0fddf9c96","signature_hex":"007584e89933f8c62e743e8ec7cb235f254a38864890031cf6cb05e99817f586518c9ad26ccbe5fef78592c2e7d67b17034d55868bc5f324fd5f877d72ad1504","public_key_hex":"c2f8243b0d573587f285c830a868acd19249d17d59ecbf9329e796dfed6fb630"}
{"seq":77,"ts":1781827200000,"agent_id":"rl-qlearn","symbol":"ETHUSDT","side":"sell","price":1709.6372395313058,"quantity":1.168126255911163,"notional_usd":1997.07214758,"fee_usd":1.198243288548,"balance_before_usd":9871.261253722001,"balance_after_usd":9869.46404146698,"decision":"ALLOW","cert_hash":"ab44380561805d1fb7ba2222c8b8309fd65f66f95834430fb6f0565ce9075493","prev_hash":"4f43e1fdd5b0dd796451bd39cbe8d4a880ee56900d7f7ac624f1a3b0fddf9c96","record_hash":"9b09085e2b9ae0fff4f972790d4c2f8449541a1615e0c24fee6e6ba91a178260","signature_hex":"3d4f8c1d3291a226872a0cbe903c6a857be19996e75c4597ced69690eaf38b132560d47ba9db766222b9073f1f0c62725f9beffc33904cd5a1c57effa0c5c603","public_key_hex":"c2f8243b0d573587f285c830a868acd19249d17d59ecbf9329e796dfed6fb630"}
{"seq":78,"ts":1781827620000,"agent_id":"rl-qlearn","symbol":"ETHUSDT","side":"buy","price":1708.9225571682,"quantity":1.1703280476993263,"notional_usd":2000.0,"fee_usd":1.2,"balance_before_usd":9869.464650890719,"balance_after_usd":9867.664790860726,"decision":"ALLOW_CAPPED","cert_hash":"05d9a26df5fd72bb050b4a1321fc310a09bff9a27d9a88f8870b9614dea2b9e5","prev_hash":"9b09085e2b9ae0fff4f972790d4c2f8449541a1615e0c24fee6e6ba91a178260","record_hash":"b128c974d9620d5996c16461a7bae7192c6182015eae641f9f07204ca3eafec3","signature_hex":"109913b62849f2e872a509ac99ca6063f32d670bbfbb2bf612bca8730bc4dba4510eae9bb4f8de219d225aaa15d793bba1bca4806b4274e7c8d9ba8da3a03406","public_key_hex":"c2f8243b0d573587f285c830a868acd19249d17d59ecbf9329e796dfed6fb630"}
{"seq":79,"ts":1781827680000,"agent_id":"rl-qlearn","symbol":"ETHUSDT","side":"sell","price":1707.4377974291908,"quantity":1.1703287777971718,"notional_usd":1998.26359063,"fee_usd":1.198958154378,"balance_before_usd":9867.126601070808,"balance_after_usd":9865.328197507748,"decision":"ALLOW","cert_hash":"ca7617708b8a26a68f91b6d69fd23577dcc77bfcd507a92709b44ce5fc647f0c","prev_hash":"b128c974d9620d5996c16461a7bae7192c6182015eae641f9f07204ca3eafec3","record_hash":"f3c5ee5b0ba902e34ee4ea39d79a93e1c3e9eb0b2e84ee3c779db293f43b6da9","signature_hex":"2b1dce596d3289f03d2f4ff5abbd5e69b8d7542f4052fe1937925b6da592fa1d7f9d1c21fa4c93035e7ce5234430be67d37d6828d25362a1b5d7c9138a47730d","public_key_hex":"c2f8243b0d573587f285c830a868acd19249d17d59ecbf9329e796dfed6fb630"}
{"seq":80,"ts":1781828760000,"agent_id":"rl-qlearn","symbol":"ETHUSDT","side":"sell","price":1711.5264222408,"quantity":1.1685475456356196,"notional_usd":2000.0,"fee_usd":1.2,"balance_before_usd":9865.326762025614,"balance_after_usd":9863.526621995608,"decision":"ALLOW_CAPPED","cert_hash":"81106882ed4ff5d383db3c05e957257bbce7a9cfecbbece4839df4f71a641ab8","prev_hash":"f3c5ee5b0ba902e34ee4ea39d79a93e1c3e9eb0b2e84ee3c779db293f43b6da9","record_hash":"a63dec09412621a8d47702ea9bdb6e47b5a0d320887f635b56b82233d93c9a9e","signature_hex":"42d4b8dd5cc70989c696621c0de83dfcf742d875b2908abd8678ae7742fc3912276ed5a8b84ef70ba10af71c4c1d2b286df7f74408df2858db63f8e3c2963006","public_key_hex":"c2f8243b0d573587f285c830a868acd19249d17d59ecbf9329e796dfed6fb630"}
{"seq":81,"ts":1781828820000,"agent_id":"rl-qlearn","symbol":"ETHUSDT","side":"buy","price":1712.1235172322,"quantity":1.1681400201973617,"notional_usd":2000.0,"fee_usd":1.2,"balance_before_usd":9864.029248358891,"balance_after_usd":9862.229388328897,"decision":"ALLOW_CAPPED","cert_hash":"cbb8e98b4889a8bd32d745ed1fc4aeb89184ead68b4a33c5f5c02171a2f95464","prev_hash":"a63dec09412621a8d47702ea9bdb6e47b5a0d320887f635b56b82233d93c9a9e","record_hash":"d174d66b99d041ad6ee244ce4f4517dd84b1e6085ff28fc1c14d5a3ca1f2d063","signature_hex":"f186c435a8bfc5ac9cb36c28cab3e0891cc3d0202718bd5a3d115b815630f571bfc319d51076c833c3029be606812c0f6241cbe68fe7b576162fdfa0e0cff704","public_key_hex":"c2f8243b0d573587f285c830a868acd19249d17d59ecbf9329e796dfed6fb630"}
{"seq":82,"ts":1781828880000,"agent_id":"rl-qlearn","symbol":"ETHUSDT","side":"buy","price":1711.9434632286,"quantity":1.1682628795627086,"notional_usd":2000.0,"fee_usd":1.2,"balance_before_usd":9862.229524858727,"balance_after_usd":9860.429664828735,"decision":"ALLOW_CAPPED","cert_hash":"2e4feb19bbeeba5b2b879427f810d5fc2f5b69d063421c67a7c709e6a6348a78","prev_hash":"d174d66b99d041ad6ee244ce4f4517dd84b1e6085ff28fc1c14d5a3ca1f2d063","record_hash":"390144b18cb37a8edd581492438d1a28991ee16186f2a1ca4fa43cfef5eaeb15","signature_hex":"c4ff49e3bc0edec736f5fdead88d430170f674539fe850c7f976d47f54d1e844a629c5d9e29b6f969d2aa31de9ed1455c554a382da685e636ffbe8e1ec1c9005","public_key_hex":"c2f8243b0d573587f285c830a868acd19249d17d59ecbf9329e796dfed6fb630"}
{"seq":83,"ts":1781828940000,"agent_id":"rl-qlearn","symbol":"ETHUSDT","side":"sell","price":1711.5964957476501,"quantity":1.1678546490695247,"notional_usd":1998.89592489,"fee_usd":1.199337554934,"balance_before_usd":9861.223567807472,"balance_after_usd":9859.424531924114,"decision":"ALLOW","cert_hash":"aafcdf54737de8edb8db62f45285bd5f17d79c6381b25d94eac630d436b98c70","prev_hash":"390144b18cb37a8edd581492438d1a28991ee16186f2a1ca4fa43cfef5eaeb15","record_hash":"131a398809a480aed9d8489ca2e118fa44b3b6c0f529f061797a5789cb8d2fe1","signature_hex":"cd111a056283e743a530c57acb0ac3975d9ff23eca93da98030758cf1d48975052f2c881feb257d1dc72485c4b47b90b4be255c88adce5d9398fb5b58d09110e","public_key_hex":"c2f8243b0d573587f285c830a868acd19249d17d59ecbf9329e796dfed6fb630"}
{"seq":84,"ts":1781829480000,"agent_id":"rl-qlearn","symbol":"ETHUSDT","side":"buy","price":1713.5239372602,"quantity":1.1671853287313012,"notional_usd":2000.0,"fee_usd":1.2,"balance_before_usd":9859.4242166824,"balance_after_usd":9857.624356652406,"decision":"ALLOW_CAPPED","cert_hash":"df51d7f0a1d86aef45c2d09ed2bbfb3b42606d0c082dc6c9a2b0e01fbb98af9c","prev_hash":"131a398809a480aed9d8489ca2e118fa44b3b6c0f529f061797a5789cb8d2fe1","record_hash":"540db65295cb3e3c56fedc7ba3b1ac6f82b023042c5f17a472978bb4a03e1a4c","signature_hex":"3054ff787cc036417f5d996cd24a52ea6a5a1d6ed6045d24f61e921a23c0b4523ac1c210ea94dc13067e51dc59a827eaaf524856ea8380ad4fb92495fce18b02","public_key_hex":"c2f8243b0d573587f285c830a868acd19249d17d59ecbf9329e796dfed6fb630"}
{"seq":85,"ts":1781829540000,"agent_id":"rl-qlearn","symbol":"ETHUSDT","side":"sell","price":1712.0962512522,"quantity":1.1681586234052155,"notional_usd":2000.0,"fee_usd":1.2,"balance_before_usd":9857.157622628343,"balance_after_usd":9855.357482598338,"decision":"ALLOW_CAPPED","cert_hash":"16675d144114230108b52f7243a65c5267e89af95b826465fc24b4200644bc70","prev_hash":"540db65295cb3e3c56fedc7ba3b1ac6f82b023042c5f17a472978bb4a03e1a4c","record_hash":"077ddc8cba1cf1676cde7154119c597f4a781bf8dad1daf6c7735c402971844f","signature_hex":"91a4a03199594c7b9c2f8d0149c0d90c5c51699d7936115773fdd8c8f30ecc0ee5276974445519c857b4e27d9882db2e7223d3fbc8226368f07a665eda2c880c","public_key_hex":"c2f8243b0d573587f285c830a868acd19249d17d59ecbf9329e796dfed6fb630"}
{"seq":86,"ts":1781829600000,"agent_id":"rl-qlearn","symbol":"ETHUSDT","side":"buy","price":1713.5439432606,"quantity":1.1671717015872496,"notional_usd":2000.0,"fee_usd":1.2,"balance_before_usd":9855.356926701774,"balance_after_usd":9853.55706667178,"decision":"ALLOW_CAPPED","cert_hash":"845e7f5cd75d1d87c588337bdf54ab9683c12eea4f4e20331912648e0b830df4","prev_hash":"077ddc8cba1cf1676cde7154119c597f4a781bf8dad1daf6c7735c402971844f","record_hash":"bbee4e81eee8123c5b521c08a5b64b8e9dd5799f161ca859ed4ebe09e96ca220","signature_hex":"73cc04381fbb2361d9fb0317b5b88e2bcd2c3fc6a1e6aa5785775fc708e6ff82460e6a4d724f2f3f56a92837b2f27c8babff8ab876facb67c374a7633d83fa05","public_key_hex":"c2f8243b0d573587f285c830a868acd19249d17d59ecbf9329e796dfed6fb630"}
{"seq":87,"ts":1781829660000,"agent_id":"rl-qlearn","symbol":"ETHUSDT","side":"sell","price":1713.2660710176326,"quantity":1.16619785818979,"notional_usd":1998.00722253,"fee_usd":1.198804333518,"balance_before_usd":9854.431452775536,"balance_after_usd":9852.633305563519,"decision":"ALLOW","cert_hash":"072d6b6162953b3524983145bd27f4237b1089a705c492000f2f61ea08f3d44b","prev_hash":"bbee4e81eee8123c5b521c08a5b64b8e9dd5799f161ca859ed4ebe09e96ca220","record_hash":"df90c89dff9423c182e84d1cab18215804e97571a7526300f1c166dce1486513","signature_hex":"a7b86bb70a0952b8c099df5f3f3f5bf50147b7be330b78dec2111e1bab1fda6e63054bea9c4db5d65f9897c777aa399c0cecc75c026eedeb930f83bb55d3b40d","public_key_hex":"c2f8243b0d573587f285c830a868acd19249d17d59ecbf9329e796dfed6fb630"}
{"seq":88,"ts":1781831280000,"agent_id":"rl-qlearn","symbol":"ETHUSDT","side":"sell","price":1714.98538431,"quantity":1.1661906966074067,"notional_usd":2000.0,"fee_usd":1.2,"balance_before_usd":9852.63270404538,"balance_after_usd":9850.832564015373,"decision":"ALLOW_CAPPED","cert_hash":"87977705de2715fa3209cbc660c3870ea474ae2cb1ff2fa86e37eeedd171dae0","prev_hash":"df90c89dff9423c182e84d1cab18215804e97571a7526300f1c166dce1486513","record_hash":"29dcc9492620fbc7ddad69f6bd3597fe81a6997dde540b5107287aa0a14bd53f","signature_hex":"f78f20da91d205b6a90392acedeabddfe93f055de0219488dc126e8095b00668c141b6f0e3b0271cf56e03b55beea6de1cc4a03ffe74ec190aaafb6e68bf9706","public_key_hex":"c2f8243b0d573587f285c830a868acd19249d17d59ecbf9329e796dfed6fb630"}
{"seq":89,"ts":1781831340000,"agent_id":"rl-qlearn","symbol":"ETHUSDT","side":"buy","price":1713.7238712198928,"quantity":1.1661906217466484,"notional_usd":1998.52870688,"fee_usd":1.1991172241280001,"balance_before_usd":9853.503941569057,"balance_after_usd":9851.705552547503,"decision":"ALLOW","cert_hash":"aea973d757b97f884ca184686d400de87081e92aa2825c0e0243be246cc39ba5","prev_hash":"29dcc9492620fbc7ddad69f6bd3597fe81a6997dde540b5107287aa0a14bd53f","record_hash":"dbf0783cd88b58d0737eba6884e43c13ea399a0f95b6cb64bd379e9f613dd0a1","signature_hex":"9d530b04e433123dc57d25d95e4438e073394c7d6958ff66817c2aee95d3d9f7317500b486be1609859b21e1b38ac11d50b685031787d81a3592fe8a62f0210e","public_key_hex":"c2f8243b0d573587f285c830a868acd19249d17d59ecbf9329e796dfed6fb630"}
{"seq":90,"ts":1781831940000,"agent_id":"rl-qlearn","symbol":"ETHUSDT","side":"sell","price":1712.2961912562,"quantity":1.1680222208125863,"notional_usd":2000.0,"fee_usd":1.2,"balance_before_usd":9851.705692465386,"balance_after_usd":9849.90555243538,"decision":"ALLOW_CAPPED","cert_hash":"936e91a7669b2540e35ff1d213741ca6ea0b2618d252c61d572d596f3797d680","prev_hash":"dbf0783cd88b58d0737eba6884e43c13ea399a0f95b6cb64bd379e9f613dd0a1","record_hash":"831087c1484c63decefe5f0931779a2c4e0560ee5c63905811ead3ad1ed1c220","signature_hex":"d4ed79e9f5908ab027561b9704f17daafa280b9a4370f79aa7f578e807de3f302dc34761f3763d9b20e61dc31599b86da0f69c82bbfaaad0c84e155c157e0c07","public_key_hex":"c2f8243b0d573587f285c830a868acd19249d17d59ecbf9329e796dfed6fb630"}
{"seq":91,"ts":1781832000000,"agent_id":"rl-qlearn","symbol":"ETHUSDT","side":"buy","price":1714.0040812697998,"quantity":1.1668583650736255,"notional_usd":2000.0,"fee_usd":1.2,"balance_before_usd":9849.111059464825,"balance_after_usd":9847.311199434831,"decision":"ALLOW_CAPPED","cert_hash":"6790227a0a0ad885ad233e1decc2020d38f7cb1b53cfd3b31cd92f305bc5f383","prev_hash":"831087c1484c63decefe5f0931779a2c4e0560ee5c63905811ead3ad1ed1c220","record_hash":"df959e76589929bb4649009a5b50a7278e3dc19f72377e4ddb7106189f69ac94","signature_hex":"673226dde2c4c0e6e5b5dd023f25e2c5144cc6dde378f9bbf925319ac4c89f9778cf7972a557f17f190bd3e74c90a401070824abbbd968e4868548b8471a240b","public_key_hex":"c2f8243b0d573587f285c830a868acd19249d17d59ecbf9329e796dfed6fb630"}
{"seq":92,"ts":1781832060000,"agent_id":"rl-qlearn","symbol":"ETHUSDT","side":"sell","price":1713.8657202876,"quantity":1.166952565959709,"notional_usd":2000.0,"fee_usd":1.2,"balance_before_usd":9847.309852285933,"balance_after_usd":9845.509712255925,"decision":"ALLOW_CAPPED","cert_hash":"37c6bdea1e4e8762aeeda6e14ef1b4a27f837379d6abd5b75a7261fe19ae9587","prev_hash":"df959e76589929bb4649009a5b50a7278e3dc19f72377e4ddb7106189f69ac94","record_hash":"a27ce1ffe77e0d511c86f32ebe7c8e02b1447205bf9961a186cfd8d83c80da54","signature_hex":"633a84c3ddaea8c4e87292cdbf9a0e66509fc28668d3111af0fbf5109fa39492079300fdd81ddb5f15f41e7ea4cc12548f19abbf17b9d0924dd2f0ade8bfe50b","public_key_hex":"c2f8243b0d573587f285c830a868acd19249d17d59ecbf9329e796dfed6fb630"}
{"seq":93,"ts":1781832120000,"agent_id":"rl-qlearn","symbol":"ETHUSDT","side":"sell","price":1713.335879277,"quantity":1.1673134405169683,"notional_usd":2000.0,"fee_usd":1.2,"balance_before_usd":9846.128999350622,"balance_after_usd":9844.328859320616,"decision":"ALLOW_CAPPED","cert_hash":"1852e59f18d4446177180abeb33c39c89557ecd6caa52fa4e21b6c8bbb02a558","prev_hash":"a27ce1ffe77e0d511c86f32ebe7c8e02b1447205bf9961a186cfd8d83c80da54","record_hash":"690ec5bbb9aef907f3914c90254b364296c045f130e0f4c10757638733859065","signature_hex":"ed57ae8971012bf7fd57428fefca42d7ad6286ef78d5f311bafe2ea62ec4770d31d75d71701469ad79b6dd4a487dff0a3a74cf11e48eea189c3eed5e5759c80f","public_key_hex":"c2f8243b0d573587f285c830a868acd19249d17d59ecbf9329e796dfed6fb630"}
{"seq":94,"ts":1781832180000,"agent_id":"rl-qlearn","symbol":"ETHUSDT","side":"sell","price":1712.5884591285223,"quantity":0.5383263808043758,"notional_usd":921.93154701,"fee_usd":0.553158928206,"balance_before_usd":9846.290914232432,"balance_after_usd":9845.510828732524,"decision":"ALLOW","cert_hash":"5cdd55b80fb51020af36a7b66b3040a24717f4a9d0a3cd3768f1402caae55277","prev_hash":"690ec5bbb9aef907f3914c90254b364296c045f130e0f4c10757638733859065","record_hash":"97f7830414f5ee805803da93a56d099b6f53907c70ce39494517cbfe7c8145ae","signature_hex":"167fa162f29c960358deb93c9b45b495cd306d322b91f93a0ccc46baad3f460c627f51da85b43398e3e9b3fa548bdaf3b0aad618211f24c9ef3c088c0484700c","public_key_hex":"c2f8243b0d573587f285c830a868acd19249d17d59ecbf9329e796dfed6fb630"}
{"seq":95,"ts":1781833080000,"agent_id":"rl-qlearn","symbol":"ETHUSDT","side":"buy","price":1709.0325901704,"quantity":1.1702526982241976,"notional_usd":2000.0,"fee_usd":1.2,"balance_before_usd":9858.41556484193,"balance_after_usd":9856.615704811933,"decision":"ALLOW_CAPPED","cert_hash":"6c1014d1b8aaeb3942d8d46684d9168abc25dcb46afc5b152a472efdbe65b353","prev_hash":"97f7830414f5ee805803da93a56d099b6f53907c70ce39494517cbfe7c8145ae","record_hash":"23353b9c55887a48e09b90070d5ad91c000d263a370ea77d4d6e0229c773e324","signature_hex":"a8a4c8defc35f1b0e6eed5a00a518e5dba4722d4145d8e11e754bdc970038386d96472ab54173d03a2404777c4b90637f7983f0d1ba0130fa9d7b68ee7d0050c","public_key_hex":"c2f8243b0d573587f285c830a868acd19249d17d59ecbf9329e796dfed6fb630"}
{"seq":96,"ts":1781833140000,"agent_id":"rl-qlearn","symbol":"ETHUSDT","side":"sell","price":1706.9677901496,"quantity":1.1716682713882483,"notional_usd":2000.0,"fee_usd":1.2,"balance_before_usd":9858.387712285019,"balance_after_usd":9856.587572255012,"decision":"ALLOW_CAPPED","cert_hash":"5147c1f3b33775378e12abff025d8377df1773bc2e816d001dbcd0b8554507e7","prev_hash":"23353b9c55887a48e09b90070d5ad91c000d263a370ea77d4d6e0229c773e324","record_hash":"4d185249f1d25d3a5eb56c0063d384891bb22ae99f86ec94362aeb1d828b78f8","signature_hex":"15c4dcc068f5d523343d51bba200c9ba2ee5848b10f64e0b4cae29f4c9f21a25e0a4fb34ae55b4dff994d3ca1031e24b296ca75341373282ed9c46467f6d3103","public_key_hex":"c2f8243b0d573587f285c830a868acd19249d17d59ecbf9329e796dfed6fb630"}
{"seq":97,"ts":1781833500000,"agent_id":"rl-qlearn","symbol":"ETHUSDT","side":"buy","price":1709.5827551813998,"quantity":1.1698760963389483,"notional_usd":2000.0,"fee_usd":1.2,"balance_before_usd":9852.015492893692,"balance_after_usd":9850.215632863697,"decision":"ALLOW_CAPPED","cert_hash":"26933f06cedb9aaf3901df2fb3d813a79d313ce7090b3e64c16c5a4858bbfa93","prev_hash":"4d185249f1d25d3a5eb56c0063d384891bb22ae99f86ec94362aeb1d828b78f8","record_hash":"1b3955f745608b16470d947d38d4ff8b5cbcd617033501527115defa80b32a1b","signature_hex":"5604f7f7a82eff6e89ea4f844c47b4579b293e69b10709b118fa48bb716fb7130f4ed1ab925e72e1123b0df607ea738cc9575735cf75456e2d2a47c885c7f70b","public_key_hex":"c2f8243b0d573587f285c830a868acd19249d17d59ecbf9329e796dfed6fb630"}
{"seq":98,"ts":1781833560000,"agent_id":"rl-qlearn","symbol":"ETHUSDT","side":"buy","price":1710.0829051914,"quantity":1.169533941265936,"notional_usd":2000.0,"fee_usd":1.2,"balance_before_usd":9849.36281010642,"balance_after_usd":9847.562950076426,"decision":"ALLOW_CAPPED","cert_hash":"e30800a38291f32073e46b659e750cdb8eeb8f4cb862629fecc400db95868e26","prev_hash":"1b3955f745608b16470d947d38d4ff8b5cbcd617033501527115defa80b32a1b","record_hash":"2913066bd568656bb1a222cb59ed518433387d147bdc0f071110a3236e86d63f","signature_hex":"1b35f2f354fab8162319360fcdccea926ceb0820468e0ab1527a6e4b89a16401b298ee782959f239e7e56a9676e1092ef443917548b629c5d6ae3a0707a5f90d","public_key_hex":"c2f8243b0d573587f285c830a868acd19249d17d59ecbf9329e796dfed6fb630"}
{"seq":99,"ts":1781833620000,"agent_id":"rl-qlearn","symbol":"ETHUSDT","side":"sell","price":1708.6372891830001,"quantity":1.1705234414943135,"notional_usd":2000.0,"fee_usd":1.2,"balance_before_usd":9847.788116937207,"balance_after_usd":9845.9879769072,"decision":"ALLOW_CAPPED","cert_hash":"c78b3e3499210e1f3441230b57f26e351019af166f51a123e66dcd73eeef3f4c","prev_hash":"2913066bd568656bb1a222cb59ed518433387d147bdc0f071110a3236e86d63f","record_hash":"ef21f8cb49a6321edb9966388c0bdbe2f4e8769b63c0bc1fb584578f0d0806af","signature_hex":"d70f9dbcd48f17756f42af9132046abfe5ad7a7afc90d6ee7d81dcb95b3ed04c8c97647719acf597237ad8318eedcba7785686c54fd3f1a2a2995440967e670e","public_key_hex":"c2f8243b0d573587f285c830a868acd19249d17d59ecbf9329e796dfed6fb630"}
{"seq":100,"ts":1781833680000,"agent_id":"rl-qlearn","symbol":"ETHUSDT","side":"buy","price":1710.0929081916,"quantity":1.1695271002059022,"notional_usd":2000.0,"fee_usd":1.2,"balance_before_usd":9845.254123850844,"balance_after_usd":9843.45426382085,"decision":"ALLOW_CAPPED","cert_hash":"83e280768276e7bd2f7274676538ef3a5f92bbcb1619aa4937ddb7e327301162","prev_hash":"ef21f8cb49a6321edb9966388c0bdbe2f4e8769b63c0bc1fb584578f0d0806af","record_hash":"e219526f4e4012a9d92d811c53f11845f2cb06d8c6a18a3418ff937b881de6d3","signature_hex":"f7b13d37cbabc7931c42c48ae162328f7797f59b9be49e37d954780518038f23ebab16d5b41596f59d441388c7a0c7abbdac023524f458acbc741c583cb29005","public_key_hex":"c2f8243b0d573587f285c830a868acd19249d17d59ecbf9329e796dfed6fb630"}
{"seq":101,"ts":1781833740000,"agent_id":"rl-qlearn","symbol":"ETHUSDT","side":"buy","price":1710.160476932447,"quantity":0.5369758559250545,"notional_usd":918.31488587,"fee_usd":0.550988931522,"balance_before_usd":9843.368326554517,"balance_after_usd":9842.591551662297,"decision":"ALLOW","cert_hash":"69ff81848c44cf45bbd9f0ef74714caa179984b06a9c207f89008ca641ec54bf","prev_hash":"e219526f4e4012a9d92d811c53f11845f2cb06d8c6a18a3418ff937b881de6d3","record_hash":"28715c19038072859f1d567adde179e50409f517567b76399a74abb40a9ad9fc","signature_hex":"37b775a8299aeeaf58bd2f3355fefa1e7e027493766f1f17a374fbcc31e5e4a59dfa21b97fd01a303a096a0c8c0730905dd5fd8eb9a84804b67f605cc63c540b","public_key_hex":"c2f8243b0d573587f285c830a868acd19249d17d59ecbf9329e796dfed6fb630"}
{"seq":102,"ts":1781839320000,"agent_id":"rl-qlearn","symbol":"ETHUSDT","side":"buy","price":1694.9483658887998,"quantity":1.1799769481185562,"notional_usd":2000.0,"fee_usd":1.2,"balance_before_usd":9842.593572159667,"balance_after_usd":9840.793712129675,"decision":"ALLOW_CAPPED","cert_hash":"3f2b82c80af8b5eca38726b34e2d017122165acfa27dd22aa2f1ec8ef76e8046","prev_hash":"28715c19038072859f1d567adde179e50409f517567b76399a74abb40a9ad9fc","record_hash":"cd315fd6386b80fb7310a477200139f8f12fe56d6d0e0c8ce00ae16bb4ef43b2","signature_hex":"b473b69c43b883dd8729b80f66716241beb2d7e7c376106f49f5ff3eb3ac207408959730cb9d072c975408cbf286d392873af1c923ac70116200a95efd188807","public_key_hex":"c2f8243b0d573587f285c830a868acd19249d17d59ecbf9329e796dfed6fb630"}
{"seq":103,"ts":1781839380000,"agent_id":"rl-qlearn","symbol":"ETHUSDT","side":"sell","price":1696.8708199476,"quantity":1.1786401041782077,"notional_usd":2000.0,"fee_usd":1.2,"balance_before_usd":9844.262456104707,"balance_after_usd":9842.462316074701,"decision":"ALLOW_CAPPED","cert_hash":"7f9e22e55847e4e56018a905e094b726cb30a9bb0f8b028cabf2c8794553314b","prev_hash":"cd315fd6386b80fb7310a477200139f8f12fe56d6d0e0c8ce00ae16bb4ef43b2","record_hash":"77aed652ef21649729857dfea3ee7af7e57e90b1d9dc23d48c8773663648214d","signature_hex":"0bd574bc3d5feca066caa34b4e413c71ee94b559174de42062183d76e0f259614e1b1210935e2c17631b970889de70293efa7822868894867cb4dbf9224f7c0d","public_key_hex":"c2f8243b0d573587f285c830a868acd19249d17d59ecbf9329e796dfed6fb630"}
{"seq":104,"ts":1781839440000,"agent_id":"rl-qlearn","symbol":"ETHUSDT","side":"buy","price":1699.2396529746,"quantity":1.1769970153997436,"notional_usd":2000.0,"fee_usd":1.2,"balance_before_usd":9842.463942534841,"balance_after_usd":9840.664082504847,"decision":"ALLOW_CAPPED","cert_hash":"914a99a2d8c364299034254bb3ebcebbcfa2c25db868bb5a267ce272cfdbd94d","prev_hash":"77aed652ef21649729857dfea3ee7af7e57e90b1d9dc23d48c8773663648214d","record_hash":"1f5ad81eb3dc2738174d1ae7cb1c805d1397d07f6c36c230b6bcb272fbc071d5","signature_hex":"80cb73655dd9ac406024f195f35e15386b19d625317c7d72eeb96f736618907696401018420127564f54a12e5d2a3be961de285c1d1ec5e624e68ccdfd48500f","public_key_hex":"c2f8243b0d573587f285c830a868acd19249d17d59ecbf9329e796dfed6fb630"}
{"seq":105,"ts":1781839500000,"agent_id":"rl-qlearn","symbol":"ETHUSDT","side":"sell","price":1697.4806369598,"quantity":1.1782166797389892,"notional_usd":2000.0,"fee_usd":1.2,"balance_before_usd":9839.792213172337,"balance_after_usd":9837.992073142332,"decision":"ALLOW_CAPPED","cert_hash":"ab32f79c50e9927f869bd4e990639e86d4c15d9848f23749c246b83ee922de72","prev_hash":"1f5ad81eb3dc2738174d1ae7cb1c805d1397d07f6c36c230b6bcb272fbc071d5","record_hash":"9cb7281502ed02a39e989119bf0db9eaadd5cef51404b580d5036f004ab2ba8a","signature_hex":"c6e15df2bb0c9746d8bc3f6d40034ab70906873720e62d95f0386bfd09d2e90a175219dc34ee8ba93518daa48a2dc045fccb153c7f962a57409285be5d11f805","public_key_hex":"c2f8243b0d573587f285c830a868acd19249d17d59ecbf9329e796dfed6fb630"}
{"seq":106,"ts":1781841180000,"agent_id":"rl-qlearn","symbol":"ETHUSDT","side":"sell","price":1695.6111979224,"quantity":1.1795156828703195,"notional_usd":2000.0,"fee_usd":1.2,"balance_before_usd":9837.992100966156,"balance_after_usd":9836.19196093615,"decision":"ALLOW_CAPPED","cert_hash":"9896474a9934fc515f5c798a2dd1a498da0eadaf8cad611f03008898ee7a8567","prev_hash":"9cb7281502ed02a39e989119bf0db9eaadd5cef51404b580d5036f004ab2ba8a","record_hash":"39ff9f8718c18259549232691db0f08e17da5511555ed07b32bf463d02f27e0a","signature_hex":"4fe35090e4585411af98a6e8fb86585b0006a4d258269062a71256725adcbf06cbb4a8be503eb0a194c1b86d281c110c521104b74b16a4d7aa3fb95987ed4802","public_key_hex":"c2f8243b0d573587f285c830a868acd19249d17d59ecbf9329e796dfed6fb630"}
{"seq":107,"ts":1781841240000,"agent_id":"rl-qlearn","symbol":"ETHUSDT","side":"buy","price":1696.9989809298,"quantity":1.178551090763875,"notional_usd":2000.0,"fee_usd":1.2,"balance_before_usd":9835.755534628239,"balance_after_usd":9833.955674598245,"decision":"ALLOW_CAPPED","cert_hash":"816c8150d633d4dbd52e7e6adc59ad223282c561c87b6c6dc014e6fb525e7dce","prev_hash":"39ff9f8718c18259549232691db0f08e17da5511555ed07b32bf463d02f27e0a","record_hash":"167782918f1ef35d002cb94c110c9364686bd2b07e05aff85f28d13fc6e71c38","signature_hex":"679b9b16c45009aebfe34a44c8cc2a5828197a25f5c16e6d314757e0ab5a3cccd7c025eb165535768e4a6a14f1cd0b42a816f16128dcaf4b1672ecc5f9108f04","public_key_hex":"c2f8243b0d573587f285c830a868acd19249d17d59ecbf9329e796dfed6fb630"}
{"seq":108,"ts":1781841300000,"agent_id":"rl-qlearn","symbol":"ETHUSDT","side":"buy","price":1696.8789449273997,"quantity":1.1786344606247496,"notional_usd":2000.0,"fee_usd":1.2,"balance_before_usd":9833.955792134782,"balance_after_usd":9832.15593210479,"decision":"ALLOW_CAPPED","cert_hash":"ce796d8cee34cb0779b18588dba06fbbebe46aadaecf3066fae181329eb5b6b9","prev_hash":"167782918f1ef35d002cb94c110c9364686bd2b07e05aff85f28d13fc6e71c38","record_hash":"149d86437564db775a05ffeb58a0e3c7beff13c2746610926f0818b9f43bfdf6","signature_hex":"06cd80f5b160af1ae43e2e3c28a6789dac6b0c207b8447b3723986fb1ab0e39153e0933449d8e419a6c41a2828e58b4fad15769a9d406a9081f702270e5fd102","public_key_hex":"c2f8243b0d573587f285c830a868acd19249d17d59ecbf9329e796dfed6fb630"}
{"seq":109,"ts":1781841360000,"agent_id":"rl-qlearn","symbol":"ETHUSDT","side":"sell","price":1696.4509459392002,"quantity":1.178931819270935,"notional_usd":2000.0,"fee_usd":1.2,"balance_before_usd":9832.850748548575,"balance_after_usd":9831.05060851857,"decision":"ALLOW_CAPPED","cert_hash":"259ca7defbffe5086b47babac637daf36c79931db3e06bee24f4b7a48921043d","prev_hash":"149d86437564db775a05ffeb58a0e3c7beff13c2746610926f0818b9f43bfdf6","record_hash":"f40e5934106c8d4790ab802a20a7d748c5bb895ea149257b2caacf704e2a7a10","signature_hex":"864a0572495852e5d6adb804cd1b7fc1526ec5b9e931cdf12ec867f47183588e6cedd38f0087e94f892649f99dffa6a922b8db9a3f2b084898289e61517c8109","public_key_hex":"c2f8243b0d573587f285c830a868acd19249d17d59ecbf9329e796dfed6fb630"}
{"seq":110,"ts":1781841420000,"agent_id":"rl-qlearn","symbol":"ETHUSDT","side":"buy","price":1698.7294999644,"quantity":1.177350484607416,"notional_usd":2000.0,"fee_usd":1.2,"balance_before_usd":9831.048999713017,"balance_after_usd":9829.249139683025,"decision":"ALLOW_CAPPED","cert_hash":"b4d3eaa680e22ef363db2bc971472e5c345ca02c26767d39444011aacb0fedab","prev_hash":"f40e5934106c8d4790ab802a20a7d748c5bb895ea149257b2caacf704e2a7a10","record_hash":"cddd028a31df171cde22e49046e8df5541471e1dfefe237b3923cf5bcc1245c6","signature_hex":"44afd69bce3456660f9ccafd7ee33482c8409363a27d2b70947f8b13d2b99958b82809a6178bcbe56b772c98bcf34a443505e807953d07f16fafdf0b4e066801","public_key_hex":"c2f8243b0d573587f285c830a868acd19249d17d59ecbf9329e796dfed6fb630"}
{"seq":111,"ts":1781841480000,"agent_id":"rl-qlearn","symbol":"ETHUSDT","side":"sell","price":1695.5816540711228,"quantity":1.1764262490046553,"notional_usd":1994.72676518,"fee_usd":1.196836059108,"balance_before_usd":9826.744102798291,"balance_after_usd":9824.949235244878,"decision":"ALLOW","cert_hash":"3ac93f22d21ec6d953f3b751049598ebe8db60d1ca7623fc8ef20e4f0e7478a9","prev_hash":"cddd028a31df171cde22e49046e8df5541471e1dfefe237b3923cf5bcc1245c6","record_hash":"a120f30d887df862b60392a9f53485064b85d0809c469abee0deb7eab6d9eef0","signature_hex":"82470dfcafe0403f81cfe7ff9e6a7e4b6c70a678dfdbbad6bc595ff1634a4892c85f60e3b761371987b92b39ff1ac9902c554f30839aa275f85b5eca0656e80d","public_key_hex":"c2f8243b0d573587f285c830a868acd19249d17d59ecbf9329e796dfed6fb630"}
{"seq":112,"ts":1781842320000,"agent_id":"rl-qlearn","symbol":"ETHUSDT","side":"buy","price":1699.1696319732,"quantity":1.1770455182143609,"notional_usd":2000.0,"fee_usd":1.2,"balance_before_usd":9824.948329077783,"balance_after_usd":9823.14846904779,"decision":"ALLOW_CAPPED","cert_hash":"3e256dcea91dcb512d476789b47d4e3a4f5d7d686c641a527e68aae69539309b","prev_hash":"a120f30d887df862b60392a9f53485064b85d0809c469abee0deb7eab6d9eef0","record_hash":"aed3f64a7760f9f52db98a2e4e775385b3826dd7f1f886b3dd37342ee06af8ce","signature_hex":"54b148746d190b840fa742f437d039e66e5ebdee5c0dad471bfdbb546e5b6f67dec8ca579320a202850acc231bcf9fa0d5dd8956156d55149a244a6bd5e98809","public_key_hex":"c2f8243b0d573587f285c830a868acd19249d17d59ecbf9329e796dfed6fb630"}
{"seq":113,"ts":1781842380000,"agent_id":"rl-qlearn","symbol":"ETHUSDT","side":"sell","price":1698.50039782575,"quantity":1.177045967954551,"notional_usd":1999.21304483,"fee_usd":1.199527826898,"balance_before_usd":9823.560311571195,"balance_after_usd":9821.760958559835,"decision":"ALLOW","cert_hash":"aace127248e3610a269784d7a9cc573e179e21f3c0c87b0d448c8c685ccdacb5","prev_hash":"aed3f64a7760f9f52db98a2e4e775385b3826dd7f1f886b3dd37342ee06af8ce","record_hash":"7fe636102bf08581f109c88f1addf370348b00126a703fefd2f4c68c625c512f","signature_hex":"22b150bed4c99b02a0da250181f32f59ebf3b12774d702f2a8b9d880e4eb7a48d7d67c3d7365a1e446cd6dbb9e8683f8f4b2b75eedd50fca2af8e72c39a2a701","public_key_hex":"c2f8243b0d573587f285c830a868acd19249d17d59ecbf9329e796dfed6fb630"}
{"seq":114,"ts":1781844780000,"agent_id":"rl-qlearn","symbol":"ETHUSDT","side":"buy","price":1688.5164367602,"quantity":1.1844717388937307,"notional_usd":2000.0,"fee_usd":1.2,"balance_before_usd":9821.764842043181,"balance_after_usd":9819.964982013187,"decision":"ALLOW_CAPPED","cert_hash":"f4856cc2c8abbdaddd6bfa6c181b0763ad60d92dd7c733a376a70a6875877ab3","prev_hash":"7fe636102bf08581f109c88f1addf370348b00126a703fefd2f4c68c625c512f","record_hash":"fab252106ab648a6c282f342e821bcb8df965cd821cb0c8dd0f75000c690dbb0","signature_hex":"6f22c77efbd1c7a54ee0743e24141084267de363134afc1229078cf97cb099017522c96751056b076b0f8ed39b215f98dea7ddd3f773642b00063de18bdad702","public_key_hex":"c2f8243b0d573587f285c830a868acd19249d17d59ecbf9329e796dfed6fb630"}
{"seq":115,"ts":1781844840000,"agent_id":"rl-qlearn","symbol":"ETHUSDT","side":"sell","price":1687.173863620567,"quantity":1.1844739194877834,"notional_usd":1998.4134391,"fee_usd":1.19904806346,"balance_before_usd":9819.574222843854,"balance_after_usd":9817.775669439252,"decision":"ALLOW","cert_hash":"c45f6cac7f084caea7b8ce125173b2f08ea511331e31a3e452925223a6f4186f","prev_hash":"fab252106ab648a6c282f342e821bcb8df965cd821cb0c8dd0f75000c690dbb0","record_hash":"2574a300b40f8c7c6faf815b89acfc1aad2bd86289b8a035ae60ee76ebc05388","signature_hex":"60f555109123197ea11638bfee25e96f4defaa39e30a9b209bb0a142ef77205009bb93f112faa591a4afb1fcf209b30e9ed2f1a9afb5bb134be28d2b3b0b7c0d","public_key_hex":"c2f8243b0d573587f285c830a868acd19249d17d59ecbf9329e796dfed6fb630"}
{"seq":116,"ts":1781845020000,"agent_id":"rl-qlearn","symbol":"ETHUSDT","side":"buy","price":1688.0663017512,"quantity":1.1847875867939548,"notional_usd":2000.0,"fee_usd":1.2,"balance_before_usd":9817.775712066195,"balance_after_usd":9815.975852036201,"decision":"ALLOW_CAPPED","cert_hash":"2d78ad776e5ebb56ec80fcf18ccd0bd077d8d166f3c3186c0e7c3b0c1128a806","prev_hash":"2574a300b40f8c7c6faf815b89acfc1aad2bd86289b8a035ae60ee76ebc05388","record_hash":"a0c8de376dd8766eebb91e05cbbe17ab66f038fee1c3a17bfbab4164bc32857d","signature_hex":"4e3906c5a37631b7768da8fd5b41482eb7ecbaa7ee9e55ae12232b36ef44d69e3b4bd0a613914cf545d113d91a1c0bcbc41f29f3330480d3ac267c5652fca90c","public_key_hex":"c2f8243b0d573587f285c830a868acd19249d17d59ecbf9329e796dfed6fb630"}
{"seq":117,"ts":1781845080000,"agent_id":"rl-qlearn","symbol":"ETHUSDT","side":"sell","price":1687.8335550184456,"quantity":1.184787758576198,"notional_usd":1999.7245345,"fee_usd":1.1998347207,"balance_before_usd":9816.899709278765,"balance_after_usd":9815.099844743525,"decision":"ALLOW","cert_hash":"7f3fe060b77facf06c6dce1fc287572f384f36ba43eb3ae7135003ae3c21fbf0","prev_hash":"a0c8de376dd8766eebb91e05cbbe17ab66f038fee1c3a17bfbab4164bc32857d","record_hash":"6b796a885afad6bbbc29c215f46d40a408c91155468b1aa335ef22b90311d97d","signature_hex":"6e2322eff2dfab4336ac282d62a79d2fca1819d58e2d90fd52446687e8565e304ed48c52ede4e576f1db352462157c1abcf3cb48a1b5e8c3701e5f30e08c4e0f","public_key_hex":"c2f8243b0d573587f285c830a868acd19249d17d59ecbf9329e796dfed6fb630"}
{"seq":118,"ts":1781845740000,"agent_id":"rl-qlearn","symbol":"ETHUSDT","side":"buy","price":1696.9989809298,"quantity":1.178551090763875,"notional_usd":2000.0,"fee_usd":1.2,"balance_before_usd":9815.096948263543,"balance_after_usd":9813.297088233548,"decision":"ALLOW_CAPPED","cert_hash":"a83e5953686ac1b62985a14f2a3e70d2e35b098320e21af63aeb85eb8f0e435b","prev_hash":"6b796a885afad6bbbc29c215f46d40a408c91155468b1aa335ef22b90311d97d","record_hash":"6b766df224978dd6325808e7b242a2ae8fb513985e0b21d2853c44300d9c7b55","signature_hex":"2bd71dd9b58e9b1ea176f7d2e584be4336330e77da890ed754bc22ced84a9b067eae2ffe851527286bd10ef516b01fd4c2e2ef5331536f8aaa7c6becb9d57906","public_key_hex":"c2f8243b0d573587f285c830a868acd19249d17d59ecbf9329e796dfed6fb630"}
{"seq":119,"ts":1781845800000,"agent_id":"rl-qlearn","symbol":"ETHUSDT","side":"sell","price":1695.3214528205121,"quantity":1.1785491189213042,"notional_usd":1998.01960451,"fee_usd":1.198811762706,"balance_before_usd":9812.519479075214,"balance_after_usd":9810.721319482192,"decision":"ALLOW","cert_hash":"dc2f1759e4b2a2c1238a4f8eee336f7579c9bc0c8b37f3226ea6db4e536d0a7d","prev_hash":"6b766df224978dd6325808e7b242a2ae8fb513985e0b21d2853c44300d9c7b55","record_hash":"52a84d98d082a4687dff6269ba82cdd6c2965ef7c8930eb3db9275a7f2b37df3","signature_hex":"630a3c913cdee2b4f68ad2a799f6440d50bda77fc98edd363b88db563bce856770cd2dcfdafbdc1815f08987afe5abfd7b65dc8ef6bfbb67748979d278d68e03","public_key_hex":"c2f8243b0d573587f285c830a868acd19249d17d59ecbf9329e796dfed6fb630"}
{"seq":120,"ts":1781846100000,"agent_id":"rl-qlearn","symbol":"ETHUSDT","side":"sell","price":1694.541518901,"quantity":1.1802602519276755,"notional_usd":2000.0,"fee_usd":1.2,"balance_before_usd":9810.721595153282,"balance_after_usd":9808.921455123274,"decision":"ALLOW_CAPPED","cert_hash":"61a4cb8ceae5e9c79db55cf5542ee349a4b8cd9a97c6436ee0053b57b4322226","prev_hash":"52a84d98d082a4687dff6269ba82cdd6c2965ef7c8930eb3db9275a7f2b37df3","record_hash":"8826daa2cf9564a589eea28396523fcb733bc43fec391cee7819f7269472d32a","signature_hex":"25930c172d802043c32f3aeb3539a69a47f70ff3d9f78f500219e910a8cd03c75814b4323d4107b151c9ebde348048c784ade20c2e90695e28322eab29c6f408","public_key_hex":"c2f8243b0d573587f285c830a868acd19249d17d59ecbf9329e796dfed6fb630"}
{"seq":121,"ts":1781846160000,"agent_id":"rl-qlearn","symbol":"ETHUSDT","side":"sell","price":1694.791443906,"quantity":1.1800862030496113,"notional_usd":2000.0,"fee_usd":1.2,"balance_before_usd":9808.626301704175,"balance_after_usd":9806.826161674167,"decision":"ALLOW_CAPPED","cert_hash":"b8efe2ca294bbdd4bce77e7d39de3dbdf531603b66d17c9c607f00761e052bcd","prev_hash":"8826daa2cf9564a589eea28396523fcb733bc43fec391cee7819f7269472d32a","record_hash":"b361495d1ee26473cefa864683abd56552c79f0ac284be66158fe728e8799a0e","signature_hex":"c232718648bb52455b634d1a2970702173fc727270ee54f60483a0398699233293061cf64ce8edbef23b14f372eb62e3261e94620bf9dbdb05a0de3031337606","public_key_hex":"c2f8243b0d573587f285c830a868acd19249d17d59ecbf9329e796dfed6fb630"}
{"seq":122,"ts":1781846220000,"agent_id":"rl-qlearn","symbol":"ETHUSDT","side":"sell","price":1694.0245170898756,"quantity":0.5338552476227353,"notional_usd":904.36387805,"fee_usd":0.54261832683,"balance_before_usd":9808.856363570496,"balance_after_usd":9808.0919375118,"decision":"ALLOW","cert_hash":"9f1b811e18737ccca2cac04b4c466da13b83ab8bb51f7a331cf010e24d3a9379","prev_hash":"b361495d1ee26473cefa864683abd56552c79f0ac284be66158fe728e8799a0e","record_hash":"6c910ee9f1f5379b93b41b35653649873bea61b71eefb4147b509191b3f05b26","signature_hex":"5d3bd8160c961cfe1e844eadc88bf544873a70d54140be110cb0852efad0d386d8545630c1e120b3e11dc3b8deaeb387164100ccfc67a12cc6d803cccb1be90e","public_key_hex":"c2f8243b0d573587f285c830a868acd19249d17d59ecbf9329e796dfed6fb630"}
{"seq":123,"ts":1781846760000,"agent_id":"rl-qlearn","symbol":"ETHUSDT","side":"buy","price":1693.9380628686001,"quantity":1.1806807130911854,"notional_usd":2000.0,"fee_usd":1.2,"balance_before_usd":9811.015438190145,"balance_after_usd":9809.21557816015,"decision":"ALLOW_CAPPED","cert_hash":"cd01b8bd61fdac795f4d67fa0cb91c2b9dde48773dbe1519363ef3ebfe31e50c","prev_hash":"6c910ee9f1f5379b93b41b35653649873bea61b71eefb4147b509191b3f05b26","record_hash":"4e2fa7cfc6ebf56f3eaae8945f4fa57c90d39adf754f9410ee5f33705ed9c37f","signature_hex":"d1ae57a56ff39b12e36f8aad6e4b66bde4e5a25bc01d7e9e3ab06d06525ec5a75ce75707240ffc3ae5e4c0ef9450da168700dc6aed5bc49fcad88158572f7702","public_key_hex":"c2f8243b0d573587f285c830a868acd19249d17d59ecbf9329e796dfed6fb630"}
{"seq":124,"ts":1781846820000,"agent_id":"rl-qlearn","symbol":"ETHUSDT","side":"sell","price":1691.9123078484001,"quantity":1.1820943619373476,"notional_usd":2000.0,"fee_usd":1.2,"balance_before_usd":9810.946591318272,"balance_after_usd":9809.146451288267,"decision":"ALLOW_CAPPED","cert_hash":"fac851180b7b00446801af4dacb20915aecd3b5f4c119aed5481fed2e86c17ca","prev_hash":"4e2fa7cfc6ebf56f3eaae8945f4fa57c90d39adf754f9410ee5f33705ed9c37f","record_hash":"d1d0c8c77fac460cb9289a3d97e71ee9fa5f1bcf590d2d2f38870d7706240c72","signature_hex":"299430ef03bae224d8b7ea4376eede260c83842b8b46836b25044a0286f414e419561d9bc2a016a6e91e4dfd09f475689db89a5d7b1c3299c2467e305cb02108","public_key_hex":"c2f8243b0d573587f285c830a868acd19249d17d59ecbf9329e796dfed6fb630"}
{"seq":125,"ts":1781847120000,"agent_id":"rl-qlearn","symbol":"ETHUSDT","side":"buy","price":1692.7377028445999,"quantity":1.1815179614886904,"notional_usd":2000.0,"fee_usd":1.2,"balance_before_usd":9809.696685355691,"balance_after_usd":9807.896825325697,"decision":"ALLOW_CAPPED","cert_hash":"185225a1c1d2699dbfaa2acb7fa554531746c7a50bba49bda5deedaabc7e474a","prev_hash":"d1d0c8c77fac460cb9289a3d97e71ee9fa5f1bcf590d2d2f38870d7706240c72","record_hash":"d3dffd2375ccd35c608bb9ef1144d9042172802ecd789c8652a4366a1943f366","signature_hex":"193215ab8c99f8154a51100c2dd852a2b05f57734a79cbf991c0c01eb9f5b0e047ecf64f93c03a7b355d32bf60221de4bc5198ad310e1d0cc5c9831e7905cb03","public_key_hex":"c2f8243b0d573587f285c830a868acd19249d17d59ecbf9329e796dfed6fb630"}
{"seq":126,"ts":1781847180000,"agent_id":"rl-qlearn","symbol":"ETHUSDT","side":"buy","price":1691.9474658288,"quantity":1.1820697984971422,"notional_usd":2000.0,"fee_usd":1.2,"balance_before_usd":9809.251241469097,"balance_after_usd":9807.451381439103,"decision":"ALLOW_CAPPED","cert_hash":"d1a9ad6e1d8aaf2529f92ba4de5a9478a431c3f4d75a28e867a94af858c20303","prev_hash":"d3dffd2375ccd35c608bb9ef1144d9042172802ecd789c8652a4366a1943f366","record_hash":"c778b4ca40d271db5122609deffdaa90cd248bd3e7378cb8a158c4ba1ba77883","signature_hex":"f228d15bc1d064652e879b4dde1343d0ae619424161695db47934ba94e86f7e21f6da9ea5e743f8604f4c29de97c7613dac6179afabff0e9c0c05cb481f59004","public_key_hex":"c2f8243b0d573587f285c830a868acd19249d17d59ecbf9329e796dfed6fb630"}
{"seq":127,"ts":1781847240000,"agent_id":"rl-qlearn","symbol":"ETHUSDT","side":"buy","price":1692.1075138319998,"quantity":1.1819579924154684,"notional_usd":2000.0,"fee_usd":1.2,"balance_before_usd":9807.366200476554,"balance_after_usd":9805.56634044656,"decision":"ALLOW_CAPPED","cert_hash":"00d8d1662b5725813b5023c6fd8d1aedc981e854be7bb1b11750abfd58ca814f","prev_hash":"c778b4ca40d271db5122609deffdaa90cd248bd3e7378cb8a158c4ba1ba77883","record_hash":"a4d33dfedc4558a7f0c23a1f4d7225d64e48b630064b6a385dde4dabd8666ddd","signature_hex":"601e11f294c838778b226ff8993976d48fcae7822fcff803b729e400db19fbdc82c95948363798ff6c2f1aa23ede9e79d3d8ca2e13b2d646644668340decfd0a","public_key_hex":"c2f8243b0d573587f285c830a868acd19249d17d59ecbf9329e796dfed6fb630"}
{"seq":128,"ts":1781847300000,"agent_id":"rl-qlearn","symbol":"ETHUSDT","side":"sell","price":1692.0384980369256,"quantity":0.6497426309481098,"notional_usd":1099.38954538,"fee_usd":0.6596337272280001,"balance_before_usd":9806.131472416097,"balance_after_usd":9805.191473468121,"decision":"ALLOW","cert_hash":"f3f52a8f087c285821b5bae577f24d832430116a5c4340fbb2990a15bb4da56d","prev_hash":"a4d33dfedc4558a7f0c23a1f4d7225d64e48b630064b6a385dde4dabd8666ddd","record_hash":"76bdab6c0a4e795be6c09e1451f4548994accf31ea5273e4eeacabc2d97b01df","signature_hex":"14ebfdfe30bc5e360d36ae7cdcacdf0167727a8226560d739ab77334e7850e169994a8aba6476242d4d4165999f5fb7ed721d0fd10e4b85a8646ff5e82caa10b","public_key_hex":"c2f8243b0d573587f285c830a868acd19249d17d59ecbf9329e796dfed6fb630"}
{"seq":129,"ts":1778392800000,"agent_id":"rl-qlearn","symbol":"ETHUSDT","side":"sell","price":2328.4313075826003,"quantity":0.8589473923868595,"notional_usd":2000.0,"fee_usd":1.2,"balance_before_usd":10000.0,"balance_after_usd":9998.199859969993,"decision":"ALLOW_CAPPED","cert_hash":"5d66294246e09c427248c9a2b11dcd172cb2ba382cfb7d303c4141b28f9c3141","prev_hash":"76bdab6c0a4e795be6c09e1451f4548994accf31ea5273e4eeacabc2d97b01df","record_hash":"3c2aaa667478501aead29559d719f5ecfaa2e9170970e24c65b306b0088fa90e","signature_hex":"09ba24d34e8e8c4f385c615dc40d290e4b9abde44ec6f408be487db6bc3cf2f25cfd49faf705a108cd6215b750b7476738f76563328d81d68325ae7cdff4ab0e","public_key_hex":"c2f8243b0d573587f285c830a868acd19249d17d59ecbf9329e796dfed6fb630"}
{"seq":130,"ts":1778396400000,"agent_id":"rl-qlearn","symbol":"ETHUSDT","side":"buy","price":2327.87807546758,"quantity":0.858689814417576,"notional_usd":1998.92519261,"fee_usd":1.199355115566,"balance_before_usd":9999.874807385148,"balance_after_usd":9998.076021975876,"decision":"ALLOW","cert_hash":"97819c39e3ba50dd3ed97e37d079f4bac05b62d20de744d7aaf1cf00ab89b37e","prev_hash":"3c2aaa667478501aead29559d719f5ecfaa2e9170970e24c65b306b0088fa90e","record_hash":"596d5f136599e1aa97bd330d803799504d48f46e7ad0ac09f3184c5bfaeee903","signature_hex":"c07bf17232b6d757711cba78b6c6086cf5971f7b3e032b21b3da14f775c68218db31ecec6d36ea7dec09caa19683a97dee47077836f0f2adb6fedf91437d9703","public_key_hex":"c2f8243b0d573587f285c830a868acd19249d17d59ecbf9329e796dfed6fb630"}
{"seq":131,"ts":1778414400000,"agent_id":"rl-qlearn","symbol":"ETHUSDT","side":"sell","price":2323.1129034762002,"quantity":0.8609138182682775,"notional_usd":2000.0,"fee_usd":1.2,"balance_before_usd":9998.076890013632,"balance_after_usd":9996.276749983625,"decision":"ALLOW_CAPPED","cert_hash":"3d80a5b8114f63202fc93bd8b6b3737e71c954fac9ae627c6d4b9b1f3e24a083","prev_hash":"596d5f136599e1aa97bd330d803799504d48f46e7ad0ac09f3184c5bfaeee903","record_hash":"5b77e9b93585099fe5db54017a69f67032e49b180b09d66eef371106d217e666","signature_hex":"94119ab92b57666f7c5ce07874c2ea044c956d4cae9a48c5e521298ae6598445bcec30d7973071cdbd68ce41e5762f0bc06bd47d2aa863224774cdb1e2474f0c","public_key_hex":"c2f8243b0d573587f285c830a868acd19249d17d59ecbf9329e796dfed6fb630"}
