{"seq":0,"ts":1781815740000,"agent_id":"swarm","symbol":"ETHUSDT","side":"buy","price":1710.158366377689,"quantity":0.5225415185277886,"notional_usd":893.62874969,"fee_usd":0.536177249814,"balance_before_usd":10000.0,"balance_after_usd":9999.245208947887,"decision":"ALLOW","cert_hash":"7dcca95830fdaf902bfbea293e84c4eae5d63d51976c4e0eb1cf61262c3110d8","prev_hash":"0000000000000000000000000000000000000000000000000000000000000000","record_hash":"f37538e7a754a5f22f96c0d59f7cc0bab18293b43368acffdfcaaeb9662371ee","signature_hex":"ea3440ed0c4a660a374af950e8e325df7e9cc6ced7825bb7d60a495b8d2d5943e146e0799ab561cace5aa79aadc5c9b13528b64c0942f6422eb36acca98ce40c","public_key_hex":"c2f8243b0d573587f285c830a868acd19249d17d59ecbf9329e796dfed6fb630"}
{"seq":1,"ts":1781815800000,"agent_id":"swarm","symbol":"ETHUSDT","side":"sell","price":1710.4513748153006,"quantity":0.5226694081827007,"notional_usd":894.0006078,"fee_usd":0.53640036468,"balance_before_usd":9999.835680863824,"balance_after_usd":9999.080477921607,"decision":"ALLOW","cert_hash":"7175fc715997ead9ebab66d4014271a700d1236c7b6219bc91c93a09afe4026a","prev_hash":"f37538e7a754a5f22f96c0d59f7cc0bab18293b43368acffdfcaaeb9662371ee","record_hash":"1a3dfda0590b72bd4d3fae4b47a7e690580275e808f5c785b980ccd9b9e02a3b","signature_hex":"f908fb86031371f3a443c8bcbbdd6f573482a14d08fc1909090301cb82cd0f53b16ea10820d0e6131d143acbd0fd01498b138d0c8eabfb056feae81bea29a100","public_key_hex":"c2f8243b0d573587f285c830a868acd19249d17d59ecbf9329e796dfed6fb630"}
{"seq":2,"ts":1781816160000,"agent_id":"swarm","symbol":"ETHUSDT","side":"buy","price":1710.6475272508624,"quantity":0.515836644231501,"notional_usd":882.41467992,"fee_usd":0.5294488079520001,"balance_before_usd":9999.080559770986,"balance_after_usd":9998.335735107074,"decision":"ALLOW","cert_hash":"4c76966f0e1afb9d5e1384ccc43a332ea7d490b35fe965b0ff91c964deec8585","prev_hash":"1a3dfda0590b72bd4d3fae4b47a7e690580275e808f5c785b980ccd9b9e02a3b","record_hash":"0b51b949a41851594b80c5bcac510481032ff943d64633c7257befa355b76fa5","signature_hex":"3d5b4a1899a36c16158db50092c7d447d918fc00706c3e66fd50cd68cd27e016a503036f4ddfa44a564aebdf7f5b064929af37b8e0c7089508ebbd8b3effbe06","public_key_hex":"c2f8243b0d573587f285c830a868acd19249d17d59ecbf9329e796dfed6fb630"}
{"seq":3,"ts":1781816460000,"agent_id":"swarm","symbol":"ETHUSDT","side":"sell","price":1710.2024467677718,"quantity":0.5158346670695597,"notional_usd":882.18170975,"fee_usd":0.5293090258500001,"balance_before_usd":9998.536861521357,"balance_after_usd":9997.79216406298,"decision":"ALLOW","cert_hash":"f09a2b2ade06b160d8fe92b738080f47f0039a40b11f102808b31f3c04f21c8d","prev_hash":"0b51b949a41851594b80c5bcac510481032ff943d64633c7257befa355b76fa5","record_hash":"cd8c01fea8f7ddaf66cb9a43e9a877adee018b63407592160258c83fbc719bdb","signature_hex":"c90b9e8c450ecab1c77f5839741de48a7d7617f835b336a973ea9d69432427fe3fdf3d50c3959775eaf7f94be3004ee1c97382a4347bd841fc3fb7491988c001","public_key_hex":"c2f8243b0d573587f285c830a868acd19249d17d59ecbf9329e796dfed6fb630"}
{"seq":4,"ts":1781817000000,"agent_id":"swarm","symbol":"ETHUSDT","side":"buy","price":1705.68718819648,"quantity":0.5233310618483556,"notional_usd":892.63908738,"fee_usd":0.535583452428,"balance_before_usd":9997.792837694817,"balance_after_usd":9997.038926700534,"decision":"ALLOW","cert_hash":"2c6664425f3e8781abcd23ca9a1d7cf4504870895cd378c41a2ffb9497520c14","prev_hash":"cd8c01fea8f7ddaf66cb9a43e9a877adee018b63407592160258c83fbc719bdb","record_hash":"6a20bb5418864dca0fc846b63615242a82e28198467e9984df5b1fa5ca9ed093","signature_hex":"d40158daf9d3c44ad036eeb7193aeada67d2d6bb366019644ccc3b0a1143cad4afa2aef210580b45f4dc34e891069b071f461f959ded7e84da20ae51b2e0f204","public_key_hex":"c2f8243b0d573587f285c830a868acd19249d17d59ecbf9329e796dfed6fb630"}
{"seq":5,"ts":1781817360000,"agent_id":"swarm","symbol":"ETHUSDT","side":"sell","price":1703.6532450541915,"quantity":0.5233331380363379,"notional_usd":891.57819886,"fee_usd":0.534946919316,"balance_before_usd":9996.411080521308,"balance_after_usd":9995.65803192841,"decision":"ALLOW","cert_hash":"741967e0f5b02c8eecd3ad8f4ed015eee6d1b8172fd3483502b330488f344004","prev_hash":"6a20bb5418864dca0fc846b63615242a82e28198467e9984df5b1fa5ca9ed093","record_hash":"bc5cdbd33cf52d4130b94daca8d820baae7918f07711be8439e085bc8294564b","signature_hex":"ae4a8c665b0c9a9438cc892c61ddca03bf07aefa27ded4791d538136dc9511e14a3e2e6aa68789fef90bc55ee85bff9ef53f8ef4dfef486ad9047f84c1ea800e","public_key_hex":"c2f8243b0d573587f285c830a868acd19249d17d59ecbf9329e796dfed6fb630"}
{"seq":6,"ts":1781818500000,"agent_id":"swarm","symbol":"ETHUSDT","side":"sell","price":1708.3908594298687,"quantity":0.5302845933115867,"notional_usd":905.93335211,"fee_usd":0.5435600112660001,"balance_before_usd":9995.657425262061,"balance_after_usd":9994.891601464022,"decision":"ALLOW","cert_hash":"e1f84ead9241eb59f4db9bbe1098ca4fd7e5cdece0850854ce50f9510d788171","prev_hash":"bc5cdbd33cf52d4130b94daca8d820baae7918f07711be8439e085bc8294564b","record_hash":"93540fa74870ec935088e57d0863f56cc9bbf08e9b426281da5bfe9fde7494b8","signature_hex":"903d4d71380d8058b07fdeb6236aed1b6ebc459b07d8944f69bd276cd446e37580f9248ea2a2d2e9e65d6349555e984e4de208641db5d4f5c072e750042c3202","public_key_hex":"c2f8243b0d573587f285c830a868acd19249d17d59ecbf9329e796dfed6fb630"}
{"seq":7,"ts":1781818620000,"agent_id":"swarm","symbol":"ETHUSDT","side":"buy","price":1706.2683677968146,"quantity":0.5302825276883675,"notional_usd":904.80430299,"fee_usd":0.542882581794,"balance_before_usd":9996.46162270672,"balance_after_usd":9995.696886992127,"decision":"ALLOW","cert_hash":"c5e9181b03540d6f33a3ccdebf14206c20170c280bd2260e20fcf80cbca778e6","prev_hash":"93540fa74870ec935088e57d0863f56cc9bbf08e9b426281da5bfe9fde7494b8","record_hash":"a95089b26451dd74aebebe6fc4d91d876e47897a1a3fabeb88a219838e20f67d","signature_hex":"2b1d024e9d66ee96a301e88bc7b8bfd5d989453caaa3b4f61a95eb52efa54cbbce0545f53a2e4195e7e379198091bd28b7d64964e915996b238730a7a8c1460f","public_key_hex":"c2f8243b0d573587f285c830a868acd19249d17d59ecbf9329e796dfed6fb630"}
{"seq":8,"ts":1781819880000,"agent_id":"swarm","symbol":"ETHUSDT","side":"sell","price":1707.9710963986672,"quantity":0.529496693806408,"notional_usd":904.36504866,"fee_usd":0.542619029196,"balance_before_usd":9995.696556654195,"balance_after_usd":9994.932129553068,"decision":"ALLOW","cert_hash":"85883adf0faf401751539f7b7b2f1874f5f891186f719a182ed67068f5197b21","prev_hash":"a95089b26451dd74aebebe6fc4d91d876e47897a1a3fabeb88a219838e20f67d","record_hash":"12379cfdcec4495b84b680a22e87d452d07a9b01fd90e3922f8d3ea453fa0aff","signature_hex":"fe3e333eb7ff6746dff5adf0f7e3106dcb9020a94609754251b06da150bb52341688d0f207e406c38d0758f12941a756f018f5d8a01d43331131a7128329ed02","public_key_hex":"c2f8243b0d573587f285c830a868acd19249d17d59ecbf9329e796dfed6fb630"}
{"seq":9,"ts":1781820000000,"agent_id":"swarm","symbol":"ETHUSDT","side":"buy","price":1707.4185874047791,"quantity":0.5294969058490581,"notional_usd":904.07285902,"fee_usd":0.542443715412,"balance_before_usd":9995.668310732943,"balance_after_usd":9994.904226281873,"decision":"ALLOW","cert_hash":"5470493a99835278407753e98ff49ae983f4035609cb6f500bc3c653cd95a421","prev_hash":"12379cfdcec4495b84b680a22e87d452d07a9b01fd90e3922f8d3ea453fa0aff","record_hash":"4f5af2adab1dd439a980c5dca12668bf65a0d3bdc5c394e0f0c0fba1a4c585f1","signature_hex":"214f5d4eb04ad75b13f7db8a9b50e32614d69c142804a73f6d6ad3af15dbbc3b173f43eb6587695927fea3880ebb8fb65a9a8bef78a5d3b8226b25855cd8f103","public_key_hex":"c2f8243b0d573587f285c830a868acd19249d17d59ecbf9329e796dfed6fb630"}
{"seq":10,"ts":1781821140000,"agent_id":"swarm","symbol":"ETHUSDT","side":"buy","price":1703.1466298082892,"quantity":0.5245462410013172,"notional_usd":893.37916254,"fee_usd":0.536027497524,"balance_before_usd":9994.90478070833,"balance_after_usd":9994.150211610977,"decision":"ALLOW","cert_hash":"1581e3411dc923109ac8fa09bd7a381900523e570a4c2781270e474eae1928d2","prev_hash":"4f5af2adab1dd439a980c5dca12668bf65a0d3bdc5c394e0f0c0fba1a4c585f1","record_hash":"8aa9f13b351fdece08b2e9780d7f8716ac35520cf530d4b529f2ae38f3a16418","signature_hex":"18c78c0187f097e1605d5d441c700e10e2a1dc90b936e022aa65f3b0631d4bad2452a20b5aa75f089dae2856c333eacdc17e1f8b9e4c3f62b474acd557bc2906","public_key_hex":"c2f8243b0d573587f285c830a868acd19249d17d59ecbf9329e796dfed6fb630"}
{"seq":11,"ts":1781821440000,"agent_id":"swarm","symbol":"ETHUSDT","side":"sell","price":1702.56338456239,"quantity":0.5245447228735899,"notional_usd":893.07063873,"fee_usd":0.535842383238,"balance_before_usd":9994.281315710661,"balance_after_usd":9993.526939898156,"decision":"ALLOW","cert_hash":"baa50abf0db22751dbabcfd4a0bc537c06d875998c2285c6533c8780f0147f1b","prev_hash":"8aa9f13b351fdece08b2e9780d7f8716ac35520cf530d4b529f2ae38f3a16418","record_hash":"0529b409057da2f86141934766cc057ce98ca3bc7e39d993596226f517ba2be0","signature_hex":"ce06202e458c0cdef450c68ad690152c29e65327814b2cb06ba789b142e7a1e4daa713adf3aa04a48a5ddf34f483dd69b1d93760d3d28693c5506d72b7ff3303","public_key_hex":"c2f8243b0d573587f285c830a868acd19249d17d59ecbf9329e796dfed6fb630"}
{"seq":12,"ts":1781822880000,"agent_id":"swarm","symbol":"ETHUSDT","side":"sell","price":1704.3146476890909,"quantity":0.5811896005547311,"notional_usd":990.52994931,"fee_usd":0.594317969586,"balance_before_usd":9993.52671404768,"balance_after_usd":9992.68518573842,"decision":"ALLOW","cert_hash":"b3c03a7d05f147dd5140e1f17731b7ce0fa5d11edc2dcd6f29a3d3f81b0242d8","prev_hash":"0529b409057da2f86141934766cc057ce98ca3bc7e39d993596226f517ba2be0","record_hash":"4e809f7ddf5d5d30030798beb93a1fb1533cfeb797df802314b406d59004336b","signature_hex":"81f56f0b90a78e7e87b8b834b4d7e0b7cbd2fc1622cfdc8dbde15fb47579a1df5e499b62f9b602c688916bd7629af4c52e36adb809f98924a7ab1fef64c7eb03","public_key_hex":"c2f8243b0d573587f285c830a868acd19249d17d59ecbf9329e796dfed6fb630"}
{"seq":13,"ts":1781823000000,"agent_id":"swarm","symbol":"ETHUSDT","side":"sell","price":1705.5805527318323,"quantity":0.1256395501383818,"notional_usd":214.28837337,"fee_usd":0.128573024022,"balance_before_usd":9991.987604228796,"balance_after_usd":9991.813870411703,"decision":"ALLOW","cert_hash":"56547b1816c64ab37481c6c4b3ec322acd19d79f2c65990ae993ca131f77c834","prev_hash":"4e809f7ddf5d5d30030798beb93a1fb1533cfeb797df802314b406d59004336b","record_hash":"2a1f1ab2c7cd9b21b12cd7f4507b2a1c9f24f9d758a0615a5ec0d6bda828fb00","signature_hex":"a9c92f4683e24338a835ebdb7d6855fc8e47879932552186fa38aabffcea8b774ef996c86bb9e8aa68fff12e150ae4cb269bdb6e7c3644d7e1715b3b3b9ba506","public_key_hex":"c2f8243b0d573587f285c830a868acd19249d17d59ecbf9329e796dfed6fb630"}
{"seq":14,"ts":1781823240000,"agent_id":"swarm","symbol":"ETHUSDT","side":"buy","price":1706.456070456127,"quantity":0.17059275935078014,"notional_usd":291.10904977,"fee_usd":0.174665429862,"balance_before_usd":9991.70782679048,"balance_after_usd":9991.470712391389,"decision":"ALLOW","cert_hash":"790aa229e787041f64f9c3717c855c836fcfa2998ccd750425c0014bd376fb0b","prev_hash":"2a1f1ab2c7cd9b21b12cd7f4507b2a1c9f24f9d758a0615a5ec0d6bda828fb00","record_hash":"16379abd424154d50670f269f944e3079a2c1d927b2068490fa037d309373b3e","signature_hex":"e5d62649a94ece431034608f68660e4d2703b5bbe93b773b3b7f3415059930c0901b137fc84e6621adbddf5b75a674b96d6fa0e44f70b9289aa3c81fc1e9280d","public_key_hex":"c2f8243b0d573587f285c830a868acd19249d17d59ecbf9329e796dfed6fb630"}
{"seq":15,"ts":1781823360000,"agent_id":"swarm","symbol":"ETHUSDT","side":"buy","price":1706.6093330144615,"quantity":0.5362329246632833,"notional_usd":915.1401139,"fee_usd":0.54908406834,"balance_before_usd":9991.41707591984,"balance_after_usd":9990.64313168275,"decision":"ALLOW","cert_hash":"1f386e95de12ada3ba6f7fcfdfcb33e250f79617bee7a8fc47ad94e50e5c68ec","prev_hash":"16379abd424154d50670f269f944e3079a2c1d927b2068490fa037d309373b3e","record_hash":"e7003b3d0baa74b2f778cb4357acc6a6912d4b4b66d4f0a9c27c0be1f34c31a7","signature_hex":"c8895ffef8f5589a317a8b9dff1b505a8dc039e0d5baba22443b6eb2f14099097a4d432237d731b829b14433734fefc3789aba4d84cf604b5914a3a73c47f706","public_key_hex":"c2f8243b0d573587f285c830a868acd19249d17d59ecbf9329e796dfed6fb630"}
{"seq":16,"ts":1781824200000,"agent_id":"swarm","symbol":"ETHUSDT","side":"buy","price":1703.4782877723683,"quantity":0.5353161760180033,"notional_usd":911.89948294,"fee_usd":0.547139689764,"balance_before_usd":9990.643544187993,"balance_after_usd":9989.87248828745,"decision":"ALLOW","cert_hash":"12ab999e949a47f40acd68a6172061ccdb79508f166925d5da14f4cedcda3158","prev_hash":"e7003b3d0baa74b2f778cb4357acc6a6912d4b4b66d4f0a9c27c0be1f34c31a7","record_hash":"a9ea23c93718bbd18b1f228dd1ae8f0f9b77805a6dfa5aca29d4de175ebbb835","signature_hex":"5646502e599d46039551adaf9d46bbbdaf044db7013fbc38943cb7c3c02546bdb5a0cf5b16dbeeb765323ea99bf00b3bf08b13179256017ee6307ab97ad0a40d","public_key_hex":"c2f8243b0d573587f285c830a868acd19249d17d59ecbf9329e796dfed6fb630"}
{"seq":17,"ts":1781824320000,"agent_id":"swarm","symbol":"ETHUSDT","side":"sell","price":1704.3313079153827,"quantity":0.5353158605036299,"notional_usd":912.35558068,"fee_usd":0.547413348408,"balance_before_usd":9990.776949898447,"balance_after_usd":9990.005404036476,"decision":"ALLOW","cert_hash":"569a59de33e6e053bc5ce38552aa7a9e35d87ed4fa34afe70c1b260158882e48","prev_hash":"a9ea23c93718bbd18b1f228dd1ae8f0f9b77805a6dfa5aca29d4de175ebbb835","record_hash":"682b323b8453412c218cfc14887096a48fa5b51abc9586f4ac3e6bfb548d5c6b","signature_hex":"1ded0cd47699189abe53083cbd7d43ed8ccf9bc501487bebb4309240eca9fd6104f87a19deb10607a2d41568806bd3f6ecabed47ba7dea6c16f9769fbf11580f","public_key_hex":"c2f8243b0d573587f285c830a868acd19249d17d59ecbf9329e796dfed6fb630"}
{"seq":18,"ts":1781824440000,"agent_id":"swarm","symbol":"ETHUSDT","side":"buy","price":1702.614372531114,"quantity":0.5100294569104672,"notional_usd":868.38348375,"fee_usd":0.52103009025,"balance_before_usd":9990.005739298487,"balance_after_usd":9989.273367011234,"decision":"ALLOW","cert_hash":"228db572c47ace4db97791e62cf0fa7d3286fef5a38ab7a67f39f58efe64c42d","prev_hash":"682b323b8453412c218cfc14887096a48fa5b51abc9586f4ac3e6bfb548d5c6b","record_hash":"c8a5a6d670cc8a1ffe8a2c6c021fcfe75078e47810b2a94fbc0123ecd2a5fe4b","signature_hex":"800fd6a400387835645246d3defbc970b922c0e3040b8bcea465ba1d8d605fd500b863d5ce4be188bdf835b3e4e610997deadeb74c83492556366f14a2351009","public_key_hex":"c2f8243b0d573587f285c830a868acd19249d17d59ecbf9329e796dfed6fb630"}
{"seq":19,"ts":1781824560000,"agent_id":"swarm","symbol":"ETHUSDT","side":"sell","price":1703.0953376050143,"quantity":0.5100221294020426,"notional_usd":868.61631066,"fee_usd":0.521169786396,"balance_before_usd":9989.941333367145,"balance_after_usd":9989.208676583075,"decision":"ALLOW","cert_hash":"6f00c536930befa16d0cb47b7f5bcecdf894c9a12d509c08f6de37608ce95453","prev_hash":"c8a5a6d670cc8a1ffe8a2c6c021fcfe75078e47810b2a94fbc0123ecd2a5fe4b","record_hash":"6dcd3e591d779073e1e13dbc352145afe3047f2d0c37889d867cfaf87dd4d1cb","signature_hex":"37287c019cd2340a1a4abb86199bd184963074f09c8577cee4d8823106d88d3ee399d84258bd637e3bf024fbca98721bd9baf6c9cea1cc4e9d538540ab6c9203","public_key_hex":"c2f8243b0d573587f285c830a868acd19249d17d59ecbf9329e796dfed6fb630"}
{"seq":20,"ts":1781825040000,"agent_id":"swarm","symbol":"ETHUSDT","side":"sell","price":1706.5769502421176,"quantity":0.49209264731417807,"notional_usd":839.79396929,"fee_usd":0.5038763815739999,"balance_before_usd":9989.208244548765,"balance_after_usd":9988.501109418363,"decision":"ALLOW","cert_hash":"1455d02f1ff6209627e1f7df51bb5a5f9786e660603928544f7e8ceff0f174c5","prev_hash":"6dcd3e591d779073e1e13dbc352145afe3047f2d0c37889d867cfaf87dd4d1cb","record_hash":"75b1a26890fdd9cf45689e1c231edb347d1134a3db877127ebbf69837cd00022","signature_hex":"d27071bae8fb1c7a92d0c0779fb1e851da34ffb8eab2546708838ae7bb2ee92c6960b41357caa58c2f21d9fb22168e8e5eae85084d5e04b5eeb6ee951431510f","public_key_hex":"c2f8243b0d573587f285c830a868acd19249d17d59ecbf9329e796dfed6fb630"}
{"seq":21,"ts":1781825100000,"agent_id":"swarm","symbol":"ETHUSDT","side":"buy","price":1706.7329433763475,"quantity":0.49209770343947723,"notional_usd":839.87936182,"fee_usd":0.5039276170920001,"balance_before_usd":9988.830894671082,"balance_after_usd":9988.12375856684,"decision":"ALLOW","cert_hash":"a1a2cb4a27c74137848bef39947865dd0b8cf231a3ff693451012a26f1d1d2bf","prev_hash":"75b1a26890fdd9cf45689e1c231edb347d1134a3db877127ebbf69837cd00022","record_hash":"964b09d477fe4978ceba549135e5027a4cac8b04c8e8a8c4fb898696bb711948","signature_hex":"2e358303979c60a2f9932408027202d483f82791186c7bf178629e3177d834acd7f11a917b9c5f4b2fbebc2cfec906ed8501d6f800c0ff85d83c99f6ec489b0a","public_key_hex":"c2f8243b0d573587f285c830a868acd19249d17d59ecbf9329e796dfed6fb630"}
{"seq":22,"ts":1781825220000,"agent_id":"swarm","symbol":"ETHUSDT","side":"sell","price":1706.9319589879417,"quantity":0.5256490360998264,"notional_usd":897.24713893,"fee_usd":0.538348283358,"balance_before_usd":9988.123635902426,"balance_after_usd":9987.365544764027,"decision":"ALLOW","cert_hash":"69bbb1f7757d5638c6681bd38eb4ae137d29300a2633446088ea045013f79a1a","prev_hash":"964b09d477fe4978ceba549135e5027a4cac8b04c8e8a8c4fb898696bb711948","record_hash":"4c21839343bd5e67c59087884eb73050e993429ac1fa84249b212631dae5262a","signature_hex":"26fb6d2c2a752af09fe4d276de8caf75eb0977afdebabc95fb21957de260b6f6de4d2fe21c7415ce03304d13bb54629fda48b8bcbeeb687f721fb8750b18d80a","public_key_hex":"c2f8243b0d573587f285c830a868acd19249d17d59ecbf9329e796dfed6fb630"}
{"seq":23,"ts":1781825340000,"agent_id":"swarm","symbol":"ETHUSDT","side":"sell","price":1708.1089535029546,"quantity":0.13276106996860124,"notional_usd":226.77037229,"fee_usd":0.136062223374,"balance_before_usd":9986.77668446093,"balance_after_usd":9986.592689318302,"decision":"ALLOW","cert_hash":"b502a5429c367f44dabf3abaacc45acfe3adb8f5c40b7970fed24a1f549008d4","prev_hash":"4c21839343bd5e67c59087884eb73050e993429ac1fa84249b212631dae5262a","record_hash":"750f3eae4a47ac3b1946fcf299f34ff79399177878f73bcef044c17690eae231","signature_hex":"fd881f6bdcdb9f7e48d75e83cf6922e721f541e9a6784aa81812eb0a8089043ebde11c7fde8eb17355c7a214936c677da8b96480a6ddfed1a8398f5c11151000","public_key_hex":"c2f8243b0d573587f285c830a868acd19249d17d59ecbf9329e796dfed6fb630"}
{"seq":24,"ts":1781825640000,"agent_id":"swarm","symbol":"ETHUSDT","side":"buy","price":1709.4748656457266,"quantity":0.15760964630399948,"notional_usd":269.42972894,"fee_usd":0.16165783736400002,"balance_before_usd":9986.171230631753,"balance_after_usd":9985.952066449017,"decision":"ALLOW","cert_hash":"2279a6415cb5fb0b20fa29d148eb74f2cf2d9b4953a6727341b275b4c463c0dc","prev_hash":"750f3eae4a47ac3b1946fcf299f34ff79399177878f73bcef044c17690eae231","record_hash":"26d05691386d6fa84b282eb317a9f50b52eed7fd8d6b5b704df986e8259b1625","signature_hex":"d0fd4cb00676769128c06012dd00b1aa121d5094e43911fadf8f2d23d6fba2ae4b12afa35f80b4018eca72a0a395296f181aadea7460757f8d57cb5d0acf1000","public_key_hex":"c2f8243b0d573587f285c830a868acd19249d17d59ecbf9329e796dfed6fb630"}
{"seq":25,"ts":1781825700000,"agent_id":"swarm","symbol":"ETHUSDT","side":"buy","price":1709.3749642909622,"quantity":0.5007979492463696,"notional_usd":856.05147661,"fee_usd":0.513630885966,"balance_before_usd":9986.027204381731,"balance_after_usd":9985.305760229841,"decision":"ALLOW","cert_hash":"45b2a7c9a37bbf8f8bb04dcbf05febc8813f9802fae5f3a0f7d1e8f8ab8cca94","prev_hash":"26d05691386d6fa84b282eb317a9f50b52eed7fd8d6b5b704df986e8259b1625","record_hash":"abce275ef4c661806c2d81bce96e45830c9fa548a49ca9db73ae5f924a577d9b","signature_hex":"36e95b07ccc9affe63ca84325373c65052657459d51265967267b249b152287e23120766a2b7ff7e4a5d2e1d811d1e5f84c97eaa8e95038323e7e2a22231e302","public_key_hex":"c2f8243b0d573587f285c830a868acd19249d17d59ecbf9329e796dfed6fb630"}
{"seq":26,"ts":1781827680000,"agent_id":"swarm","symbol":"ETHUSDT","side":"buy","price":1708.36511803359,"quantity":0.5038285572997027,"notional_usd":860.72313276,"fee_usd":0.516433879656,"balance_before_usd":9985.305883048046,"balance_after_usd":9984.580300848416,"decision":"ALLOW","cert_hash":"20d9f26be4412b1b2fadfe8b515d2767d9e5695ce74882bd72fce5612512dcd7","prev_hash":"abce275ef4c661806c2d81bce96e45830c9fa548a49ca9db73ae5f924a577d9b","record_hash":"be67dc3354a30fd49acd838f5715898a9d72e8a14c4299649a082d70e9bcf9a0","signature_hex":"f28a29b1b129c9142f0d97357193d672aabef47dc7ba8e2b372a15ecd8b8b1f2f0a66596a6382d825b64bd404bde82d3cdba50d476845019fed83797e4144a00","public_key_hex":"c2f8243b0d573587f285c830a868acd19249d17d59ecbf9329e796dfed6fb630"}
{"seq":27,"ts":1781827740000,"agent_id":"swarm","symbol":"ETHUSDT","side":"sell","price":1708.754617447405,"quantity":0.5038294016528087,"notional_usd":860.92081648,"fee_usd":0.516552489888,"balance_before_usd":9985.194823333659,"balance_after_usd":9984.46898890084,"decision":"ALLOW","cert_hash":"4452074a3219e96aa727f260775786c1e911d37f25075c5412b417d4b7f0de9e","prev_hash":"be67dc3354a30fd49acd838f5715898a9d72e8a14c4299649a082d70e9bcf9a0","record_hash":"5ceba8704cee61862fc936193436f79eff26bb99cf3e15c14a63eb5875fed949","signature_hex":"4a781fbd1a4af0d37461e1c35d8387be9ea095b83508a6e0873d6866f3a033e7745c13cf89c8fece3b7073869b3a76e435646e243bb5d60bb81f4688ffcbad0c","public_key_hex":"c2f8243b0d573587f285c830a868acd19249d17d59ecbf9329e796dfed6fb630"}
{"seq":28,"ts":1781828640000,"agent_id":"swarm","symbol":"ETHUSDT","side":"sell","price":1712.1044952848235,"quantity":0.49812288112012865,"notional_usd":852.83842397,"fee_usd":0.511703054382,"balance_before_usd":9984.468578704946,"balance_after_usd":9983.749903244721,"decision":"ALLOW","cert_hash":"c6c8ae0adabfad92232948b92c2ccabae0f8cc896eab48a9e7290123680b5053","prev_hash":"5ceba8704cee61862fc936193436f79eff26bb99cf3e15c14a63eb5875fed949","record_hash":"f5af8a989d45d2289ee47db9139d35188d01dd65e886d08b16b3aa4d585d4722","signature_hex":"7f1a9d380442d3702a1ac172f89b1917be22dc7554ccd85441d189f3880f63783c5add0ceeb2206686c1073eda3885d7b51dd1a07e9f12866830c6f53ee48e07","public_key_hex":"c2f8243b0d573587f285c830a868acd19249d17d59ecbf9329e796dfed6fb630"}
{"seq":29,"ts":1781828760000,"agent_id":"swarm","symbol":"ETHUSDT","side":"buy","price":1712.4554522920919,"quantity":0.49812445025548135,"notional_usd":853.01593076,"fee_usd":0.5118095584560001,"balance_before_usd":9983.989061001996,"balance_after_usd":9983.270304498934,"decision":"ALLOW","cert_hash":"b052ef79947bedb5457231ef1513bfcb2ae6a8a9137f29a7a9294e07fafa7765","prev_hash":"f5af8a989d45d2289ee47db9139d35188d01dd65e886d08b16b3aa4d585d4722","record_hash":"aeab6e07f13556383f8c7d5f3040a74b51dcebb75bf92f04b524d9b1930d986e","signature_hex":"d557319f166b8b1d4806c35840c399ab05d28e3a01a98593f53bfdbee724bc8fbffb3715061d4e58899a42e32eb1b69e3646961829b1a8921e7bbefbbe487d04","public_key_hex":"c2f8243b0d573587f285c830a868acd19249d17d59ecbf9329e796dfed6fb630"}
{"seq":30,"ts":1781830680000,"agent_id":"swarm","symbol":"ETHUSDT","side":"buy","price":1712.6760093819905,"quantity":0.5697054790661098,"notional_usd":975.72090641,"fee_usd":0.5854325438460001,"balance_before_usd":9983.270279114678,"balance_after_usd":9982.442146691777,"decision":"ALLOW","cert_hash":"452b33f957795031bbc7460c443d53bf2e96df14bbc1c571df6a2e6ea21542e6","prev_hash":"aeab6e07f13556383f8c7d5f3040a74b51dcebb75bf92f04b524d9b1930d986e","record_hash":"4e084c82d6fd9215836a3b797748291712d11089ce72008fb5650f4f0742a4cc","signature_hex":"8d2d32a8ac84717409a270f9c8a7d11616de39cc3adc517c7719c96ea1cff58ac8aa0f24ac6423e8bf043ef2c24d4ba57af6c41aa3cf006b3114ff00a730470a","public_key_hex":"c2f8243b0d573587f285c830a868acd19249d17d59ecbf9329e796dfed6fb630"}
{"seq":31,"ts":1781830860000,"agent_id":"swarm","symbol":"ETHUSDT","side":"sell","price":1712.753803357019,"quantity":0.5697263354297727,"notional_usd":975.80094788,"fee_usd":0.585480568728,"balance_before_usd":9982.971860371326,"balance_after_usd":9982.14356435102,"decision":"ALLOW","cert_hash":"a4076b4fba84cd91c08b0cb268b439964c04d32a3c654fdb573161c3578c5dc7","prev_hash":"4e084c82d6fd9215836a3b797748291712d11089ce72008fb5650f4f0742a4cc","record_hash":"3816a393521e5c48bad2f4a38fb8b1b0cbda0efc06c43b9e9cac3ba0ec8e6918","signature_hex":"7fab195dd85b351a239ca1e41f1497a71634f1d381e1a57049aa1db109a458927dae66cc7c09babc150d076427de8dbf713e79c424e2ac661da382adff2fcb0b","public_key_hex":"c2f8243b0d573587f285c830a868acd19249d17d59ecbf9329e796dfed6fb630"}
{"seq":32,"ts":1781832780000,"agent_id":"swarm","symbol":"ETHUSDT","side":"buy","price":1706.3434019413858,"quantity":0.49600881793609397,"notional_usd":846.36137379,"fee_usd":0.507816824274,"balance_before_usd":9982.14459192081,"balance_after_usd":9981.431724088257,"decision":"ALLOW","cert_hash":"9cd9a80a6c74050c559225e1a52da94baaa91009ec05003ff3d0a26d7d9a2718","prev_hash":"3816a393521e5c48bad2f4a38fb8b1b0cbda0efc06c43b9e9cac3ba0ec8e6918","record_hash":"62ede36329b6583b773a3958bbbc245b566e24db838fee875da9bccc9b104157","signature_hex":"93e65a605e185cc80d4ba5a279e93ada93d65c72a05ef198784529a44ae0575fe5a32f04bfe64099dedbfd574e4a8e580359dedfad88d4a0a3352cbdc0c45809","public_key_hex":"c2f8243b0d573587f285c830a868acd19249d17d59ecbf9329e796dfed6fb630"}
{"seq":33,"ts":1781832900000,"agent_id":"swarm","symbol":"ETHUSDT","side":"sell","price":1706.74633466324,"quantity":0.4959872678308863,"notional_usd":846.52445141,"fee_usd":0.507914670846,"balance_before_usd":9982.041640601788,"balance_after_usd":9981.328553190766,"decision":"ALLOW","cert_hash":"67626615d28a5f5f3e9d1ed3e73706c36d260f4f17976a8c6b3eac521d002c28","prev_hash":"62ede36329b6583b773a3958bbbc245b566e24db838fee875da9bccc9b104157","record_hash":"6ef2afd3f7f42bfe8888fbd60c4cdf5f75edb694fef495e290332e5e442fc7d1","signature_hex":"5fbda3503488c9ac51274ecded6564d80a48a63e54001626679ef8d02913f6ab19f5f18caea68e314fbf78dae50436b0e9eb7a3b5bc277fb6e215633ffccf708","public_key_hex":"c2f8243b0d573587f285c830a868acd19249d17d59ecbf9329e796dfed6fb630"}
{"seq":34,"ts":1781834040000,"agent_id":"swarm","symbol":"ETHUSDT","side":"sell","price":1711.5760306504749,"quantity":0.5569184573166397,"notional_usd":953.20828257,"fee_usd":0.571924969542,"balance_before_usd":9981.327971501856,"balance_after_usd":9980.519930176228,"decision":"ALLOW","cert_hash":"1695ff7787cfc4daf4acb926e7dab76070d3233a920c7e6881272a11938091d0","prev_hash":"6ef2afd3f7f42bfe8888fbd60c4cdf5f75edb694fef495e290332e5e442fc7d1","record_hash":"950895784be450d555a1face00c16fa5687e78f557a2f52536baf9e1ad40c8eb","signature_hex":"894fc52cad83f6951eabf094ebdf283fab712950b94ad7a4a7ce65ab03cd2997d68192def638b12736ef0d69355077299639073eb321ad0cf74d174dc190480d","public_key_hex":"c2f8243b0d573587f285c830a868acd19249d17d59ecbf9329e796dfed6fb630"}
{"seq":35,"ts":1781834220000,"agent_id":"swarm","symbol":"ETHUSDT","side":"sell","price":1712.157449131939,"quantity":0.13687100265154492,"notional_usd":234.34470676,"fee_usd":0.140606824056,"balance_before_usd":9980.23027008292,"balance_after_usd":9980.04004055804,"decision":"ALLOW","cert_hash":"1c1cdf5e581c98aa881a543b1a622a08397b9d35607d2b42bdadf3bcbbba868d","prev_hash":"950895784be450d555a1face00c16fa5687e78f557a2f52536baf9e1ad40c8eb","record_hash":"8c2d49c21301845cd8ff1f0a7f7d717068d76cc04a91a36f4e4856c34035d5e6","signature_hex":"56c1cfea03066e09abe27d56ece6cbb637edc7b7ece05989dafa36de4cb6ad65fbfee94b93707d32d5d222d0d3568ca4563f96e5b0410948a2a118c8cd7ad802","public_key_hex":"c2f8243b0d573587f285c830a868acd19249d17d59ecbf9329e796dfed6fb630"}
{"seq":36,"ts":1781834460000,"agent_id":"swarm","symbol":"ETHUSDT","side":"buy","price":1712.5407631707665,"quantity":0.1248779430885144,"notional_usd":213.85856796,"fee_usd":0.128315140776,"balance_before_usd":9980.275969836874,"balance_after_usd":9980.102603333391,"decision":"ALLOW","cert_hash":"11b16469bd78aacc619b20715995f0f1b50e5cadd5c7d3e1373987f57c34cbcf","prev_hash":"8c2d49c21301845cd8ff1f0a7f7d717068d76cc04a91a36f4e4856c34035d5e6","record_hash":"ad2de593396ab15b5577a02ad17ed21eccd1ae9bf92851fe5f08f7f0db237b49","signature_hex":"122be1ccae91516e00e830c73993e4815d445280168f1555235246c1267ed64c05a7f82229c7f9bbc09057ced0d2e79879ec94dfcb0c36b0b6ae09c3edcccd02","public_key_hex":"c2f8243b0d573587f285c830a868acd19249d17d59ecbf9329e796dfed6fb630"}
{"seq":37,"ts":1781834820000,"agent_id":"swarm","symbol":"ETHUSDT","side":"buy","price":1711.5855656336087,"quantity":0.5688902174923088,"notional_usd":973.70428469,"fee_usd":0.584222570814,"balance_before_usd":9980.68301566794,"balance_after_usd":9979.856692971265,"decision":"ALLOW","cert_hash":"ae9c6274e1e7394ab164e1ee35d4d091b0f0f730c41487abb2f533748861cf94","prev_hash":"ad2de593396ab15b5577a02ad17ed21eccd1ae9bf92851fe5f08f7f0db237b49","record_hash":"bd8a5bc92543069046533bc70018f23a9a4adfd09a99d60f7973ad0d2b8f439d","signature_hex":"d7eac38ed02d0a38bc059ffd9af4d97e84998e7e520993dab88d6a881de0825a606d848942daf5ea6e9ac98b5cbbfe46b06503399f024c287faed52729630d00","public_key_hex":"c2f8243b0d573587f285c830a868acd19249d17d59ecbf9329e796dfed6fb630"}
{"seq":38,"ts":1781835420000,"agent_id":"swarm","symbol":"ETHUSDT","side":"buy","price":1709.8706287366795,"quantity":0.5385934390430557,"notional_usd":920.92510225,"fee_usd":0.55255506135,"balance_before_usd":9979.856934907273,"balance_after_usd":9979.077831968076,"decision":"ALLOW","cert_hash":"f3970c2ce1551ef4c387105e0835f225fabea62ae7248342c0baba68c67b074b","prev_hash":"bd8a5bc92543069046533bc70018f23a9a4adfd09a99d60f7973ad0d2b8f439d","record_hash":"e74a32d91725f171c8d90285cdf609af75ed48cd48efec948331fbd58300454b","signature_hex":"2b4d250a1c80b1a28b3b5b98acde8680f7e00b1e25644ea4045946e1279aac217824fb0d0afb6d32ae950438293523ecfef9587c1fe6d8c1b063d095722d8706","public_key_hex":"c2f8243b0d573587f285c830a868acd19249d17d59ecbf9329e796dfed6fb630"}
{"seq":39,"ts":1781835540000,"agent_id":"swarm","symbol":"ETHUSDT","side":"buy","price":1707.413686268625,"quantity":0.1527253338761009,"notional_usd":260.7653253,"fee_usd":0.15645919517999998,"balance_before_usd":9977.785547273685,"balance_after_usd":9977.573543971703,"decision":"ALLOW","cert_hash":"ddeab542bac6d8db1b5f079bf1bae31bdc2b2efe3f553a58b9ddbb264fb87147","prev_hash":"e74a32d91725f171c8d90285cdf609af75ed48cd48efec948331fbd58300454b","record_hash":"a8f72b933740cc4aabd364c6668e1008b548ea1ee4646ff6e906739cd6821be2","signature_hex":"526870e56191a78182a235c5c117e87b023cba435d4c58f229d5eeb9bfd1305e72f4abfe7fed2fd1dc26989d7720207da2438aeca43ee3f044a336be60b7ec05","public_key_hex":"c2f8243b0d573587f285c830a868acd19249d17d59ecbf9329e796dfed6fb630"}
{"seq":40,"ts":1781835840000,"agent_id":"swarm","symbol":"ETHUSDT","side":"sell","price":1706.5458216754923,"quantity":0.15665156728550744,"notional_usd":267.33307761,"fee_usd":0.160399846566,"balance_before_usd":9977.47677915112,"balance_after_usd":9977.25933019925,"decision":"ALLOW","cert_hash":"168d7d818e31ef6240b5589fab489e85085148b4d1564582c4dfa1b9dece24b2","prev_hash":"a8f72b933740cc4aabd364c6668e1008b548ea1ee4646ff6e906739cd6821be2","record_hash":"fb5d7aa7a910d049a8236bc98c8877a1298173820b8e3a9dcb1347a4b8878dde","signature_hex":"c1db741715e64ccd83c863e67ad2abe36b0f4f78acd59b1c8e8056579bd291f653e05e2bd8a753de0429f1880b46d7e24c82a44f64197da6058ce996488c2407","public_key_hex":"c2f8243b0d573587f285c830a868acd19249d17d59ecbf9329e796dfed6fb630"}
{"seq":41,"ts":1781835900000,"agent_id":"swarm","symbol":"ETHUSDT","side":"sell","price":1706.4807776176995,"quantity":0.5346570367781779,"notional_usd":912.38195588,"fee_usd":0.5474291735279999,"balance_before_usd":9977.253984942023,"balance_after_usd":9976.482415571823,"decision":"ALLOW","cert_hash":"9da189b11c1ceb172d0ffdcda69d5a9d0020c46af735a25db950c125cdd54986","prev_hash":"fb5d7aa7a910d049a8236bc98c8877a1298173820b8e3a9dcb1347a4b8878dde","record_hash":"5d135b193b73702ae5cc7b5a147acebae1b7768e869e380742072fa5c03fe5ef","signature_hex":"f9b9a516a5df855e76d783adf540bbd4df6385bc2aa0b420abfda5ceaf052143aae572b29dfb4d14457f64246aeb209e76d1d4bc981e2f184045eac971e6010b","public_key_hex":"c2f8243b0d573587f285c830a868acd19249d17d59ecbf9329e796dfed6fb630"}
{"seq":42,"ts":1781838000000,"agent_id":"swarm","symbol":"ETHUSDT","side":"sell","price":1706.4027864424656,"quantity":0.5210206318248863,"notional_usd":889.07105794,"fee_usd":0.5334426347639999,"balance_before_usd":9976.482426076958,"balance_after_usd":9975.731606570844,"decision":"ALLOW","cert_hash":"2291ee4fb7d03067d83d8a13a1e0055e5634005d44f51f6e6df8f156aaffc931","prev_hash":"5d135b193b73702ae5cc7b5a147acebae1b7768e869e380742072fa5c03fe5ef","record_hash":"62b234757005594b4828971212d957a424d16ca18f2b11f027fdb184f3c18412","signature_hex":"0b3e258cdae0ea28a05e0331e0b80b8f5a0a17721a021e483c6eca9a553a2fed203d5366ff39d21a826851ce5d896d1cd741df5912180ccb3d722d2e35805306","public_key_hex":"c2f8243b0d573587f285c830a868acd19249d17d59ecbf9329e796dfed6fb630"}
{"seq":43,"ts":1781838120000,"agent_id":"swarm","symbol":"ETHUSDT","side":"buy","price":1705.8168902660893,"quantity":0.5210245799602564,"notional_usd":888.77252874,"fee_usd":0.533263517244,"balance_before_usd":9976.471642334185,"balance_after_usd":9975.721168741162,"decision":"ALLOW","cert_hash":"9baeaa553670a1a32589dce00e4bbc50c1be5e6d54992f3bc6637f7fc0f5357b","prev_hash":"62b234757005594b4828971212d957a424d16ca18f2b11f027fdb184f3c18412","record_hash":"a14ad5603777f4645d43252ddae2045720b76317986f753e86035ef3c2a256bd","signature_hex":"4b0133f87ef7985ce4e05702032d32e881f83e0bddb350f48cb74672b8d3288302c50b1b20904cc308fa503d74a5f5933173716ff2a506a9b3f17e073fdead0c","public_key_hex":"c2f8243b0d573587f285c830a868acd19249d17d59ecbf9329e796dfed6fb630"}
{"seq":44,"ts":1781838780000,"agent_id":"swarm","symbol":"ETHUSDT","side":"buy","price":1695.8229435992366,"quantity":0.5136299373750213,"notional_usd":871.02543232,"fee_usd":0.522615259392,"balance_before_usd":9975.722441128057,"balance_after_usd":9974.987725673649,"decision":"ALLOW","cert_hash":"41064470d3754959dd6a3fef1021d25ef705f523c5c0c8d4fa7b0b147720df4b","prev_hash":"a14ad5603777f4645d43252ddae2045720b76317986f753e86035ef3c2a256bd","record_hash":"1e0150ee01415c5c15f453866ee67e96bbbb46eadf64ee474d998d806862ba1d","signature_hex":"7a79250f68ae3bef4dafdedafd94dbbd8d3fc0c724cf24ed1dfecf8b8d9fdd5feb5db1938daa61fb60b8de7596d62c755d7d7ac02065b70088d98f9c4714f50d","public_key_hex":"c2f8243b0d573587f285c830a868acd19249d17d59ecbf9329e796dfed6fb630"}
{"seq":45,"ts":1781838900000,"agent_id":"swarm","symbol":"ETHUSDT","side":"sell","price":1682.6406852629589,"quantity":0.513627484601644,"notional_usd":864.25050266,"fee_usd":0.518550301596,"balance_before_usd":9968.640833892141,"balance_after_usd":9967.912048291746,"decision":"ALLOW","cert_hash":"956897426f273571820ccf97b20d499cf1b609c22e9da627c78e3355e7ad6f5b","prev_hash":"1e0150ee01415c5c15f453866ee67e96bbbb46eadf64ee474d998d806862ba1d","record_hash":"682fe5c29b894e663ace2d9cb9af7226d7da098d70630f93a3991562dbdb648c","signature_hex":"572ebde4100acdab97459f956452f56a72897f3c16461b4253dc5c728ec4b7aea744e41bf1449ca3aa4737d3c8a063244e4095ab77594d60f1e49d5fd659dc03","public_key_hex":"c2f8243b0d573587f285c830a868acd19249d17d59ecbf9329e796dfed6fb630"}
{"seq":46,"ts":1781842620000,"agent_id":"swarm","symbol":"ETHUSDT","side":"sell","price":1701.2975340678563,"quantity":0.4984131089419304,"notional_usd":847.94899319,"fee_usd":0.508769395914,"balance_before_usd":9967.909717409902,"balance_after_usd":9967.195369586416,"decision":"ALLOW","cert_hash":"6da11a4645e93b7639672ba6512c5a1088dfdad2e97405ea3793eae7f2cf0bf0","prev_hash":"682fe5c29b894e663ace2d9cb9af7226d7da098d70630f93a3991562dbdb648c","record_hash":"b0a64ca0c25d1d4b079ab2911e1cd90cfe4ec3f5d2980772675c2731264eb164","signature_hex":"8431ec8726fcba4d01b257193cba50747c8ad46e839951e6b30cf8e72146b899cb8a2a3feb146dc4a526b76d34ae6375f3aea99fa70b792914ec69051f3c960b","public_key_hex":"c2f8243b0d573587f285c830a868acd19249d17d59ecbf9329e796dfed6fb630"}
{"seq":47,"ts":1781842680000,"agent_id":"swarm","symbol":"ETHUSDT","side":"buy","price":1699.211721260057,"quantity":0.4984172257957154,"notional_usd":846.91639215,"fee_usd":0.50814983529,"balance_before_usd":9968.646115231088,"balance_after_usd":9967.932756427559,"decision":"ALLOW","cert_hash":"de44228de9c086c85ef19293e968fef0689ebb0afe489961b5a245cf976ce977","prev_hash":"b0a64ca0c25d1d4b079ab2911e1cd90cfe4ec3f5d2980772675c2731264eb164","record_hash":"b5e1279d1c0577b9c5b46a205a15c5a0e1a60d61216ea51b69194aa4572d3bfd","signature_hex":"c6684cfa20d49a8db5b4b1e02023dc795f898378391b2c24a5ab6da76af9888c39f954f821272a82b7805fecc73f3e39f983d5a11e3d2a590b2e3aea1723c307","public_key_hex":"c2f8243b0d573587f285c830a868acd19249d17d59ecbf9329e796dfed6fb630"}
{"seq":48,"ts":1781843520000,"agent_id":"swarm","symbol":"ETHUSDT","side":"buy","price":1691.1316593475892,"quantity":0.514062095174411,"notional_usd":869.34668402,"fee_usd":0.521608010412,"balance_before_usd":9967.9337324627,"balance_after_usd":9967.200505985567,"decision":"ALLOW","cert_hash":"cc9fe519c1b7d4d2b730717f89862af94f78fb3c7ce376f02befe46acebd47e9","prev_hash":"b5e1279d1c0577b9c5b46a205a15c5a0e1a60d61216ea51b69194aa4572d3bfd","record_hash":"c1909bec3edee955ceaf1bed39c237a398e86599979404004d29388867aed951","signature_hex":"f60a05ec1854ea9192cd1a29f10884e7d139e76d1283b2ce66c2b7202714c1735b9924fc817a4c4c0bb363da8bf28e3fa776dcaf7c19506beb85cd325dd15104","public_key_hex":"c2f8243b0d573587f285c830a868acd19249d17d59ecbf9329e796dfed6fb630"}
{"seq":49,"ts":1781843640000,"agent_id":"swarm","symbol":"ETHUSDT","side":"sell","price":1688.0190811235454,"quantity":0.5140664088124068,"notional_usd":867.75390704,"fee_usd":0.520652344224,"balance_before_usd":9966.02358041144,"balance_after_usd":9965.291688476082,"decision":"ALLOW","cert_hash":"54cefa197de96bc47f3f3a079dfec18c98b9aa3b87a9bb81fd15d586a66be358","prev_hash":"c1909bec3edee955ceaf1bed39c237a398e86599979404004d29388867aed951","record_hash":"69baa1abf3171f90df41b86f1e132bd8ba34868c1efca51ec3274471043198bd","signature_hex":"530ced23afc5c01b4b5a14716e61094bfc2161daf5ab6dd4a667bd2c3f9d29bb94b31732ac3cd5b7b8d7ee9fe8ab17928b0d49fa3b50e420a971400e06f5760e","public_key_hex":"c2f8243b0d573587f285c830a868acd19249d17d59ecbf9329e796dfed6fb630"}
{"seq":50,"ts":1781845620000,"agent_id":"swarm","symbol":"ETHUSDT","side":"sell","price":1693.4803030487797,"quantity":0.4946227596400172,"notional_usd":837.63390089,"fee_usd":0.502580340534,"balance_before_usd":9965.29100537512,"balance_after_usd":9964.585779597957,"decision":"ALLOW","cert_hash":"78491cd667d4a593e4db89250b6af6a16811ec15882bd588c1530b59df514b9f","prev_hash":"69baa1abf3171f90df41b86f1e132bd8ba34868c1efca51ec3274471043198bd","record_hash":"2f4b35bb49eddbd859f623ece53c788eb06cb5fa8b9cfac7e1c1abda174ab58c","signature_hex":"b5cfd92946942145427c62490689c5a7401cae0323c831ab9c839e4fcbe3abd21a773d314f792f6769f64bf36575f4e72a2429c6fe5e03363a4133edc4dd4501","public_key_hex":"c2f8243b0d573587f285c830a868acd19249d17d59ecbf9329e796dfed6fb630"}
{"seq":51,"ts":1781845800000,"agent_id":"swarm","symbol":"ETHUSDT","side":"sell","price":1695.4735685346925,"quantity":0.12022775441210247,"notional_usd":203.84297981,"fee_usd":0.12230578788600001,"balance_before_usd":9963.625968730727,"balance_after_usd":9963.460809988166,"decision":"ALLOW","cert_hash":"d292d0122e44bfea0c363fd774ac05cf8168bcc49e06926443cd09c6626fe154","prev_hash":"2f4b35bb49eddbd859f623ece53c788eb06cb5fa8b9cfac7e1c1abda174ab58c","record_hash":"515c0c332363db64db3e33a5b0601819e789e938146d3cbb730b7b29adbf1bcf","signature_hex":"be7b0a0e96458caa21f47849fa863a0566954c0e2f660326a9fbe85c7143b524c5ddb62ae858975be5f5156dd5dcd1d6bdfad4f0d81c000cdb4dc3723175570e","public_key_hex":"c2f8243b0d573587f285c830a868acd19249d17d59ecbf9329e796dfed6fb630"}
{"seq":52,"ts":1781846100000,"agent_id":"swarm","symbol":"ETHUSDT","side":"buy","price":1695.4773830143424,"quantity":0.6148206057498214,"notional_usd":1042.41443166,"fee_usd":0.625448658996,"balance_before_usd":9963.94049097498,"balance_after_usd":9963.052278432218,"decision":"ALLOW","cert_hash":"ebca3cd67fa3dd8563b33f393b17b2c026e0f79271f3467cc03b01569d739261","prev_hash":"515c0c332363db64db3e33a5b0601819e789e938146d3cbb730b7b29adbf1bcf","record_hash":"ecd784b453aa001b6396c866eca18b784da155bcba4a1cb96b88196e5d91907c","signature_hex":"4ea59ac52d80c61fc907c7449797514cfab67920998783cc18ecabf135e7e7696ef803f9a8870ab3c8555f6d90098c4030e21c178cf58fc7548eb2c18254d80d","public_key_hex":"c2f8243b0d573587f285c830a868acd19249d17d59ecbf9329e796dfed6fb630"}
{"seq":53,"ts":1781848080000,"agent_id":"swarm","symbol":"ETHUSDT","side":"sell","price":1695.8757596526361,"quantity":0.5214786857093487,"notional_usd":884.36306227,"fee_usd":0.530617837362,"balance_before_usd":9963.05208620944,"balance_after_usd":9962.305450860169,"decision":"ALLOW","cert_hash":"20f3fa02ee2f9550ab7472a4229d2cf970c23d243e8125cf4bb6113a3ef28a4a","prev_hash":"ecd784b453aa001b6396c866eca18b784da155bcba4a1cb96b88196e5d91907c","record_hash":"2d34c0f8e6fce3598e3c29c9e7ce20fd85f3e344e504647bae4224be51862f4d","signature_hex":"af3ab979c34d6615bee4349b2c121e19108109471c8e26dca878eaa2c38e80b243b9233e03b731c1b9c5e23c1e2995e79fcb33c52cf753334e940d2b4c7e870c","public_key_hex":"c2f8243b0d573587f285c830a868acd19249d17d59ecbf9329e796dfed6fb630"}
{"seq":54,"ts":1779940800000,"agent_id":"swarm","symbol":"ETHUSDT","side":"sell","price":1981.0083527850131,"quantity":0.43500633524765386,"notional_usd":861.75118364,"fee_usd":0.5170507101840001,"balance_before_usd":10000.0,"balance_after_usd":9999.273429699942,"decision":"ALLOW","cert_hash":"9063f2a67883ee27b7d9390ca420593f0fab80a4ce2b673e1feab0a7bc7fc224","prev_hash":"2d34c0f8e6fce3598e3c29c9e7ce20fd85f3e344e504647bae4224be51862f4d","record_hash":"bdb778cb25da8e6bbffdf17b5a42cbe2a448539ac2761ed7218b9f17bede4b46","signature_hex":"69f6c2c4e24ae06b0458ce47f9d4dc2675bcf8d2076910ec74bf0ca3a8bf299e9f23175bd87a5819a44042984906d447c70d40b6ecf5b7a9ac9235d0a2423109","public_key_hex":"c2f8243b0d573587f285c830a868acd19249d17d59ecbf9329e796dfed6fb630"}
{"seq":55,"ts":1779973200000,"agent_id":"swarm","symbol":"ETHUSDT","side":"buy","price":1981.221510031643,"quantity":0.43490061263580687,"notional_usd":861.63444848,"fee_usd":0.5169806690879999,"balance_before_usd":9999.599684451377,"balance_after_usd":9998.87329477454,"decision":"ALLOW","cert_hash":"5c7a9e43130a2cacdee5a3cba95b49b830603f9c4fc64dd71d30a529a247c091","prev_hash":"bdb778cb25da8e6bbffdf17b5a42cbe2a448539ac2761ed7218b9f17bede4b46","record_hash":"420aa8b25ae186003e4628b3a1bc917181e56f56a3e045f5c9e8380c51edbe96","signature_hex":"364a683621036b472b7bdd09e9ad1daca655340c8e6894fd666ed3f1c840b604c350e7bfbdfb503e4c21e0d09cbc5706adfc0fead8cece612d18e0bfb81f140f","public_key_hex":"c2f8243b0d573587f285c830a868acd19249d17d59ecbf9329e796dfed6fb630"}
{"seq":56,"ts":1780437600000,"agent_id":"swarm","symbol":"ETHUSDT","side":"sell","price":1867.2531745188555,"quantity":0.4777679693327475,"notional_usd":892.11375742,"fee_usd":0.5352682544519999,"balance_before_usd":9998.885244601355,"balance_after_usd":9998.131719764437,"decision":"ALLOW","cert_hash":"c511339c154b30b13aaf3dd0558b3ac5b9f0079d7af4548cdb47f67473150481","prev_hash":"420aa8b25ae186003e4628b3a1bc917181e56f56a3e045f5c9e8380c51edbe96","record_hash":"e52aa9228c0159e371f0c5a9862a89a393e373ebc0bc17626e5cc6b9ae5881cd","signature_hex":"56b5b2095336e21fbecfc5866c04241669b5176c9c7f14a25e0512b7f6775d8e769cc8d10a28a70452bfd2421fac1eeae032906d1dde5939a0ee5647ba3de703","public_key_hex":"c2f8243b0d573587f285c830a868acd19249d17d59ecbf9329e796dfed6fb630"}
{"seq":57,"ts":1780455600000,"agent_id":"swarm","symbol":"ETHUSDT","side":"sell","price":1826.6080590894835,"quantity":0.15918574754068546,"notional_usd":290.76996935,"fee_usd":0.17446198161,"balance_before_usd":10017.585957763502,"balance_after_usd":10017.349104375058,"decision":"ALLOW","cert_hash":"2c727749f256aad2a13b80d1e25673cde7c61fced7c5bd6cae9ff8fa6a1784eb","prev_hash":"e52aa9228c0159e371f0c5a9862a89a393e373ebc0bc17626e5cc6b9ae5881cd","record_hash":"4690ef29805337746348958ddf8f487f7ded75d9e3d10bcf353a1649702440d9","signature_hex":"d4281e2d70f2dbe9b3896fa010a6100779e4b923bfd1f9f38a0fd4ed92ce6257ba07e6fef8832cf6f5ee4d8f48d6ad2b264c52447da5ca82fc160bae5e995604","public_key_hex":"c2f8243b0d573587f285c830a868acd19249d17d59ecbf9329e796dfed6fb630"}
{"seq":58,"ts":1780470000000,"agent_id":"swarm","symbol":"ETHUSDT","side":"buy","price":1877.9417458580785,"quantity":0.14870745702092977,"notional_usd":279.26394146,"fee_usd":0.16755836487599998,"balance_before_usd":9985.152120303472,"balance_after_usd":9984.924819333673,"decision":"ALLOW","cert_hash":"2d6e92688ff024398b1d763c3c397a39111dba1b1b8631bb51812b1dede4a37d","prev_hash":"4690ef29805337746348958ddf8f487f7ded75d9e3d10bcf353a1649702440d9","record_hash":"e938876830f073c9491c578425ca28030885ab3a4aa88a5041e29f4dd642b033","signature_hex":"b02534f86a7f5906fb0d18d1a2fae270d64f567c13d4b07a46faed9bfbf390aaaa17a7b3e719d7ec01f953f01369f640e2b8e90c2852b81bb14dcc31af291f00","public_key_hex":"c2f8243b0d573587f285c830a868acd19249d17d59ecbf9329e796dfed6fb630"}
{"seq":59,"ts":1780473600000,"agent_id":"swarm","symbol":"ETHUSDT","side":"buy","price":1879.5920751194435,"quantity":0.48823192700026885,"notional_usd":917.67686081,"fee_usd":0.550606116486,"balance_before_usd":9984.148339681555,"balance_after_usd":9983.372133739085,"decision":"ALLOW","cert_hash":"590f90fc276ed017a82dcc30611ad1422cc3479b7c7107e596cbccc79d7efb29","prev_hash":"e938876830f073c9491c578425ca28030885ab3a4aa88a5041e29f4dd642b033","record_hash":"dc294e2f765c3e982da46a971e9e7c1cf8c0c0f2ded5098d4900c29fe368350e","signature_hex":"dd0a6ba4e37723e5022db5f4ce422ed303fbf49c872d8e795fcfb8f9b27c4d681390b3534e0393fb4003c4b90921cb5cda026f506f8c7dd3a628415295b6860f","public_key_hex":"c2f8243b0d573587f285c830a868acd19249d17d59ecbf9329e796dfed6fb630"}
{"seq":60,"ts":1780516800000,"agent_id":"swarm","symbol":"ETHUSDT","side":"sell","price":1779.906817592019,"quantity":0.48686549226344494,"notional_usd":866.57520893,"fee_usd":0.5199451253580001,"balance_before_usd":9983.383994018383,"balance_after_usd":9982.653147326724,"decision":"ALLOW","cert_hash":"220dcedc71d23a93df0f3f0aea8b3320a7287bc9a5f7f92b04fb7540333d9f25","prev_hash":"dc294e2f765c3e982da46a971e9e7c1cf8c0c0f2ded5098d4900c29fe368350e","record_hash":"c3f6877f5d13ae69807e6b78ae9c8e8ab93d6950613fd835b6165168eb7d523d","signature_hex":"7b73416e679b9b43630d1cdc2330f8360b847d39c05dd5e1cc85ea288bc8cf5fd009cd7d33fcf4bf2bad02dce234ad0beee6ae80588c87eeaff5c2c0836db306","public_key_hex":"c2f8243b0d573587f285c830a868acd19249d17d59ecbf9329e796dfed6fb630"}
{"seq":61,"ts":1780520400000,"agent_id":"swarm","symbol":"ETHUSDT","side":"buy","price":1849.9032026815264,"quantity":0.48686624247931204,"notional_usd":900.65542124,"fee_usd":0.540393252744,"balance_before_usd":9948.997576123274,"balance_after_usd":9948.236533783893,"decision":"ALLOW","cert_hash":"7f073ee394c0035a3fece746838cd142302a3cd2a623055bbcf6a393a1e6d4c0","prev_hash":"c3f6877f5d13ae69807e6b78ae9c8e8ab93d6950613fd835b6165168eb7d523d","record_hash":"663c7f18bcf203d2f22d5d390f84765ee8c2ace2779bfda4d94be40655a08a8e","signature_hex":"e9eb11db9ea75eb478a4f88ecc32ae38fc70ff552960230f809b1b6a496bba0c0b2d965d7755c9b5059230a1326042f342f88d2c45dafc80e54320ac094c1e07","public_key_hex":"c2f8243b0d573587f285c830a868acd19249d17d59ecbf9329e796dfed6fb630"}
{"seq":62,"ts":1780534800000,"agent_id":"swarm","symbol":"ETHUSDT","side":"sell","price":1758.8437785633234,"quantity":0.5454642701034288,"notional_usd":959.3864379,"fee_usd":0.57563186274,"balance_before_usd":9948.247291538124,"balance_after_usd":9947.433716467825,"decision":"ALLOW","cert_hash":"e13ec84366af86361e0b801edebf12d5115f41e3d8293c20981f16d11c6ae162","prev_hash":"663c7f18bcf203d2f22d5d390f84765ee8c2ace2779bfda4d94be40655a08a8e","record_hash":"8e653ea30d44cbcdaf4ae7c0fd2381cf809cac96dd0a72e4a08a3e1cbe8eb22d","signature_hex":"3236b1cb5d8ca4845a163611451c4be7f9d7ce052b7dbc91cdc6476408323d6fe9b12e185a61fdbdc6714348da6062bf37de495b002ea327150b27814bbfd302","public_key_hex":"c2f8243b0d573587f285c830a868acd19249d17d59ecbf9329e796dfed6fb630"}
{"seq":63,"ts":1780542000000,"agent_id":"swarm","symbol":"ETHUSDT","side":"buy","price":1808.7808974838401,"quantity":0.5454475708984063,"notional_usd":986.59514682,"fee_usd":0.591957088092,"balance_before_usd":9920.672842096828,"balance_after_usd":9919.83494407145,"decision":"ALLOW","cert_hash":"7fd99f2e4fad3fc70311730deb5bde74bf1595b5d717e4c520c38c8f9e8a8924","prev_hash":"8e653ea30d44cbcdaf4ae7c0fd2381cf809cac96dd0a72e4a08a3e1cbe8eb22d","record_hash":"feb673176da52201140127067a59e3b20aa0ecfd770517baa9d8f78ba099e786","signature_hex":"1cc2946e4e4b58279099c615adbaea3b1b8703e4f4a2b94be989b7cb31c689736e9624fbb2cb0d5d5651220747d81b3b6a353dce3e1c37008f226549d8d78202","public_key_hex":"c2f8243b0d573587f285c830a868acd19249d17d59ecbf9329e796dfed6fb630"}
{"seq":64,"ts":1780560000000,"agent_id":"swarm","symbol":"ETHUSDT","side":"sell","price":1772.451111250589,"quantity":0.4731368219111557,"notional_usd":838.61188577,"fee_usd":0.503167131462,"balance_before_usd":9919.839765429319,"balance_after_usd":9919.133675238005,"decision":"ALLOW","cert_hash":"bb62927dfb4e1fcc44c812ead8e61bc2a18147a83a781f24a14b0ec2c1e0b1b2","prev_hash":"feb673176da52201140127067a59e3b20aa0ecfd770517baa9d8f78ba099e786","record_hash":"9291fbacb75c05bad48390972eb9b2ba1012d2cef04991c0a4fc7b6d5a571a5e","signature_hex":"de8c89eaa3a387a3394e36e4e7570a644c615b89e84def72c185a76090ad88aee5c835a44c781fbce1aa6a2b0f530ae8d7ae209133ccca484716e0bf81659609","public_key_hex":"c2f8243b0d573587f285c830a868acd19249d17d59ecbf9329e796dfed6fb630"}
{"seq":65,"ts":1780567200000,"agent_id":"swarm","symbol":"ETHUSDT","side":"sell","price":1735.8807555662179,"quantity":0.14608201975099708,"notional_usd":253.58096682,"fee_usd":0.152148580092,"balance_before_usd":9936.469658867734,"balance_after_usd":9936.263570314974,"decision":"ALLOW","cert_hash":"416980f0b9752fafefcd8ca6780d378e1dc8657a8016caff1438c49e47fec852","prev_hash":"9291fbacb75c05bad48390972eb9b2ba1012d2cef04991c0a4fc7b6d5a571a5e","record_hash":"c0e30c8e041fb2671ad4901d13372bb5d6133ba51c02e2768db7f61e3b0d5a13","signature_hex":"6954e057184fe65c2eca5d00b2ff3230231be512a9bfe58d75230e279db36dcc62f9f1898fd26e8debb26f0841ff7d25f4dc038ef4a825993d61c7a659abdb00","public_key_hex":"c2f8243b0d573587f285c830a868acd19249d17d59ecbf9329e796dfed6fb630"}
{"seq":66,"ts":1780574400000,"agent_id":"swarm","symbol":"ETHUSDT","side":"buy","price":1777.6732835058956,"quantity":0.6191969187044091,"notional_usd":1100.72981961,"fee_usd":0.660437891766,"balance_before_usd":9910.888602269626,"balance_after_usd":9909.94749262771,"decision":"ALLOW","cert_hash":"af021ffd7f5685db760e9de7273b355240badd1693e78a0201897353ab874adb","prev_hash":"c0e30c8e041fb2671ad4901d13372bb5d6133ba51c02e2768db7f61e3b0d5a13","record_hash":"46a6d054565ae3386910414e0dbc1e34eaa4d6d44ffb8cca9f0bcd014692a703","signature_hex":"3ab3fee51a738e86c6bfc40d8226711ba01ddf70b4e5bde9b1bd10ebf49792680c5aeded43ee9e992f6b5a573d822e8719ba83b38a73d111b80af36984b76d00","public_key_hex":"c2f8243b0d573587f285c830a868acd19249d17d59ecbf9329e796dfed6fb630"}
{"seq":67,"ts":1780646400000,"agent_id":"swarm","symbol":"ETHUSDT","side":"sell","price":1662.7054787275104,"quantity":0.5201900801529423,"notional_usd":864.92289625,"fee_usd":0.51895373775,"balance_before_usd":9909.965513724577,"balance_after_usd":9909.236132033668,"decision":"ALLOW","cert_hash":"67dfd7e205ae10c026482e2fde1cd9ea2c828ea526472d7823f90c3be62cb194","prev_hash":"46a6d054565ae3386910414e0dbc1e34eaa4d6d44ffb8cca9f0bcd014692a703","record_hash":"308dbe599bde3697fc21c5eb57af8946fced7ea61977f3b77aad2c90109fb28b","signature_hex":"f5fcb01bc5aae474300ba39673ea47f6c7bd08a038058c05ef4b3e80789de1bd57c26d871edbdfb6d63de027236de48aafe739bcb2f3d31044ece3f81850520d","public_key_hex":"c2f8243b0d573587f285c830a868acd19249d17d59ecbf9329e796dfed6fb630"}
{"seq":68,"ts":1780657200000,"agent_id":"swarm","symbol":"ETHUSDT","side":"sell","price":1661.9905586493694,"quantity":0.12300357521051888,"notional_usd":204.43078068,"fee_usd":0.122658468408,"balance_before_usd":9909.63679999949,"balance_after_usd":9909.47115899563,"decision":"ALLOW","cert_hash":"bd1d59f59156aeb144b0783f689070db25fd7d17fe202560e5a554981eb7b342","prev_hash":"308dbe599bde3697fc21c5eb57af8946fced7ea61977f3b77aad2c90109fb28b","record_hash":"ed76a5270ccaf8635bd05b4b608cb09c83d8536559ecb61825c3905b4098784a","signature_hex":"34b9ec2bf49054aa827a0d7c8f2bd0057a20b91805033bf0a1f600a185d32d422d77a5b64c3770af366b8768177ebaffc19a8c16a9f2fd2add8d7f2777daf208","public_key_hex":"c2f8243b0d573587f285c830a868acd19249d17d59ecbf9329e796dfed6fb630"}
{"seq":69,"ts":1780664400000,"agent_id":"swarm","symbol":"ETHUSDT","side":"sell","price":1613.502440761389,"quantity":0.19054013471149436,"notional_usd":307.43697242,"fee_usd":0.184462183452,"balance_before_usd":9940.667277244364,"balance_after_usd":9940.416591076766,"decision":"ALLOW","cert_hash":"397020f6dad0484f033696004ff34075b1725e711846f067b30379cc37200e47","prev_hash":"ed76a5270ccaf8635bd05b4b608cb09c83d8536559ecb61825c3905b4098784a","record_hash":"6a1a94f07ce660082782161b499ba128887eb0287449477ea082a0d0dff5a416","signature_hex":"eae79017ce89c2193458d4fec44c33b8f689fed0efeb4f776f7bb0d566e066d40476cfc7122815916021bbd91060fa6634396d551cb76f1767142e7962a30b0c","public_key_hex":"c2f8243b0d573587f285c830a868acd19249d17d59ecbf9329e796dfed6fb630"}
{"seq":70,"ts":1780671600000,"agent_id":"swarm","symbol":"ETHUSDT","side":"sell","price":1582.0967774260653,"quantity":0.13384213694215402,"notional_usd":211.75121354,"fee_usd":0.127050728124,"balance_before_usd":9966.617468840175,"balance_after_usd":9966.445818890677,"decision":"ALLOW","cert_hash":"dc90e9eb0b98daa38e5f66cd36f35f900c15518ee4049bb1e093c80dd33ace79","prev_hash":"6a1a94f07ce660082782161b499ba128887eb0287449477ea082a0d0dff5a416","record_hash":"4f25cd2d425616cce77bdd54f39125b3e91bc5661a4fefecfee27c5e227e3582","signature_hex":"da5ef3cc5004f9c940e96aa8d4958e8bc9f9f7d3f5957267b09adf80ff141d136ede6ed89cede946b579a0c045ad09227d0d8e68284b8730400f37ba66cd0a0e","public_key_hex":"c2f8243b0d573587f285c830a868acd19249d17d59ecbf9329e796dfed6fb630"}
{"seq":71,"ts":1780675200000,"agent_id":"swarm","symbol":"ETHUSDT","side":"buy","price":1607.9781376103583,"quantity":0.12836792281066292,"notional_usd":206.41281345,"fee_usd":0.12384768807,"balance_before_usd":9942.049248420544,"balance_after_usd":9941.881994709809,"decision":"ALLOW","cert_hash":"3bd00df104b5a89c0932d928973c93028835a60c11d011ebcc98e81c0a760c83","prev_hash":"4f25cd2d425616cce77bdd54f39125b3e91bc5661a4fefecfee27c5e227e3582","record_hash":"a6cfe544061904509785e9139bb17375362c512fab666f0cbfeee0bcbab49974","signature_hex":"f20bf896806ca25250aaac5aeb6fa9235b51ff6d5f33ada24d3db38f280e6b5a0abc6e2590e24d3efb870c729692587ba292ab3d89a2e899a6eb45d3b937610f","public_key_hex":"c2f8243b0d573587f285c830a868acd19249d17d59ecbf9329e796dfed6fb630"}
{"seq":72,"ts":1780682400000,"agent_id":"swarm","symbol":"ETHUSDT","side":"sell","price":1551.5671828158524,"quantity":0.18651241410946098,"notional_usd":289.38654092,"fee_usd":0.17363192455200002,"balance_before_usd":9988.668251738163,"balance_after_usd":9988.43254527714,"decision":"ALLOW","cert_hash":"35b718959757272f0464aa25a66660f4f525d6f819ef9fa22c22dc51a607d3ae","prev_hash":"a6cfe544061904509785e9139bb17375362c512fab666f0cbfeee0bcbab49974","record_hash":"53f7c0533afee8207bdf91c8835cd103742f7de02d4130be4725c7d4c2e444f7","signature_hex":"0c0f9eba6b9c9eb3a1c44cf54f7da9dbaa1c42a8544f465ad55ba353ff5f450f8a5b1a214445b3830e90d21594db851c90f66e0c8b4754e8e9ce046064e12905","public_key_hex":"c2f8243b0d573587f285c830a868acd19249d17d59ecbf9329e796dfed6fb630"}
{"seq":73,"ts":1780689600000,"agent_id":"swarm","symbol":"ETHUSDT","side":"buy","price":1602.5981786202049,"quantity":0.13793108374197494,"notional_usd":221.04810358,"fee_usd":0.13262886214800002,"balance_before_usd":9936.769311786335,"balance_after_usd":9936.590037580603,"decision":"ALLOW","cert_hash":"a15bef49f0f80f67ecba533a153976596d29a515099eb6978f0a75c3a18e8984","prev_hash":"53f7c0533afee8207bdf91c8835cd103742f7de02d4130be4725c7d4c2e444f7","record_hash":"1337d147879bf256dbe0834399e90c7a2a0dad30cc457c5e96b6780458fbdc39","signature_hex":"0b80b30d0951c24f36bb78c65ecac4c610d70be790e7fbc28c724a22302d4308b900fb2ed7ea7256a48b965d2403a767c257efbe93aaae7d3dedb73270f84b06","public_key_hex":"c2f8243b0d573587f285c830a868acd19249d17d59ecbf9329e796dfed6fb630"}
{"seq":74,"ts":1780707600000,"agent_id":"swarm","symbol":"ETHUSDT","side":"buy","price":1582.482620547678,"quantity":0.12919238058945898,"notional_usd":204.44469699,"fee_usd":0.12266681819400001,"balance_before_usd":9954.44665701912,"balance_after_usd":9954.281018160538,"decision":"ALLOW","cert_hash":"520e13e7bf3b3d12abbb54bc94ec215998e4326075fe8cf4c6c16b4bbff16a79","prev_hash":"1337d147879bf256dbe0834399e90c7a2a0dad30cc457c5e96b6780458fbdc39","record_hash":"1a8c9ca40b3f9b6290bd64980da97f6ed59888b707fde02db542b1e8ec5f2971","signature_hex":"c964ac7478eb7e4b33e67e9a5fc01f6edf01295655114eb06173cd679aa16d8bace869c9666904826e076bf5d4fffb441db4298150a148bb0f9b7847880b460b","public_key_hex":"c2f8243b0d573587f285c830a868acd19249d17d59ecbf9329e796dfed6fb630"}
{"seq":75,"ts":1780732800000,"agent_id":"swarm","symbol":"ETHUSDT","side":"buy","price":1582.3047549491937,"quantity":0.14656118692978726,"notional_usd":231.90446297,"fee_usd":0.139142677782,"balance_before_usd":9954.41759403919,"balance_after_usd":9954.229389278722,"decision":"ALLOW","cert_hash":"4a5f79d0eebf3919ca2971a33de715bc267de3d12eb71edf8df0e6d1187fe0ad","prev_hash":"1a8c9ca40b3f9b6290bd64980da97f6ed59888b707fde02db542b1e8ec5f2971","record_hash":"01960332815dfe672ec2624a569bab6eff0526abdc6abedb0ff5c5498db92365","signature_hex":"902f4e4ca0f980e1c71eb3e3fa73f4b6401e01c56a7e7120060021021f5ae3119fc85ad415861b17be5da2557d7652148ce71e0fe73eea2132724af7047daf0a","public_key_hex":"c2f8243b0d573587f285c830a868acd19249d17d59ecbf9329e796dfed6fb630"}
{"seq":76,"ts":1780743600000,"agent_id":"swarm","symbol":"ETHUSDT","side":"buy","price":1558.3359090869437,"quantity":0.6120420897243065,"notional_usd":953.76716629,"fee_usd":0.572260299774,"balance_before_usd":9968.934281819787,"balance_after_usd":9968.125828915998,"decision":"ALLOW","cert_hash":"45d4f2dffa6b8c2638f51e65edf0d1838cd4b711c4c22d547bebff2f2372d9e1","prev_hash":"01960332815dfe672ec2624a569bab6eff0526abdc6abedb0ff5c5498db92365","record_hash":"72391739ecefde83903e160c78125397efcd422403abe1eb48a902c5d6149bd8","signature_hex":"78449b984e6e9f038f710c10582808fd3531042361adf80f7e1c028c35ef869e1cb6aebc5535d2c407bd737e368ff72aa12284180728b88b6a86cc783d7aab06","public_key_hex":"c2f8243b0d573587f285c830a868acd19249d17d59ecbf9329e796dfed6fb630"}
{"seq":77,"ts":1780930800000,"agent_id":"swarm","symbol":"ETHUSDT","side":"buy","price":1690.9989076908182,"quantity":0.5650453760344485,"notional_usd":955.49111367,"fee_usd":0.5732946682019999,"balance_before_usd":9968.105721579152,"balance_after_usd":9967.295725057267,"decision":"ALLOW","cert_hash":"306f718305b7f07990fd6c43f956f6741e790af8ac417d7315520d4aba91426a","prev_hash":"72391739ecefde83903e160c78125397efcd422403abe1eb48a902c5d6149bd8","record_hash":"b59984e2272f1919b35d461c7b131017c1495b86ba2cbfac3a69198020155c23","signature_hex":"92e0143f5a883a50cb1cda27c8470a36d1d22a645b3d3a48d003d9513fbfd410875a267dcfb3a4b288c04a5daf36cb8d60e0a024b7ef518e3735b05b22accc00","public_key_hex":"c2f8243b0d573587f285c830a868acd19249d17d59ecbf9329e796dfed6fb630"}
{"seq":78,"ts":1780941600000,"agent_id":"swarm","symbol":"ETHUSDT","side":"sell","price":1683.2232332156882,"quantity":0.5650336392297937,"notional_usd":951.0777491,"fee_usd":0.57064664946,"balance_before_usd":9963.375362284494,"balance_after_usd":9962.569228382186,"decision":"ALLOW","cert_hash":"ab5e656c7d819d92d06c4a6d1c5afab3c398638ba6fc2ee5174dabe7b2e4a0a8","prev_hash":"b59984e2272f1919b35d461c7b131017c1495b86ba2cbfac3a69198020155c23","record_hash":"d48c2513992aec02c32fc4f7adb4cde23a6a8e9059d3ae9006d1642c95a2e286","signature_hex":"491b904def6a3f012591d559435c7dad18231eea315b9b2758babfd9e0b6a27e6bfd0d6b53c9f05ff9be8100a51a53a17b6f8ef3217c06d3c69e80080c127c0f","public_key_hex":"c2f8243b0d573587f285c830a868acd19249d17d59ecbf9329e796dfed6fb630"}
{"seq":79,"ts":1781524800000,"agent_id":"swarm","symbol":"ETHUSDT","side":"buy","price":1777.1146966712788,"quantity":0.5658927502111705,"notional_usd":1005.65632314,"fee_usd":0.603393793884,"balance_before_usd":9962.556216468034,"balance_after_usd":9961.70117205183,"decision":"ALLOW","cert_hash":"33618806da17fb5217c6d5906dea4761327bed0d6ba180d3db6d75c3f330156e","prev_hash":"d48c2513992aec02c32fc4f7adb4cde23a6a8e9059d3ae9006d1642c95a2e286","record_hash":"0b3c19e37692a42858d6c2dfba166c0bfd04351f7c7fb0d2bf97fefb45653e52","signature_hex":"4ca30ccd3b9169b491634e7dd23917d969a7fd5ab7bc25e2707fc210f44e939646a4e875e6ed4283effb7e5ca3b21f86cdd4ed2d57ff3f9687ca57638f5b5004","public_key_hex":"c2f8243b0d573587f285c830a868acd19249d17d59ecbf9329e796dfed6fb630"}
{"seq":80,"ts":1781535600000,"agent_id":"swarm","symbol":"ETHUSDT","side":"buy","price":1844.9552600295754,"quantity":0.15472195339599945,"notional_usd":285.45508176,"fee_usd":0.171273049056,"balance_before_usd":10000.110135229443,"balance_after_usd":9999.877706776513,"decision":"ALLOW","cert_hash":"787d27ad277732b6af75fdc04cba03d5c6438dbeea329760e2866ae324d7594a","prev_hash":"0b3c19e37692a42858d6c2dfba166c0bfd04351f7c7fb0d2bf97fefb45653e52","record_hash":"de70948e57cbab8280ed9532e4685504432db2c022c4930d3ad2985e034b0e56","signature_hex":"21132e3e00cd7b8486b23b7c684b98d02e8cb459f0e970d1319d5078062f6c4837eb2e9212d92c55a25fd4c5dc316f2ab8254436256a0c983f95bb8e0ffcbc09","public_key_hex":"c2f8243b0d573587f285c830a868acd19249d17d59ecbf9329e796dfed6fb630"}
{"seq":81,"ts":1781564400000,"agent_id":"swarm","symbol":"ETHUSDT","side":"sell","price":1794.7048266140541,"quantity":0.16249996186850182,"notional_usd":291.63946589,"fee_usd":0.174983679534,"balance_before_usd":9964.235816655895,"balance_after_usd":9963.998242315833,"decision":"ALLOW","cert_hash":"b37e7712ba5be19c221af4314020d742ef4ad55a5dbc1cdc9b924386a2aa19f3","prev_hash":"de70948e57cbab8280ed9532e4685504432db2c022c4930d3ad2985e034b0e56","record_hash":"fb7437dc109d85779630469abc55d29ab84a36b4645fa0e86b3880755f479588","signature_hex":"3fc8d76b37e3bbee3a4368cad024916e8cb930c92f0a3726204644c4d81ad300d63e3c547ecdc1058b2ce57a3bc00ac9895b0f02fc86d1b0f9e7a9dc5cd13309","public_key_hex":"c2f8243b0d573587f285c830a868acd19249d17d59ecbf9329e796dfed6fb630"}
{"seq":82,"ts":1781568000000,"agent_id":"swarm","symbol":"ETHUSDT","side":"sell","price":1788.253026242004,"quantity":0.5581143395951027,"notional_usd":998.04965677,"fee_usd":0.5988297940619999,"balance_before_usd":9960.432782872238,"balance_after_usd":9959.584490614416,"decision":"ALLOW","cert_hash":"11583951d3adc7b73b6cd3ce336169af518c132e341576e78da07658c01198a4","prev_hash":"fb7437dc109d85779630469abc55d29ab84a36b4645fa0e86b3880755f479588","record_hash":"deb40fc53c327abcfc138f220ae0bb7a2874a0d62cf30efbedfb578e4d071dce","signature_hex":"0adfced9bfdb47596217057c0a98c2b7ad6696c9901812cc24d1f4dfbfd9ecb8dd12c6c17c9d81fdd3be351cd3d1fae1828141ce2ca985fb3f5b94a580fae60e","public_key_hex":"c2f8243b0d573587f285c830a868acd19249d17d59ecbf9329e796dfed6fb630"}
{"seq":83,"ts":1779940800000,"agent_id":"swarm","symbol":"ETHUSDT","side":"sell","price":1981.0083527850131,"quantity":0.43500633524765386,"notional_usd":861.75118364,"fee_usd":0.5170507101840001,"balance_before_usd":10000.0,"balance_after_usd":9999.273429699942,"decision":"ALLOW","cert_hash":"34f3d4c743bf8219dd973c175b5c9a46a507f51826b21eac1ea9f01c2ea9cf3b","prev_hash":"deb40fc53c327abcfc138f220ae0bb7a2874a0d62cf30efbedfb578e4d071dce","record_hash":"51bf4a8ec83e6fbb775838b0f0bf60fe48205444985c11ecbe61e9795c6d6f05","signature_hex":"c3d337c78854cb047e23c4cf3ff3ed30c518326fa2b444882653a2493e8fceb5e1dff551c18a657c9731bb13d7e5709bf0819c3a85e1923c95eeef26c8e4030a","public_key_hex":"c2f8243b0d573587f285c830a868acd19249d17d59ecbf9329e796dfed6fb630"}
{"seq":84,"ts":1779973200000,"agent_id":"swarm","symbol":"ETHUSDT","side":"buy","price":1981.221510031643,"quantity":0.43490061263580687,"notional_usd":861.63444848,"fee_usd":0.5169806690879999,"balance_before_usd":9999.681814952492,"balance_after_usd":9998.955425275653,"decision":"ALLOW","cert_hash":"d40c3098a5db86860cf8af22b7ab2389b58f33aa9e9b2ac181c51da7652bc466","prev_hash":"51bf4a8ec83e6fbb775838b0f0bf60fe48205444985c11ecbe61e9795c6d6f05","record_hash":"f025e91608969787e3db7fd553d0f86397eec5e486cfa7d1b4773094d9a524dc","signature_hex":"79f40c1d1c02398e2032e52efac56e405d1f89b9e7eb382965c18397cfa804b9d4a62313e3ae12c1275a3a5cf027b0b78f4617fb0298d3c20c5c0065d4591d0d","public_key_hex":"c2f8243b0d573587f285c830a868acd19249d17d59ecbf9329e796dfed6fb630"}
{"seq":85,"ts":1780437600000,"agent_id":"swarm","symbol":"ETHUSDT","side":"sell","price":1867.2531738325436,"quantity":0.4777719057555106,"notional_usd":892.12110739,"fee_usd":0.535272664434,"balance_before_usd":9998.967605473785,"balance_after_usd":9998.214074100726,"decision":"ALLOW","cert_hash":"f07d63556b904c4f49eb66e5119d5ad58a64a82713f440c56399dd23feebf0ee","prev_hash":"f025e91608969787e3db7fd553d0f86397eec5e486cfa7d1b4773094d9a524dc","record_hash":"428b0978c7ddf32ad4265dfa64e70e75e64714ebbbd5056b246e261da97fd25b","signature_hex":"bb65479a812013f8eeaa77b42e8a5673576d6d5f2935c7f8519d2071dc21b992241d45d937306b20967999f971326594d7be5db921c2f3cbfc939408ddd9f80d","public_key_hex":"c2f8243b0d573587f285c830a868acd19249d17d59ecbf9329e796dfed6fb630"}
{"seq":86,"ts":1780455600000,"agent_id":"swarm","symbol":"ETHUSDT","side":"sell","price":1826.6080583218102,"quantity":0.15919034875338917,"notional_usd":290.77837384,"fee_usd":0.174467024304,"balance_before_usd":10017.720200406595,"balance_after_usd":10017.483340049848,"decision":"ALLOW","cert_hash":"37cec7188c3506d3c6fbb9aa9636b0f4ab21e2c1b353f80d7a6019f735ad7719","prev_hash":"428b0978c7ddf32ad4265dfa64e70e75e64714ebbbd5056b246e261da97fd25b","record_hash":"5b52b6c9ff88bb27d0d05c4d6996bf15e2940f1fda72836c23506feb2e8e6dd4","signature_hex":"c3cb1dab2fec35d143ddd7974fcc729b557a95af7f5d6921205cd807cd95285b09fd2be1cfe7fae112f25b851c57e377d5f7674decca7b1e7899072011bb5a06","public_key_hex":"c2f8243b0d573587f285c830a868acd19249d17d59ecbf9329e796dfed6fb630"}
{"seq":87,"ts":1780470000000,"agent_id":"swarm","symbol":"ETHUSDT","side":"buy","price":1877.9417462095705,"quantity":0.14870945055866228,"notional_usd":279.26768526,"fee_usd":0.16756061115600002,"balance_before_usd":9985.285924486165,"balance_after_usd":9985.05862041692,"decision":"ALLOW","cert_hash":"21457d1852c4df567cc1bebe6592ae6d805b409eb37daee1202cb20843979e8b","prev_hash":"5b52b6c9ff88bb27d0d05c4d6996bf15e2940f1fda72836c23506feb2e8e6dd4","record_hash":"0ffb7d4a371f9c4351dbaecd8e268b39236a7d7785ba728b0f7e791b7fdbcbe5","signature_hex":"cbb9c7d814356d31fda0e7252d1feda70b9039a079e97fee680245543c93ddfd4807de1a8f549c4b889a996eb272f117d5ab34e977f50d9840a75ceef539fc0c","public_key_hex":"c2f8243b0d573587f285c830a868acd19249d17d59ecbf9329e796dfed6fb630"}
{"seq":88,"ts":1780473600000,"agent_id":"swarm","symbol":"ETHUSDT","side":"buy","price":1879.5920762749618,"quantity":0.48823846918886094,"notional_usd":917.68915802,"fee_usd":0.5506134948120001,"balance_before_usd":9984.315167169376,"balance_after_usd":9983.538950261427,"decision":"ALLOW","cert_hash":"a3d890b61d355c1515e45d697beb2c1270355e2486d7a7b858cd538faa207c76","prev_hash":"0ffb7d4a371f9c4351dbaecd8e268b39236a7d7785ba728b0f7e791b7fdbcbe5","record_hash":"a9077186172a0299d3b56feb7397777c4da9fa20150b546c296f5017d156683a","signature_hex":"24251ab9d898c39fe97ba5fdde64af5fd0579a10cffd2f6727f7fef81c5b7ad2192dc9eef4e7bc258a88ab7a4c1e02bfac118f1486e3269d55452322a0badb0e","public_key_hex":"c2f8243b0d573587f285c830a868acd19249d17d59ecbf9329e796dfed6fb630"}
{"seq":89,"ts":1780516800000,"agent_id":"swarm","symbol":"ETHUSDT","side":"sell","price":1779.906816303115,"quantity":0.4868736282947193,"notional_usd":866.58968968,"fee_usd":0.519953813808,"balance_before_usd":9983.55081754759,"balance_after_usd":9982.819958015561,"decision":"ALLOW","cert_hash":"62390cea79241abd7737ffcc08f1bd2a66d4120d04bef57a90f353e8ebd84bd4","prev_hash":"a9077186172a0299d3b56feb7397777c4da9fa20150b546c296f5017d156683a","record_hash":"b0bb2c7efd78ae08ec4f5a5f07070738f0d9ecdb215a6519eed06f9657bab597","signature_hex":"404913c707fb81356fef8a234dce198021c9cab36ff01411f659c17b09e06bd3550e4ae52e74dce5415a7c6a88e6def7216d75b03b558972de9fba26ec72be07","public_key_hex":"c2f8243b0d573587f285c830a868acd19249d17d59ecbf9329e796dfed6fb630"}
{"seq":90,"ts":1780520400000,"agent_id":"swarm","symbol":"ETHUSDT","side":"buy","price":1849.9032040734432,"quantity":0.4868743780629953,"notional_usd":900.67047196,"fee_usd":0.5404022831759999,"balance_before_usd":9949.16382439905,"balance_after_usd":9948.40276866448,"decision":"ALLOW","cert_hash":"6a4782e70ba60703eeac3fc8a2d27450b8092a844a20a58e5e7d413a577f46dc","prev_hash":"b0bb2c7efd78ae08ec4f5a5f07070738f0d9ecdb215a6519eed06f9657bab597","record_hash":"042378ceff4c3cd9a205f3c0524c89b80793ad1c776bb8869af5687ded4bc10e","signature_hex":"61e59b4052abf32e8f6dce92d0998be7548e1f943769cb3d35ab51a22877ff0373753aca46305528a5bb2bd20bd7f02ad04aa2a5ba9e8cbc5c876e54e6a27a04","public_key_hex":"c2f8243b0d573587f285c830a868acd19249d17d59ecbf9329e796dfed6fb630"}
{"seq":91,"ts":1780534800000,"agent_id":"swarm","symbol":"ETHUSDT","side":"sell","price":1758.8437771532872,"quantity":0.5454733852217427,"notional_usd":959.4024692,"fee_usd":0.5756414815199999,"balance_before_usd":9948.413532835099,"balance_after_usd":9947.599943400672,"decision":"ALLOW","cert_hash":"911ed624a976283d79c24cda344227b5d2083b92c50994348bcde6bd226c38a6","prev_hash":"042378ceff4c3cd9a205f3c0524c89b80793ad1c776bb8869af5687ded4bc10e","record_hash":"cb01be68db3eb421cef1c0d8d689efadfe60a675cbd17dd2bd84b54c1f4c0f8a","signature_hex":"d04c4f31efca687a7ec80123c5d34b3a9e6bc0b1f771b44e433748d7d0e17f302e938bd3fcaeec1425498a134e12a3fd8dc95ff136fb158b9410218b67f05b0e","public_key_hex":"c2f8243b0d573587f285c830a868acd19249d17d59ecbf9329e796dfed6fb630"}
{"seq":92,"ts":1780542000000,"agent_id":"swarm","symbol":"ETHUSDT","side":"buy","price":1808.7808989747225,"quantity":0.5454566856490162,"notional_usd":986.61163422,"fee_usd":0.591966980532,"balance_before_usd":9920.838621817522,"balance_after_usd":9920.000708976675,"decision":"ALLOW","cert_hash":"a9a1e8510c11e557a1b81904fa7d880f0facb0729d09bcbbd86653d9ab40104d","prev_hash":"cb01be68db3eb421cef1c0d8d689efadfe60a675cbd17dd2bd84b54c1f4c0f8a","record_hash":"ccf10fa99d4ddcab077a26d8ab410d850587332d38e6a5a2e70860a45e3ac58a","signature_hex":"642dce1a76df1be3c6c0fc38c1ce97cfcc56e7405e2cbffd63fbd4c11dd5569b4db31260e36b51bad986f265ec42c4e399a8de98bf9a383946424f1aa54a2807","public_key_hex":"c2f8243b0d573587f285c830a868acd19249d17d59ecbf9329e796dfed6fb630"}
{"seq":93,"ts":1780560000000,"agent_id":"swarm","symbol":"ETHUSDT","side":"sell","price":1772.4511100085751,"quantity":0.47314472805173324,"notional_usd":838.62589843,"fee_usd":0.5031755390579999,"balance_before_usd":9920.005528984379,"balance_after_usd":9919.299426406964,"decision":"ALLOW","cert_hash":"0d70de9d4d73a9b1a3d37caef2ce6b923c6a226f674be9512cf7c3ef67400c6f","prev_hash":"ccf10fa99d4ddcab077a26d8ab410d850587332d38e6a5a2e70860a45e3ac58a","record_hash":"6721ec083b71db0126688152f48205c848bbe57c0eb6adb90300b293d143656e","signature_hex":"2c8bf51eacb8d3d0bdbd7ab71b17c086e868f57018068a59d7090a5f535d392b22ef766aae5e1cd0b17e497b3c7b17a3e7d967a52be89eca5c6781159a10f50c","public_key_hex":"c2f8243b0d573587f285c830a868acd19249d17d59ecbf9329e796dfed6fb630"}
{"seq":94,"ts":1780567200000,"agent_id":"swarm","symbol":"ETHUSDT","side":"sell","price":1735.8807551984498,"quantity":0.14608446048531112,"notional_usd":253.58520359,"fee_usd":0.152151122154,"balance_before_usd":9936.635699738417,"balance_after_usd":9936.429607688642,"decision":"ALLOW","cert_hash":"ff7d270dbcc494e719042527a87d4b66f77fc3bafc329793b6bc35010745c2f3","prev_hash":"6721ec083b71db0126688152f48205c848bbe57c0eb6adb90300b293d143656e","record_hash":"a97a7aee95e392b46f00e861fb1c50ad157dbf9d501341e04648d157a38895e5","signature_hex":"b46e5c6f2f1170a4e8aa3a9af586481329bd764843fb35f754c8236aaf138c43e6bd7aa972e76b7fe9edb8e3bf1f318a016d2e164105f1a643b0a52fee80920b","public_key_hex":"c2f8243b0d573587f285c830a868acd19249d17d59ecbf9329e796dfed6fb630"}
{"seq":95,"ts":1780574400000,"agent_id":"swarm","symbol":"ETHUSDT","side":"buy","price":1777.6732851405254,"quantity":0.6192072650982015,"notional_usd":1100.74821313,"fee_usd":0.660448927878,"balance_before_usd":9911.05421562021,"balance_after_usd":9910.113089240158,"decision":"ALLOW","cert_hash":"1e8c3a8a80872f341fbcbc5dcedb66cf8b122ed9742dd61a52240b55ee1c1b96","prev_hash":"a97a7aee95e392b46f00e861fb1c50ad157dbf9d501341e04648d157a38895e5","record_hash":"cfb6a9de9e24fd633417ce35cb9111f0e580fa6ef3f63aa65bbfadec20b27f4f","signature_hex":"c32516181de7dec73e226bb5e92a5f1e534438032be64efc448bb805eb00aa2e2adf9447bfab7bd934d405495774a89d295d638a722cf748745fe2f862817201","public_key_hex":"c2f8243b0d573587f285c830a868acd19249d17d59ecbf9329e796dfed6fb630"}
{"seq":96,"ts":1780646400000,"agent_id":"swarm","symbol":"ETHUSDT","side":"sell","price":1662.7054775259471,"quantity":0.5201987718095445,"notional_usd":864.93734729,"fee_usd":0.518962408374,"balance_before_usd":9910.131099094075,"balance_after_usd":9909.40170459153,"decision":"ALLOW","cert_hash":"5c7e3fcb217bddf6327926484e8da836f91b738db5f75bcf340ceb937d774aa2","prev_hash":"cfb6a9de9e24fd633417ce35cb9111f0e580fa6ef3f63aa65bbfadec20b27f4f","record_hash":"32ed00c47ef8421e72466c9838852b51bb8bc440976c7606dee21cf4be2c1bd8","signature_hex":"05156c0cf76c203c023a6f696d7c25d691aad50d6756cb58cd1aae4fd812a29ee5116d50a27882e80ee164409739bbe5164185f9c3922aa93f77bf2feeadc105","public_key_hex":"c2f8243b0d573587f285c830a868acd19249d17d59ecbf9329e796dfed6fb630"}
{"seq":97,"ts":1780657200000,"agent_id":"swarm","symbol":"ETHUSDT","side":"sell","price":1661.9905583655425,"quantity":0.12300563007472647,"notional_usd":204.43419581,"fee_usd":0.122660517486,"balance_before_usd":9909.802379252396,"balance_after_usd":9909.636735446491,"decision":"ALLOW","cert_hash":"a65d037359725b3c351561cd1b9df1d83eb9308d74355b2f0349a86df2fa0746","prev_hash":"32ed00c47ef8421e72466c9838852b51bb8bc440976c7606dee21cf4be2c1bd8","record_hash":"6d73c3f4076de7d275ce61795ba7e179fcd0698ffab2be6c2d542b8501af62d0","signature_hex":"a78c24dd9936c12eb123bdf3cbe92c34b18feb30cf143329bc69fb9aad23b7f58f9cbe8bcae6303db94369af81d17efbfcb62d3c0fb031bad651bc3d19b76306","public_key_hex":"c2f8243b0d573587f285c830a868acd19249d17d59ecbf9329e796dfed6fb630"}
{"seq":98,"ts":1780664400000,"agent_id":"swarm","symbol":"ETHUSDT","side":"sell","price":1613.502440346921,"quantity":0.1905433184556551,"notional_usd":307.44210932,"fee_usd":0.184465265592,"balance_before_usd":9940.833374949454,"balance_after_usd":9940.582684514202,"decision":"ALLOW","cert_hash":"02b2c691b854424f10993d38e9bbe87cfc9f4e3e355c4e0dc360dd421ef44032","prev_hash":"6d73c3f4076de7d275ce61795ba7e179fcd0698ffab2be6c2d542b8501af62d0","record_hash":"72d5117a23d6531f3992a05bf38b28463bdc780dee27f44f1e33c89172077653","signature_hex":"5c7051aee493af9fae5af94410f34d55de44c7a72168bb2ab18700674a9dc45e071011ee3cfd2bdb4009851198d4985a5f86ae5e2fdadf37596ff77ae41c910b","public_key_hex":"c2f8243b0d573587f285c830a868acd19249d17d59ecbf9329e796dfed6fb630"}
{"seq":99,"ts":1780671600000,"agent_id":"swarm","symbol":"ETHUSDT","side":"sell","price":1582.0967771461583,"quantity":0.13384437326392298,"notional_usd":211.75475158,"fee_usd":0.127052850948,"balance_before_usd":9966.784000067253,"balance_after_usd":9966.612347212274,"decision":"ALLOW","cert_hash":"c6a9f56f50df0c3e431a561186447df41fb0c7f09cd34646f52102860f41191f","prev_hash":"72d5117a23d6531f3992a05bf38b28463bdc780dee27f44f1e33c89172077653","record_hash":"67d8bc643956c33239c6ff755c9cd9813ac31dd994f48cfd90bf199fdf505f86","signature_hex":"ec8e04d0f87f75d1080fe58c8e00358a395d620a55508d6e43f702e92c8684d965fcab5ee3e10d23939fab239c46cb510ac6ae1c7396dfdaf9d3aa42a7b8740c","public_key_hex":"c2f8243b0d573587f285c830a868acd19249d17d59ecbf9329e796dfed6fb630"}
{"seq":100,"ts":1780675200000,"agent_id":"swarm","symbol":"ETHUSDT","side":"buy","price":1607.978139313504,"quantity":0.12838109824560992,"notional_usd":206.43399948,"fee_usd":0.123860399688,"balance_before_usd":9942.084682435168,"balance_after_usd":9941.917411339055,"decision":"ALLOW","cert_hash":"239635c8af71092216f8c20011d7a08cdca97006a30ae3ce9b8e6710515b0c5b","prev_hash":"67d8bc643956c33239c6ff755c9cd9813ac31dd994f48cfd90bf199fdf505f86","record_hash":"7eaf56164a6d6b01c725d83d2c1be4fcb07ccf5ae6f34ac576e9d33d1290e1b6","signature_hex":"ecc8ca54b4e3c9d907556f15947b749bb9ade2fadfb17e6e66f2049606474f17fc8866336a38dcfcb5fae0c529061582e20de580c0ad3a0b0e907854d3d80f08","public_key_hex":"c2f8243b0d573587f285c830a868acd19249d17d59ecbf9329e796dfed6fb630"}
{"seq":101,"ts":1780682400000,"agent_id":"swarm","symbol":"ETHUSDT","side":"sell","price":1551.5671827363735,"quantity":0.18651307434179587,"notional_usd":289.3875653,"fee_usd":0.17363253918,"balance_before_usd":9988.703835272887,"balance_after_usd":9988.468127962675,"decision":"ALLOW","cert_hash":"d5cb04e15fb5835fa9eed3e043ecc522c6175fe9df3d7d01d942e3cd068f8d1c","prev_hash":"7eaf56164a6d6b01c725d83d2c1be4fcb07ccf5ae6f34ac576e9d33d1290e1b6","record_hash":"f29e19143163384b4f4259f2ddc6f0da72880d01a329846d46869a09294a4335","signature_hex":"3b4c5cfdbd7b08c6e6d1b79ea6c164d84b3a02ee10b7ed9c016fbed6e181ad7b431e9217dceba65b53247e1275c0e17ea2703e13b3b8d4b8c083e26ebc90ad01","public_key_hex":"c2f8243b0d573587f285c830a868acd19249d17d59ecbf9329e796dfed6fb630"}
{"seq":102,"ts":1780689600000,"agent_id":"swarm","symbol":"ETHUSDT","side":"buy","price":1602.5981786832983,"quantity":0.13793157511361626,"notional_usd":221.04889106,"fee_usd":0.132629334636,"balance_before_usd":9936.804710426732,"balance_after_usd":9936.62543557364,"decision":"ALLOW","cert_hash":"34a86513c900e1b2c34d855f299257cf2b4969ae3323f785d1c4c8b71a0956ee","prev_hash":"f29e19143163384b4f4259f2ddc6f0da72880d01a329846d46869a09294a4335","record_hash":"e83c29ced3fc12389d71b8de605ed79494efe37f7c7bc13a6e572123ded6de04","signature_hex":"454f423ffffd97fedc2f41e437b6d2bb1dd8a372bbe86c92e75caf17ddcc47d80942e7d1035633c5682c5b30432db52e0083f8bd1e68dc8b8fc6881b981aa30f","public_key_hex":"c2f8243b0d573587f285c830a868acd19249d17d59ecbf9329e796dfed6fb630"}
{"seq":103,"ts":1780707600000,"agent_id":"swarm","symbol":"ETHUSDT","side":"buy","price":1582.4826216034803,"quantity":0.12920081351214402,"notional_usd":204.45804208,"fee_usd":0.122674825248,"balance_before_usd":9954.377494533697,"balance_after_usd":9954.211844726688,"decision":"ALLOW","cert_hash":"049b3780ec67fa570eeb856fe2442f39a44afe103143393de49de6ea19080fa0","prev_hash":"e83c29ced3fc12389d71b8de605ed79494efe37f7c7bc13a6e572123ded6de04","record_hash":"dafae36aefe90bc48734d3158e8ab743b23cdf57215bd07d89468f544fecff71","signature_hex":"f73cf551d5aa5960435e0ed7bddf6d64defed792673e69bab9220921299f5f5c817fe789ad9d3b1ea644a8842322b5401aa3275441dc8878a933d346cbe0e701","public_key_hex":"c2f8243b0d573587f285c830a868acd19249d17d59ecbf9329e796dfed6fb630"}
{"seq":104,"ts":1780732800000,"agent_id":"swarm","symbol":"ETHUSDT","side":"buy","price":1582.304755551851,"quantity":0.14656600156593563,"notional_usd":231.91208128,"fee_usd":0.139147248768,"balance_before_usd":9954.253594446058,"balance_after_usd":9954.065383414554,"decision":"ALLOW","cert_hash":"8cd78c4c2bd6c0de024b42e71e5b047970bfac906b8f789be61a9b8881243551","prev_hash":"dafae36aefe90bc48734d3158e8ab743b23cdf57215bd07d89468f544fecff71","record_hash":"074f16a5607a115f8a549c9d8e8b00e6d240e290eb32b06e8039dad3dff17bda","signature_hex":"07169136d1cb1ad4011eecda9deefcb04ddde4e21aeb1d6c1d8cc1c3acbebe012a385791ab1e5b9fe5b14dee3e037072949c52cf273559975ba49f4e1d9a8701","public_key_hex":"c2f8243b0d573587f285c830a868acd19249d17d59ecbf9329e796dfed6fb630"}
{"seq":105,"ts":1780743600000,"agent_id":"swarm","symbol":"ETHUSDT","side":"buy","price":1558.3359078629817,"quantity":0.6120320083607158,"notional_usd":953.75145539,"fee_usd":0.572250873234,"balance_before_usd":9968.770033729752,"balance_after_usd":9967.961594892096,"decision":"ALLOW","cert_hash":"39f76455becc6a6accfc896214b4fc48b81483a89f2171d0a6473a1df38d259f","prev_hash":"074f16a5607a115f8a549c9d8e8b00e6d240e290eb32b06e8039dad3dff17bda","record_hash":"99d3698494ab2c06ef1a77235a0ce773e726d557a25d74fc6fdb65ed12fd6346","signature_hex":"3182c38aef6012564ce953b361740a89dba42f98a00d3cd3e2fa5ef2d113be24d4f896917ee2d26b4b3c791c2d5655477e5d70d578ee6e21d2aa802af990f004","public_key_hex":"c2f8243b0d573587f285c830a868acd19249d17d59ecbf9329e796dfed6fb630"}
{"seq":106,"ts":1780930800000,"agent_id":"swarm","symbol":"ETHUSDT","side":"buy","price":1690.9989063593937,"quantity":0.5650360627417991,"notional_usd":955.47536415,"fee_usd":0.57328521849,"balance_before_usd":9967.941424138986,"balance_after_usd":9967.131441720527,"decision":"ALLOW","cert_hash":"96d1e54e33e6ec7a05b130198bc832dc6a116ea4eea07375c2e7e2dd5f0d3643","prev_hash":"99d3698494ab2c06ef1a77235a0ce773e726d557a25d74fc6fdb65ed12fd6346","record_hash":"c0aef963035311fe9b3b331fe15696be871d3fb65dd0f3631a29a2c77e29bdc6","signature_hex":"f301aa1a52fe9b04123096838eefe6d439e1a6086327c44497f0fe0f77977d0b0f64cc250b798b7202178e10a8b2496cc4efef134b7d284dbd808b097e976203","public_key_hex":"c2f8243b0d573587f285c830a868acd19249d17d59ecbf9329e796dfed6fb630"}
{"seq":107,"ts":1780941600000,"agent_id":"swarm","symbol":"ETHUSDT","side":"sell","price":1683.2232345351276,"quantity":0.5650243261659017,"notional_usd":951.06207388,"fee_usd":0.570637244328,"balance_before_usd":9963.231092495624,"balance_after_usd":9962.424972625338,"decision":"ALLOW","cert_hash":"218c239e05741d2b7f79eb3e77b787f78c36a8a5c30d798e1c39a3f89065e935","prev_hash":"c0aef963035311fe9b3b331fe15696be871d3fb65dd0f3631a29a2c77e29bdc6","record_hash":"f6b903b845e9e139f4baeed761b37087bceb9863760759d7c93a38230a35619f","signature_hex":"e87700a1e0317bb1bef8c41031e2680a10d9ee3456f8d4ac8f0168532ee0a559210d7e52e2b643043b5f970663d85ff38a50412ddb7f52ac1c957a0cfdd90604","public_key_hex":"c2f8243b0d573587f285c830a868acd19249d17d59ecbf9329e796dfed6fb630"}
{"seq":108,"ts":1781524800000,"agent_id":"swarm","symbol":"ETHUSDT","side":"buy","price":1777.1146953783864,"quantity":0.5658845617029108,"notional_usd":1005.64177049,"fee_usd":0.603385062294,"balance_before_usd":9962.412063120979,"balance_after_usd":9961.557031809396,"decision":"ALLOW","cert_hash":"5efe6fc335a78ffeaa7f3613f6bf12de99ab0b5d6917b965fbbce1844020b7ba","prev_hash":"f6b903b845e9e139f4baeed761b37087bceb9863760759d7c93a38230a35619f","record_hash":"8e32da8a8f064531eb98708fa70cb5c7218a622d5195ff15c474f2ec2021e2ef","signature_hex":"973e7eca4752591b52284c13500a420d1ff9b16bcb486b735946ec5f4b8c6fa950d332547f836f531d6de876a81ded0793559854452ff73cef09e82d4b6e9705","public_key_hex":"c2f8243b0d573587f285c830a868acd19249d17d59ecbf9329e796dfed6fb630"}
{"seq":109,"ts":1781535600000,"agent_id":"swarm","symbol":"ETHUSDT","side":"buy","price":1844.9552596485391,"quantity":0.15471971432216622,"notional_usd":285.45095071,"fee_usd":0.171270570426,"balance_before_usd":9999.965439255777,"balance_after_usd":9999.733014225445,"decision":"ALLOW","cert_hash":"18907500878769199b0d04e1bcff74e285af85ba32b214cf9ac4991eee6b550d","prev_hash":"8e32da8a8f064531eb98708fa70cb5c7218a622d5195ff15c474f2ec2021e2ef","record_hash":"e9e56943a93e2f93a073494310b36147c3e672265d837a8f313c64eb67863add","signature_hex":"ca81529a7fbbc3de996be73ac11a4268eca91536adce4ae9d3135cfaf11b4ad88bd5718d4841383ed2a5a09eac7e6b74acd55944062c7bb7af18534832b53809","public_key_hex":"c2f8243b0d573587f285c830a868acd19249d17d59ecbf9329e796dfed6fb630"}
{"seq":110,"ts":1781564400000,"agent_id":"swarm","symbol":"ETHUSDT","side":"sell","price":1794.7048269688207,"quantity":0.16249775922905374,"notional_usd":291.63551286,"fee_usd":0.17498130771599998,"balance_before_usd":9964.08898603392,"balance_after_usd":9963.85141497172,"decision":"ALLOW","cert_hash":"40575d459e04d4e64cd256a99fc95e10b9ba259a1be23f9efae758db3af14551","prev_hash":"e9e56943a93e2f93a073494310b36147c3e672265d837a8f313c64eb67863add","record_hash":"c6c98bc46092727cff1a24a5c3ceb49636ac8487c8dbffe97b4ab4bac744adbf","signature_hex":"25739b9db7b5a96a9cec49d92b4f7a7c6f6eadaff41f5fbfa2bb790b618c19315b78c13c72572aaf4c966be33a1c59362f2e4f6d1d66ac6ec77eaf7ea962bc00","public_key_hex":"c2f8243b0d573587f285c830a868acd19249d17d59ecbf9329e796dfed6fb630"}
{"seq":111,"ts":1781568000000,"agent_id":"swarm","symbol":"ETHUSDT","side":"sell","price":1788.2530275571964,"quantity":0.5581061149346095,"notional_usd":998.03494973,"fee_usd":0.598820969838,"balance_before_usd":9960.208161341869,"balance_after_usd":9959.359882318495,"decision":"ALLOW","cert_hash":"3c9be7e4a366f1da80e6fa3aa872ee2266730eb05bcabed5bf05e8420ab77b86","prev_hash":"c6c98bc46092727cff1a24a5c3ceb49636ac8487c8dbffe97b4ab4bac744adbf","record_hash":"7bb980740470583e5bf1e4e6d249d9a6edb277b7dc3ad47614a279c6710db755","signature_hex":"29deb35456c54a457dac621a975d3cf92ce8b712d2e281d82ad588cd3cbc47cbe9caea72f242e5f82966cfdcb5610c81017a2f9e7a25e0eef517a68d102ce500","public_key_hex":"c2f8243b0d573587f285c830a868acd19249d17d59ecbf9329e796dfed6fb630"}
